3410 5180
673 309 683 332 '
735 343 801 426 me

220 543 300 640 Peg.
338 551 413 619 147.
453 549 481 616 l.
517 551 571 616 εὀὶν
605 551 662 627 μὲν
694 551 781 628 ὑμεῖς
814 546 1003 626 ὁμοθυμαδὸν
1040 545 1087 634 [ἔκ
1119 550 1195 625 μιᾶς
1222 533 1361 628 γνιίμης]

176 658 330 725 Φίλιππον
362 656 537 742 ἀμύνησθε,
566 657 773 722 manifestum
805 661 837 722 et
867 654 1016 740 putidum
1047 652 1207 718 emblema
1234 650 1365 715 tandem

175 763 345 849 aliquando
367 763 573 848 expellamus.
618 761 704 828 Satis
726 769 840 829 notum
863 765 895 825 et
918 760 1064 845 frequens
1088 763 1135 824 est
1158 753 1365 834 θμοθνμαδθν,

175 875 213 934 ut
243 867 301 934 tali
332 869 549 934 additamento
578 889 682 933 carere
711 871 821 954 possit.
849 887 919 952 pag.
945 863 1021 931 188.
1047 863 1101 929 18.
1125 864 1151 929 εί
1176 860 1366 942 ὁμοθυμαδὸν

176 971 208 1049 ἦν
232 974 317 1051 μετά
342 973 465 1038 πάντων
489 973 641 1039 ἐπιθέσθαι
666 973 756 1052 μθνῳ.

220 1079 319 1146 Video
349 1078 550 1146 Dindorfium
582 1100 705 1165 quoque
736 1083 771 1144 in
802 1081 925 1145 minore
956 1078 1093 1144 editione
1124 1076 1284 1164 glossema
1315 1094 1366 1138 ex-

174 1206 336 1272 punxisse.

220 1379 299 1468 Peg.
334 1379 409 1445 153.
442 1380 496 1446 21.
531 1382 556 1445 οί
583 1381 667 1445 κατά
691 1381 745 1455 την
768 1380 879 1444 Ἀσίαν
901 1377 1063 1459 σατράπαι
1089 1376 1220 1455 -ξένους
1250 1377 1367 1466 [μισθο-

177 1485 298 1573 Φθρους]
326 1485 558 1565 εἰσπέμψαντες
581 1487 737 1552 ἕιαίλυσαν
760 1488 1024 1564 ἐκπολιορκηθῆναι
1049 1483 1196 1564 Πέρινθον.
1246 1483 1366 1548 Milites

177 1591 306 1655 mercede
335 1594 489 1657 conduceres
520 1593 729 1659 Athenienses
761 1613 825 1658 non
859 1590 1058 1672 μισθοφόρους
1094 1588 1279 1676 appellant,
1314 1587 1368 1652 sed

176 1696 339 1762 blandiore
357 1703 389 1763 et
408 1699 586 1764 honestiore
605 1703 732 1765 nomine
751 1696 870 1776 ξένους,
892 1697 976 1762 unde
994 1695 1184 1782 ξενολογεῖν,
1206 1694 1364 1772 ξεναγεῖν,

177 1799 303 1880 ξεναγοί
325 1803 485 1870 dicuntur.

220 1907 337 1975 Multis
367 1909 445 1975 loeis
475 1911 564 1977 scioli
593 1911 650 1976 ubi
677 1931 713 1977 eo
736 1931 829 1976 sensu
853 1907 929 1984 ξένοι
955 1912 1248 1974 commemorantur
1270 1927 1366 1971 suum

176 2014 351 2095 μισθοφόρον
381 2015 581 2094 adscribunt,
614 2017 698 2102 quod
728 2017 803 2102 quia
833 2036 943 2081 omnes
974 2013 1049 2090 ξένοι
1082 2020 1157 2079 sunt
1189 2012 1365 2094 μισθοφόροι

176 2125 292 2190 vitiose
315 2121 464 2186 abundat.

222 2301 303 2388 Peg.
337 2299 413 2365 155.
443 2298 495 2365 12.
520 2305 579 2365 τῶν
601 2299 658 2377 μὲν
682 2307 806 2366 πολλῶν
829 2301 884 2365 ἐάν
908 2299 1033 2382 άμάρτη
1056 2324 1103 2373 τις
1128 2298 1257 2379 ζημίΑΟ
1281 2299 1367 2365 κατά

177 2407 232 2480 τὴν
255 2403 348 2482 άξίαν
370 2405 508 2487 είληφεν.
556 2408 608 2471 Sie
632 2405 654 2472 8
677 2427 734 2492 pro
757 2406 883 2488 ζημίαν.
932 2406 1147 2494 Inoongruum
1177 2413 1225 2472 est
1251 2406 1369 2492 perfee-

177 2517 250 2577 tum
273 2511 401 2591 είληφεν
424 2533 525 2598 neque
547 2517 631 2577 reete
650 2512 746 2578 habet
765 2513 880 2594 ζημίαν
900 2512 1077 2590 λαμβάνειν
1098 2533 1155 2598 pro
1174 2511 1367 2592 ζημιοῦσθαι.

178 2614 327 2703 Suspicor
356 2616 435 2683 olim
462 2618 560 2689 fuisse
583 2617 698 2698 ζημίας
721 2619 807 2683 κατά
832 2620 887 2694 την
911 2616 1003 2693 άξίαν
1024 2618 1226 2691 ”ΕΤΤΧΕΝ,
1254 2617 1367 2683 deinde

178 2744 279 2809 quum
302 2721 414 2805 ἔτυχεν
439 2723 644 2810 expalluisset
667 2730 723 2789 aut
747 2724 811 2790 alia
834 2746 896 2811 qua
919 2725 958 2790 de
981 2745 1075 2790 eausa
1097 2744 1160 2790 non
1183 2726 1261 2790 satis
1284 2745 1368 2789 eom-

176 2828 271 2894 mode
294 2827 361 2915 legi
384 2835 507 2914 posset,
531 2849 549 2894 a
573 2839 745 2896 correctore
770 2821 934 2910 ΕίληφθΝ
960 2851 1027 2896 esse
1050 2830 1245 2916 suppletum.

223 2936 344 3008 Ζημίας
377 2931 488 3013 ἔτυχεν
520 2939 569 2998 est
592 2933 755 3014 ἐζημιώθη,
779 2941 818 3000 ut
840 2938 959 3022 passim
982 2937 1157 3015 τυγχάνειν
1180 2938 1309 3022 ponitur
1331 2937 1366 3000 in

177 3041 268 3106 verbi
290 3042 409 3126 passivi
431 3039 618 3125 periphrasi.
643 3043 689 3106 sie
713 3028 852 3114 ίααιίασί,
876 3043 1083 3118 ἐπαινεῖσθαι,
1104 3041 1222 3106 dicitur
1245 3042 1369 3105 ἐπαίνου

177 3144 367 3226 τυγχάνειν,
399 3145 582 3228 vituperari,
613 3146 787 3225 ψέγεσθαι.
809 3149 910 3225 ψόγου
935 3146 1126 3226 τυγχάνειν,
1153 3152 1185 3212 et
1208 3149 1253 3211 sie
1276 3153 1369 3224 τιμῆς

177 3252 368 3334 τυγχάνειν,
393 3249 579 3329 συγγνώμης
605 3252 791 3334 τυγχάνειν,
816 3258 848 3318 et
870 3252 976 3318 multa
998 3251 1119 3317 similia
1142 3252 1301 3318 dicuntur.

222 3431 303 3514 Peg.
338 3427 412 3494 156.
439 3427 500 3522 ¹20.
532 3431 655 3501 πλείους
687 3431 834 3512 άφορμάς
868 3431 940 3510 πρὸς
972 3433 1027 3504 την
1058 3437 1117 3496 τῶν
1152 3435 1222 3496 θεῶν
1257 3429 1372 3495 εὔνοιαν

179 3536 302 3618 ἔχομεν.
370 3533 479 3600 Solent
514 3537 722 3602 Athenienses
758 3543 936 3603 constanter
971 3539 1026 3613 την
1057 3548 1172 3603 ΠΛΡΛ
1207 3543 1265 3601 τῶν
1302 3537 1371 3600 θεῶν

142 3629 145 3636 ’
180 3642 296 3707 εὔνοιαν
320 3661 449 3716 vocare,
473 3647 512 3706 ut
533 3642 616 3708 infra
638 3643 849 3708 ostendemus.
884 3641 982 3708 Reete
1001 3643 1123 3730 legitur
1142 3662 1216 3730 pag.
1238 3641 1293 3705 24.
1316 3641 1371 3705 20.

180 3749 264 3813 unde
293 3746 371 3812 haee
403 3753 510 3812 sumta
541 3754 633 3812 sunt:
666 3749 746 3812 πολὺ
777 3748 841 3828 γάρ
872 3750 995 3818 πλείους
1020 3751 1167 3827 άφορμάς
1191 3750 1233 3820 είς
1258 3747 1293 3812 τθ
1318 3749 1373 3822 την

180 3853 268 3934 παρά
287 3853 434 3916 τῶνθεῶν
455 3851 571 3918 εὔνοιαν
590 3851 675 3934 ἔχειν
694 3856 746 3934 ὁρῶ
770 3855 840 3931 ὑμῖν
860 3853 954 3928 οὔσας
976 3858 1050 3943 (non
1070 3854 1207 3941 ἐνούσας)
1229 3855 1371 3934 ἣὲκείνιρ.

225 4031 306 4121 Peg.
333 4029 408 4097 179.
434 4029 487 4095 15.
512 4032 526 4096 θ
550 4033 607 4109 μὲν
626 4069 668 4080 -
684 4032 839 4112 χρήματα
862 4032 949 4097 δώσει
969 4032 1048 4098 τισίν
1069 4035 1168 4098 αὐτῶν
1189 4032 1241 4097 καί
1262 4036 1372 4116 φιλίαν

180 4145 413 4219 προτενεῐΤΑΙ,
435 4138 559 4222 requiro
580 4147 733 4217 προτενεῒ,
756 4144 793 4203 ut
813 4140 976 4218 προτείνειν
994 4140 1048 4214 την
1069 4148 1178 4218 χεῖρα,
1200 4141 1255 4215 την
1271 4137 1373 4215 δεξιάν

179 4252 212 4311 et
242 4242 364 4310 similia
394 4243 561 4320 dicuntur,
594 4251 626 4310 et
657 4244 821 4321 προτείνειν
854 4245 936 4312 πίςιν
969 4266 1041 4334 pag.
1070 4244 1147 4310 659.
1171 4244 1203 4310 8.
1228 4245 1268 4310 of.
1293 4246 1371 4311 Nov.

179 4351 272 4415 lectt.
304 4369 378 4436 pag.
411 4347 487 4413 601.
536 4349 609 4415 Non
633 4349 781 4415 differunt
804 4349 1034 4438 significatione
1057 4351 1219 4431 προτείνειν
1244 4358 1276 4417 et
1300 4376 1372 4433 προ-

177 4456 330 4540 βάλλειν,
364 4459 402 4520 ut
432 4456 466 4519 iu
499 4460 610 4539 γρῖφον
640 4454 834 4538 προβάλλειν
856 4457 924 4523 sive
948 4458 1122 4539 προτείνειν.
1171 4455 1262 4524 Idem
1286 4479 1373 4554 men·
