<?xml version="1.0" encoding="UTF-8"?>
<!DOCTYPE html PUBLIC "-//W3C//DTD XHTML 1.0 Transitional//EN"
    "http://www.w3.org/TR/xhtml1/DTD/xhtml1-transitional.dtd">
<html xmlns="http://www.w3.org/1999/xhtml" xml:lang="en" lang="en">
 <head>
  <title>
</title>
<meta http-equiv="Content-Type" content="text/html;charset=utf-8" />
  <meta name='ocr-system' content='tesseract 3.04.00' />
  <meta name='ocr-capabilities' content='ocr_page ocr_carea ocr_par ocr_line ocrx_word'/>
</head>
<body>
  <div class='ocr_page' id='page_1' title='image "./miscellaneacrit01cobegoog_0326.png"; bbox 0 0 3404 5192; ppageno 0'>
   <div class='ocr_carea' id='block_1_1' title="bbox 190 605 1385 1328">
    <p class='ocr_par' dir='ltr' id='par_1_1' title="bbox 190 605 1385 1328">
     <span class='ocr_line' id='line_1_1' title="bbox 191 605 1384 695; baseline 0.001 -22"><span class='ocrx_word' id='word_1_1' title='bbox 191 610 224 674; x_wconf 88' lang='lat' dir='ltr'><strong>et</strong></span> <span class='ocrx_word' id='word_1_2' title='bbox 254 606 499 693; x_wconf 76' lang='lat' dir='ltr'><strong>Aristophanem</strong></span> <span class='ocrx_word' id='word_1_3' title='bbox 530 609 563 673; x_wconf 90' lang='lat' dir='ltr'><strong>et</strong></span> <span class='ocrx_word' id='word_1_4' title='bbox 593 627 718 685; x_wconf 89' lang='lat' dir='ltr'><strong>omnes,</strong></span> <span class='ocrx_word' id='word_1_5' title='bbox 752 611 808 695; x_wconf 89' lang='lat' dir='ltr'><strong>qui</strong></span> <span class='ocrx_word' id='word_1_6' title='bbox 840 618 878 692; x_wconf 79' lang='grc' dir='ltr'><strong>σή</strong></span> <span class='ocrx_word' id='word_1_7' title='bbox 910 606 1031 691; x_wconf 63' lang='lat' dir='ltr'><strong>Arxata</strong></span> <span class='ocrx_word' id='word_1_8' title='bbox 1061 605 1177 673; x_wconf 84' lang='grc' dir='ltr'><strong><em>Ἀτθθθν</em></strong></span> <span class='ocrx_word' id='word_1_9' title='bbox 1202 609 1384 674; x_wconf 87' lang='lat' dir='ltr'><strong>utebantur.</strong></span> 
     </span>
     <span class='ocr_line' id='line_1_2' title="bbox 190 713 1385 800; baseline 0 -22"><span class='ocrx_word' id='word_1_10' title='bbox 190 713 301 800; x_wconf 91' lang='lat' dir='ltr'><strong>Itaque</strong></span> <span class='ocrx_word' id='word_1_11' title='bbox 334 714 404 795; x_wconf 86' lang='grc' dir='ltr'><strong><em>τήθη</em></strong></span> <span class='ocrx_word' id='word_1_12' title='bbox 438 715 473 778; x_wconf 92' lang='lat' dir='ltr'><strong>in</strong></span> <span class='ocrx_word' id='word_1_13' title='bbox 508 717 603 780; x_wconf 89' lang='lat' dir='ltr'><strong>tertia</strong></span> <span class='ocrx_word' id='word_1_14' title='bbox 634 735 790 800; x_wconf 82' lang='lat' dir='ltr'><strong>nusquam</strong></span> <span class='ocrx_word' id='word_1_15' title='bbox 823 715 990 780; x_wconf 86' lang='lat' dir='ltr'><strong>terendum</strong></span> <span class='ocrx_word' id='word_1_16' title='bbox 1021 713 1298 799; x_wconf 87' lang='lat' dir='ltr'><strong>reponendumque</strong></span> <span class='ocrx_word' id='word_1_17' title='bbox 1328 718 1385 779; x_wconf 90' lang='lat' dir='ltr'><strong>aut</strong></span> 
     </span>
     <span class='ocr_line' id='line_1_3' title="bbox 190 812 1384 902; baseline 0 -18"><span class='ocrx_word' id='word_1_18' title='bbox 190 819 273 900; x_wconf 79' lang='grc' dir='ltr'><strong><em>τήθεε</em></strong></span> <span class='ocrx_word' id='word_1_19' title='bbox 305 823 361 884; x_wconf 82' lang='lat' dir='ltr'><strong>aut</strong></span> <span class='ocrx_word' id='word_1_20' title='bbox 390 819 484 901; x_wconf 79' lang='grc' dir='ltr'><strong><em>τήθεν,</em></strong></span> <span class='ocrx_word' id='word_1_21' title='bbox 517 819 620 885; x_wconf 83' lang='lat' dir='ltr'><strong>veluti</strong></span> <span class='ocrx_word' id='word_1_22' title='bbox 652 831 690 884; x_wconf 91' lang='lat' dir='ltr'><strong>A.</strong></span> <span class='ocrx_word' id='word_1_23' title='bbox 725 817 780 885; x_wconf 98' lang='grc'><strong>70.</strong></span> <span class='ocrx_word' id='word_1_24' title='bbox 814 812 844 893; x_wconf 77' lang='grc' dir='ltr'><strong>ὃς</strong></span> <span class='ocrx_word' id='word_1_25' title='bbox 876 821 951 902; x_wconf 84' lang='grc' dir='ltr'><strong><em>τήθεν</em></strong></span> <span class='ocrx_word' id='word_1_26' title='bbox 984 819 1027 884; x_wconf 78' lang='lat' dir='ltr'><strong>rot</strong></span> <span class='ocrx_word' id='word_1_27' title='bbox 1058 819 1088 883; x_wconf 89' lang='grc' dir='ltr'><strong><em>τ’</em></strong></span> <span class='ocrx_word' id='word_1_28' title='bbox 1122 817 1222 884; x_wconf 88' lang='grc' dir='ltr'><strong><em>ε’θντα.</em></strong></span> <span class='ocrx_word' id='word_1_29' title='bbox 1249 831 1282 884; x_wconf 88' lang='grc' dir='ltr'><strong>Β.</strong></span> <span class='ocrx_word' id='word_1_30' title='bbox 1306 817 1384 885; x_wconf 90' lang='grc'><strong>213.</strong></span> 
     </span>
     <span class='ocr_line' id='line_1_4' title="bbox 191 922 1383 1007; baseline 0.001 -19"><span class='ocrx_word' id='word_1_31' title='bbox 191 922 318 1003; x_wconf 80' lang='grc' dir='ltr'><strong><em>θασσμνθ</em></strong></span> <span class='ocrx_word' id='word_1_32' title='bbox 352 947 388 988; x_wconf 84' lang='grc' dir='ltr'><strong><em>τε</em></strong></span> <span class='ocrx_word' id='word_1_33' title='bbox 423 925 527 990; x_wconf 78' lang='grc' dir='ltr'><strong><em>τολλαθ</em></strong></span> <span class='ocrx_word' id='word_1_34' title='bbox 562 950 598 989; x_wconf 83' lang='grc' dir='ltr'><strong><em>τε</em></strong></span> <span class='ocrx_word' id='word_1_35' title='bbox 631 925 735 1007; x_wconf 82' lang='grc' dir='ltr'><strong><em>τήθΕΙ.</em></strong></span> <span class='ocrx_word' id='word_1_36' title='bbox 772 932 804 992; x_wconf 88' lang='lat' dir='ltr'><strong>et</strong></span> <span class='ocrx_word' id='word_1_37' title='bbox 838 936 875 992; x_wconf 91' lang='lat' dir='ltr'><strong>E.</strong></span> <span class='ocrx_word' id='word_1_38' title='bbox 912 924 966 991; x_wconf 86' lang='lat'><strong>64.</strong></span> <span class='ocrx_word' id='word_1_39' title='bbox 1004 924 1149 1007; x_wconf 73' lang='grc' dir='ltr'><strong><em>θέσφατα</em></strong></span> <span class='ocrx_word' id='word_1_40' title='bbox 1181 926 1268 1006; x_wconf 69' lang='grc' dir='ltr'><strong><em>τήθεα.</em></strong></span> <span class='ocrx_word' id='word_1_41' title='bbox 1307 923 1383 990; x_wconf 87' lang='grc'><strong>326.</strong></span> 
     </span>
     <span class='ocr_line' id='line_1_5' title="bbox 191 1023 1383 1118; baseline -0.001 -22"><span class='ocrx_word' id='word_1_42' title='bbox 191 1028 284 1111; x_wconf 57' lang='lat' dir='ltr'><strong>aare</strong></span> <span class='ocrx_word' id='word_1_43' title='bbox 306 1029 395 1112; x_wconf 74' lang='grc' dir='ltr'><strong><em>τήθεα</em></strong></span> <span class='ocrx_word' id='word_1_44' title='bbox 422 1029 557 1118; x_wconf 30' lang='lat' dir='ltr'>z.·351.</span> <span class='ocrx_word' id='word_1_45' title='bbox 584 1023 614 1104; x_wconf 76' lang='grc' dir='ltr'><strong>ὃς</strong></span> <span class='ocrx_word' id='word_1_46' title='bbox 639 1032 727 1114; x_wconf 84' lang='grc' dir='ltr'><strong><em>τήθεν.</em></strong></span> <span class='ocrx_word' id='word_1_47' title='bbox 751 1043 792 1097; x_wconf 95' lang='grc' dir='ltr'><strong>Λ.</strong></span> <span class='ocrx_word' id='word_1_48' title='bbox 818 1031 895 1097; x_wconf 90' lang='grc'><strong>330.</strong></span> <span class='ocrx_word' id='word_1_49' title='bbox 919 1033 1001 1115; x_wconf 81' lang='grc' dir='ltr'><strong><em>τήθεε</em></strong></span> <span class='ocrx_word' id='word_1_50' title='bbox 1025 1031 1231 1109; x_wconf 78' lang='grc' dir='ltr'><strong>μαντοσύνας.</strong></span> <span class='ocrx_word' id='word_1_51' title='bbox 1250 1041 1282 1096; x_wconf 90' lang='grc' dir='ltr'><strong>Ρ.</strong></span> <span class='ocrx_word' id='word_1_52' title='bbox 1305 1028 1383 1096; x_wconf 87' lang='grc'><strong>402.</strong></span> 
     </span>
     <span class='ocr_line' id='line_1_6' title="bbox 190 1136 1383 1221; baseline -0.001 -18"><span class='ocrx_word' id='word_1_53' title='bbox 190 1139 274 1218; x_wconf 85' lang='grc' dir='ltr'><strong><em>τήθεε</em></strong></span> <span class='ocrx_word' id='word_1_54' title='bbox 298 1136 475 1216; x_wconf 71' lang='grc' dir='ltr'><strong><em>Πάτροκλον</em></strong></span> <span class='ocrx_word' id='word_1_55' title='bbox 497 1137 675 1212; x_wconf 73' lang='grc' dir='ltr'><strong>τεθνηκότα.</strong></span> <span class='ocrx_word' id='word_1_56' title='bbox 696 1148 736 1204; x_wconf 91' lang='grc' dir='ltr'><strong>Τ.</strong></span> <span class='ocrx_word' id='word_1_57' title='bbox 760 1137 836 1204; x_wconf 86' lang='lat'>115.</span> <span class='ocrx_word' id='word_1_58' title='bbox 859 1140 953 1221; x_wconf 84' lang='grc' dir='ltr'><strong><em>τήθενν</em></strong></span> <span class='ocrx_word' id='word_1_59' title='bbox 972 1139 1102 1219; x_wconf 85' lang='grc' dir='ltr'><strong><em>θφθθμην</em></strong></span> <span class='ocrx_word' id='word_1_60' title='bbox 1121 1136 1249 1216; x_wconf 75' lang='grc' dir='ltr'><strong><em>ἄλοχον.</em></strong></span> <span class='ocrx_word' id='word_1_61' title='bbox 1271 1139 1307 1215; x_wconf 81' lang='grc' dir='ltr'><strong>β.</strong></span> <span class='ocrx_word' id='word_1_62' title='bbox 1330 1137 1383 1206; x_wconf 90' lang='grc'><strong>17.</strong></span> 
     </span>
     <span class='ocr_line' id='line_1_7' title="bbox 192 1234 1382 1328; baseline 0 -20"><span class='ocrx_word' id='word_1_63' title='bbox 192 1243 287 1323; x_wconf 79' lang='grc' dir='ltr'><strong><em>μνρθα</em></strong></span> <span class='ocrx_word' id='word_1_64' title='bbox 319 1242 405 1326; x_wconf 84' lang='grc' dir='ltr'><strong><em>τήθεν.</em></strong></span> <span class='ocrx_word' id='word_1_65' title='bbox 440 1242 513 1309; x_wconf 86' lang='grc'><strong>108.</strong></span> <span class='ocrx_word' id='word_1_66' title='bbox 547 1234 564 1316; x_wconf 73' lang='grc' dir='ltr'><strong><em>ἣ</em></strong></span> <span class='ocrx_word' id='word_1_67' title='bbox 595 1243 687 1324; x_wconf 82' lang='grc' dir='ltr'><strong><em>σθφα</em></strong></span> <span class='ocrx_word' id='word_1_68' title='bbox 712 1244 798 1328; x_wconf 84' lang='grc' dir='ltr'><strong><em>τήθεν.</em></strong></span> <span class='ocrx_word' id='word_1_69' title='bbox 824 1269 844 1309; x_wconf 84' lang='grc' dir='ltr'><strong>ν.</strong></span> <span class='ocrx_word' id='word_1_70' title='bbox 872 1243 947 1310; x_wconf 89' lang='grc'><strong>189.</strong></span> <span class='ocrx_word' id='word_1_71' title='bbox 972 1243 1120 1321; x_wconf 78' lang='grc' dir='ltr'><strong><em>θθεμθςτα</em></strong></span> <span class='ocrx_word' id='word_1_72' title='bbox 1144 1243 1230 1325; x_wconf 73' lang='grc' dir='ltr'><strong><em>τήθεα.</em></strong></span> <span class='ocrx_word' id='word_1_73' title='bbox 1256 1267 1281 1324; x_wconf 80' lang='grc' dir='ltr'><strong>ρ.</strong></span> <span class='ocrx_word' id='word_1_74' title='bbox 1306 1241 1382 1308; x_wconf 87' lang='grc'><strong>317.</strong></span> 
     </span>
    </p>
   </div>
   <div class='ocr_carea' id='block_1_2' title="bbox 189 1340 1385 4600">
    <p class='ocr_par' dir='ltr' id='par_1_2' title="bbox 191 1340 1385 1861">
     <span class='ocr_line' id='line_1_8' title="bbox 193 1340 1382 1432; baseline -0.003 -16"><span class='ocrx_word' id='word_1_75' title='bbox 193 1349 347 1430; x_wconf 81' lang='grc' dir='ltr'><strong><em>τερντήθετ.</em></strong></span> <span class='ocrx_word' id='word_1_76' title='bbox 375 1355 412 1419; x_wconf 74' lang='grc' dir='ltr'><strong><em>θ.</em></strong></span> <span class='ocrx_word' id='word_1_77' title='bbox 439 1347 515 1414; x_wconf 88' lang='grc'><strong>220.</strong></span> <span class='ocrx_word' id='word_1_78' title='bbox 543 1351 568 1414; x_wconf 82' lang='lat' dir='ltr'><strong>si</strong></span> <span class='ocrx_word' id='word_1_79' title='bbox 592 1349 685 1432; x_wconf 80' lang='grc' dir='ltr'><strong><em>τήθενν</em></strong></span> <span class='ocrx_word' id='word_1_80' title='bbox 705 1347 723 1415; x_wconf 84' lang='grc' dir='ltr'><strong><em>θ’</em></strong></span> <span class='ocrx_word' id='word_1_81' title='bbox 739 1374 793 1428; x_wconf 80' lang='grc' dir='ltr'><strong>μιν</strong></span> <span class='ocrx_word' id='word_1_82' title='bbox 813 1347 912 1424; x_wconf 79' lang='grc' dir='ltr'><strong><em>αὖτις.</em></strong></span> <span class='ocrx_word' id='word_1_83' title='bbox 934 1356 966 1416; x_wconf 79' lang='lat' dir='ltr'><strong>et</strong></span> <span class='ocrx_word' id='word_1_84' title='bbox 985 1374 1016 1415; x_wconf 84' lang='grc' dir='ltr'><strong>ω.</strong></span> <span class='ocrx_word' id='word_1_85' title='bbox 1041 1349 1116 1414; x_wconf 81' lang='lat'>144.</span> <span class='ocrx_word' id='word_1_86' title='bbox 1138 1340 1155 1423; x_wconf 80' lang='grc' dir='ltr'><strong><em>ή</em></strong></span> <span class='ocrx_word' id='word_1_87' title='bbox 1176 1349 1269 1429; x_wconf 81' lang='grc' dir='ltr'><strong><em>σθφα</em></strong></span> <span class='ocrx_word' id='word_1_88' title='bbox 1288 1350 1382 1431; x_wconf 81' lang='grc' dir='ltr'><strong><em>τήθεν,</em></strong></span> 
     </span>
     <span class='ocr_line' id='line_1_9' title="bbox 192 1453 1384 1543; baseline 0 -23"><span class='ocrx_word' id='word_1_89' title='bbox 192 1455 308 1542; x_wconf 90' lang='lat' dir='ltr'><strong>quibus</strong></span> <span class='ocrx_word' id='word_1_90' title='bbox 337 1453 415 1520; x_wconf 88' lang='lat' dir='ltr'><strong>locis</strong></span> <span class='ocrx_word' id='word_1_91' title='bbox 445 1456 593 1520; x_wconf 91' lang='lat' dir='ltr'><strong>omnibus</strong></span> <span class='ocrx_word' id='word_1_92' title='bbox 622 1457 705 1541; x_wconf 88' lang='lat' dir='ltr'><strong>apud</strong></span> <span class='ocrx_word' id='word_1_93' title='bbox 729 1456 915 1522; x_wconf 82' lang='lat' dir='ltr'><strong>Bekkerum</strong></span> <span class='ocrx_word' id='word_1_94' title='bbox 939 1455 1007 1538; x_wconf 88' lang='grc' dir='ltr'><strong><em>τήθη</em></strong></span> <span class='ocrx_word' id='word_1_95' title='bbox 1032 1477 1117 1521; x_wconf 87' lang='lat' dir='ltr'><strong>nunc</strong></span> <span class='ocrx_word' id='word_1_96' title='bbox 1140 1454 1275 1543; x_wconf 78' lang='lat' dir='ltr'><strong>legitur,</strong></span> <span class='ocrx_word' id='word_1_97' title='bbox 1301 1455 1384 1540; x_wconf 87' lang='lat' dir='ltr'><strong>quod</strong></span> 
     </span>
     <span class='ocr_line' id='line_1_10' title="bbox 191 1561 1382 1648; baseline 0.001 -22"><span class='ocrx_word' id='word_1_98' title='bbox 191 1561 320 1646; x_wconf 83' lang='lat' dir='ltr'><strong>perinde</strong></span> <span class='ocrx_word' id='word_1_99' title='bbox 351 1567 398 1626; x_wconf 83' lang='lat' dir='ltr'><strong>est</strong></span> <span class='ocrx_word' id='word_1_100' title='bbox 428 1563 582 1626; x_wconf 85' lang='lat' dir='ltr'><strong>vitiosum</strong></span> <span class='ocrx_word' id='word_1_101' title='bbox 613 1583 649 1628; x_wconf 86' lang='lat' dir='ltr'><strong>ec</strong></span> <span class='ocrx_word' id='word_1_102' title='bbox 676 1565 703 1626; x_wconf 93' lang='lat' dir='ltr'><strong>si</strong></span> <span class='ocrx_word' id='word_1_103' title='bbox 736 1565 791 1647; x_wconf 87' lang='lat' dir='ltr'><strong>qui</strong></span> <span class='ocrx_word' id='word_1_104' title='bbox 824 1583 881 1648; x_wconf 91' lang='lat' dir='ltr'><strong>pro</strong></span> <span class='ocrx_word' id='word_1_105' title='bbox 913 1563 1056 1636; x_wconf 76' lang='grc' dir='ltr'><strong><em>λελήθεν,</em></strong></span> <span class='ocrx_word' id='word_1_106' title='bbox 1090 1563 1224 1638; x_wconf 83' lang='grc' dir='ltr'><strong><em>θτώτεν,</em></strong></span> <span class='ocrx_word' id='word_1_107' title='bbox 1256 1563 1382 1638; x_wconf 73' lang='grc' dir='ltr'><strong>ὀλώλει,</strong></span> 
     </span>
     <span class='ocr_line' id='line_1_11' title="bbox 191 1667 1385 1749; baseline 0 -16"><span class='ocrx_word' id='word_1_108' title='bbox 191 1671 287 1747; x_wconf 77' lang='grc' dir='ltr'><strong><em>θριθρεν</em></strong></span> <span class='ocrx_word' id='word_1_109' title='bbox 325 1667 420 1732; x_wconf 84' lang='lat' dir='ltr'><strong>vellet</strong></span> <span class='ocrx_word' id='word_1_110' title='bbox 452 1668 576 1742; x_wconf 76' lang='grc' dir='ltr'><strong><em>λελήθΗ</em></strong></span> <span class='ocrx_word' id='word_1_111' title='bbox 612 1669 747 1734; x_wconf 83' lang='lat' dir='ltr'><strong>scribere</strong></span> <span class='ocrx_word' id='word_1_112' title='bbox 782 1675 814 1733; x_wconf 83' lang='lat' dir='ltr'><strong>et</strong></span> <span class='ocrx_word' id='word_1_113' title='bbox 845 1667 972 1745; x_wconf 80' lang='grc' dir='ltr'><strong><em>θτώτη,</em></strong></span> <span class='ocrx_word' id='word_1_114' title='bbox 1007 1668 1125 1746; x_wconf 72' lang='lat' dir='ltr'><strong>cacan,</strong></span> <span class='ocrx_word' id='word_1_115' title='bbox 1157 1668 1244 1749; x_wconf 84' lang='grc' dir='ltr'><strong><em>θρθνρη</em></strong></span> <span class='ocrx_word' id='word_1_116' title='bbox 1277 1674 1385 1733; x_wconf 85' lang='lat' dir='ltr'><strong>contra</strong></span> 
     </span>
     <span class='ocr_line' id='line_1_12' title="bbox 192 1773 686 1861; baseline 0.002 -22"><span class='ocrx_word' id='word_1_117' title='bbox 192 1773 373 1861; x_wconf 75' lang='lat' dir='ltr'><strong>analogiam</strong></span> <span class='ocrx_word' id='word_1_118' title='bbox 396 1777 428 1838; x_wconf 88' lang='lat' dir='ltr'><strong>at</strong></span> <span class='ocrx_word' id='word_1_119' title='bbox 451 1779 560 1838; x_wconf 84' lang='lat' dir='ltr'><strong>contra</strong></span> <span class='ocrx_word' id='word_1_120' title='bbox 578 1795 686 1840; x_wconf 90' lang='lat' dir='ltr'><strong>nsum.</strong></span> 
     </span>
    </p>

    <p class='ocr_par' dir='ltr' id='par_1_3' title="bbox 194 1879 1384 2067">
     <span class='ocr_line' id='line_1_13' title="bbox 236 1879 1384 1967; baseline 0.001 -23"><span class='ocrx_word' id='word_1_121' title='bbox 236 1879 368 1945; x_wconf 83' lang='lat' dir='ltr'><strong>Duobus</strong></span> <span class='ocrx_word' id='word_1_122' title='bbox 390 1879 475 1963; x_wconf 89' lang='lat' dir='ltr'><strong>apud</strong></span> <span class='ocrx_word' id='word_1_123' title='bbox 496 1879 676 1946; x_wconf 85' lang='lat' dir='ltr'><strong>Homerum</strong></span> <span class='ocrx_word' id='word_1_124' title='bbox 694 1880 773 1946; x_wconf 89' lang='lat' dir='ltr'><strong>locis</strong></span> <span class='ocrx_word' id='word_1_125' title='bbox 792 1885 955 1967; x_wconf 84' lang='lat' dir='ltr'><strong>comparet</strong></span> <span class='ocrx_word' id='word_1_126' title='bbox 970 1881 1073 1946; x_wconf 87' lang='lat' dir='ltr'><strong>torma</strong></span> <span class='ocrx_word' id='word_1_127' title='bbox 1092 1881 1204 1958; x_wconf 81' lang='grc' dir='ltr'><strong><em>ήτεθθης</em></strong></span> <span class='ocrx_word' id='word_1_128' title='bbox 1225 1887 1257 1947; x_wconf 87' lang='lat' dir='ltr'><strong>et</strong></span> <span class='ocrx_word' id='word_1_129' title='bbox 1279 1880 1384 1956; x_wconf 80' lang='grc' dir='ltr'><strong><em>ήτεθθη.</em></strong></span> 
     </span>
     <span class='ocr_line' id='line_1_14' title="bbox 194 1983 488 2067; baseline 0.007 -18"><span class='ocrx_word' id='word_1_130' title='bbox 194 1995 230 2049; x_wconf 88' lang='grc' dir='ltr'><strong>Χ.</strong></span> <span class='ocrx_word' id='word_1_131' title='bbox 255 1983 329 2050; x_wconf 88' lang='grc'><strong>280.</strong></span> <span class='ocrx_word' id='word_1_132' title='bbox 482 2057 488 2067; x_wconf 58' lang='grc'>,</span> 
     </span>
    </p>

    <p class='ocr_par' dir='ltr' id='par_1_4' title="bbox 192 2090 1225 2263">
     <span class='ocr_line' id='line_1_15' title="bbox 351 2090 1225 2174; baseline 0.001 -18"><span class='ocrx_word' id='word_1_133' title='bbox 351 2091 411 2156; x_wconf 80' lang='grc' dir='ltr'><strong><em>οὐθ’</em></strong></span> <span class='ocrx_word' id='word_1_134' title='bbox 434 2090 496 2171; x_wconf 75' lang='grc' dir='ltr'><strong>ἄρα</strong></span> <span class='ocrx_word' id='word_1_135' title='bbox 520 2093 566 2158; x_wconf 70' lang='lat' dir='ltr'><strong>orci</strong></span> <span class='ocrx_word' id='word_1_136' title='bbox 590 2115 620 2157; x_wconf 87' lang='grc' dir='ltr'><strong>σν</strong></span> <span class='ocrx_word' id='word_1_137' title='bbox 644 2094 700 2158; x_wconf 81' lang='grc' dir='ltr'><strong>Ἐκ</strong></span> <span class='ocrx_word' id='word_1_138' title='bbox 724 2096 796 2167; x_wconf 77' lang='grc' dir='ltr'><strong>Διὸς</strong></span> <span class='ocrx_word' id='word_1_139' title='bbox 817 2093 930 2168; x_wconf 79' lang='grc' dir='ltr'><strong><em>ήτεθθης</em></strong></span> <span class='ocrx_word' id='word_1_140' title='bbox 953 2093 1006 2159; x_wconf 85' lang='grc' dir='ltr'><strong>τθν</strong></span> <span class='ocrx_word' id='word_1_141' title='bbox 1030 2093 1102 2172; x_wconf 83' lang='grc' dir='ltr'><strong><em>ἐμθν</em></strong></span> <span class='ocrx_word' id='word_1_142' title='bbox 1125 2091 1225 2174; x_wconf 83' lang='grc' dir='ltr'><strong><em>μθρνν.</em></strong></span> 
     </span>
     <span class='ocr_line' id='line_1_16' title="bbox 192 2196 373 2263; baseline 0 -1"><span class='ocrx_word' id='word_1_143' title='bbox 192 2203 225 2262; x_wconf 89' lang='lat' dir='ltr'><strong>et</strong></span> <span class='ocrx_word' id='word_1_144' title='bbox 247 2221 269 2263; x_wconf 83' lang='grc' dir='ltr'><strong>ν.</strong></span> <span class='ocrx_word' id='word_1_145' title='bbox 295 2196 373 2262; x_wconf 89' lang='grc'><strong>206.</strong></span> 
     </span>
    </p>

    <p class='ocr_par' dir='ltr' id='par_1_5' title="bbox 189 2304 1385 3768">
     <span class='ocr_line' id='line_1_17' title="bbox 350 2304 884 2385; baseline 0.007 -17"><span class='ocrx_word' id='word_1_146' title='bbox 350 2304 417 2370; x_wconf 74' lang='lat' dir='ltr'><strong>cort</strong></span> <span class='ocrx_word' id='word_1_147' title='bbox 439 2329 485 2378; x_wconf 81' lang='grc' dir='ltr'><strong><em>τις</em></strong></span> <span class='ocrx_word' id='word_1_148' title='bbox 510 2305 604 2371; x_wconf 76' lang='grc' dir='ltr'><strong><em>αὐτὸν</em></strong></span> <span class='ocrx_word' id='word_1_149' title='bbox 628 2306 746 2381; x_wconf 82' lang='grc' dir='ltr'><strong><em>Ἧτεθθη</em></strong></span> <span class='ocrx_word' id='word_1_150' title='bbox 771 2306 884 2385; x_wconf 82' lang='grc' dir='ltr'><strong><em>θμθναν.</em></strong></span> 
     </span>
     <span class='ocr_line' id='line_1_18' title="bbox 192 2411 1384 2499; baseline 0.004 -26"><span class='ocrx_word' id='word_1_151' title='bbox 192 2430 271 2494; x_wconf 89' lang='lat' dir='ltr'><strong>quae</strong></span> <span class='ocrx_word' id='word_1_152' title='bbox 296 2430 357 2495; x_wconf 92' lang='lat' dir='ltr'><strong>quo</strong></span> <span class='ocrx_word' id='word_1_153' title='bbox 379 2415 472 2496; x_wconf 88' lang='lat' dir='ltr'><strong>pacto</strong></span> <span class='ocrx_word' id='word_1_154' title='bbox 494 2417 570 2478; x_wconf 87' lang='lat' dir='ltr'><strong>nata</strong></span> <span class='ocrx_word' id='word_1_155' title='bbox 594 2415 637 2478; x_wconf 89' lang='lat' dir='ltr'><strong>sit</strong></span> <span class='ocrx_word' id='word_1_156' title='bbox 659 2416 861 2499; x_wconf 88' lang='lat' dir='ltr'><strong>perspicuum</strong></span> <span class='ocrx_word' id='word_1_157' title='bbox 885 2420 940 2479; x_wconf 88' lang='lat' dir='ltr'><strong>est.</strong></span> <span class='ocrx_word' id='word_1_158' title='bbox 977 2413 1101 2498; x_wconf 89' lang='lat' dir='ltr'><strong>Nempe</strong></span> <span class='ocrx_word' id='word_1_159' title='bbox 1124 2414 1159 2476; x_wconf 91' lang='lat' dir='ltr'><strong>in</strong></span> <span class='ocrx_word' id='word_1_160' title='bbox 1183 2412 1294 2499; x_wconf 81' lang='lat' dir='ltr'><strong>lingua</strong></span> <span class='ocrx_word' id='word_1_161' title='bbox 1317 2411 1384 2479; x_wconf 74' lang='lat' dir='ltr'><strong>Hc</strong></span> 
     </span>
     <span class='ocr_line' id='line_1_19' title="bbox 191 2517 1383 2606; baseline 0.005 -26"><span class='ocrx_word' id='word_1_162' title='bbox 191 2518 311 2581; x_wconf 82' lang='lat' dir='ltr'><strong>metica</strong></span> <span class='ocrx_word' id='word_1_163' title='bbox 339 2517 503 2583; x_wconf 86' lang='lat' dir='ltr'><strong>vocabulis</strong></span> <span class='ocrx_word' id='word_1_164' title='bbox 530 2539 548 2583; x_wconf 90' lang='lat' dir='ltr'><strong>a</strong></span> <span class='ocrx_word' id='word_1_165' title='bbox 570 2519 768 2606; x_wconf 83' lang='lat' dir='ltr'><strong>digammate</strong></span> <span class='ocrx_word' id='word_1_166' title='bbox 791 2519 1013 2586; x_wconf 84' lang='lat' dir='ltr'><strong>inchoantibus</strong></span> <span class='ocrx_word' id='word_1_167' title='bbox 1037 2525 1202 2585; x_wconf 87' lang='lat' dir='ltr'><strong>cantorum</strong></span> <span class='ocrx_word' id='word_1_168' title='bbox 1226 2519 1383 2586; x_wconf 90' lang='lat' dir='ltr'><strong>arbitratu</strong></span> 
     </span>
     <span class='ocr_line' id='line_1_20' title="bbox 191 2621 1383 2711; baseline 0.005 -26"><span class='ocrx_word' id='word_1_169' title='bbox 191 2623 228 2685; x_wconf 79' lang='grc'><strong>’6</strong></span> <span class='ocrx_word' id='word_1_170' title='bbox 257 2621 445 2711; x_wconf 80' lang='lat' dir='ltr'><strong>praefigitur</strong></span> <span class='ocrx_word' id='word_1_171' title='bbox 474 2627 579 2690; x_wconf 83' lang='grc' dir='ltr'><strong><em>τεθαοσν</em></strong></span> <span class='ocrx_word' id='word_1_172' title='bbox 612 2625 753 2703; x_wconf 69' lang='lat' dir='ltr'><strong>irrisore,</strong></span> <span class='ocrx_word' id='word_1_173' title='bbox 785 2626 870 2691; x_wconf 86' lang='grc' dir='ltr'><strong><em>τέθνα</em></strong></span> <span class='ocrx_word' id='word_1_174' title='bbox 903 2624 1020 2711; x_wconf 80' lang='grc' dir='ltr'><strong><em>ἔτεθνα,</em></strong></span> <span class='ocrx_word' id='word_1_175' title='bbox 1045 2626 1129 2691; x_wconf 87' lang='lat' dir='ltr'><strong>unde</strong></span> <span class='ocrx_word' id='word_1_176' title='bbox 1155 2623 1303 2696; x_wconf 79' lang='grc' dir='ltr'><strong><em>θνθτεθνσς</em></strong></span> <span class='ocrx_word' id='word_1_177' title='bbox 1326 2646 1383 2711; x_wconf 88' lang='lat' dir='ltr'><strong>pro</strong></span> 
     </span>
     <span class='ocr_line' id='line_1_21' title="bbox 191 2725 1383 2811; baseline 0.003 -20"><span class='ocrx_word' id='word_1_178' title='bbox 191 2725 326 2804; x_wconf 80' lang='grc' dir='ltr'><strong><em>θτεθνσς,</em></strong></span> <span class='ocrx_word' id='word_1_179' title='bbox 352 2733 384 2794; x_wconf 83' lang='lat' dir='ltr'><strong>et</strong></span> <span class='ocrx_word' id='word_1_180' title='bbox 407 2731 453 2795; x_wconf 91' lang='lat' dir='ltr'><strong>sic</strong></span> <span class='ocrx_word' id='word_1_181' title='bbox 477 2731 684 2809; x_wconf 80' lang='grc' dir='ltr'><strong><em>ἕτενσαθμενσς,</em></strong></span> <span class='ocrx_word' id='word_1_182' title='bbox 709 2733 884 2811; x_wconf 76' lang='grc' dir='ltr'><strong><em>ε’τέλθσμαν,</em></strong></span> <span class='ocrx_word' id='word_1_183' title='bbox 905 2733 1081 2806; x_wconf 64' lang='lat' dir='ltr'><strong>ercamrai,</strong></span> <span class='ocrx_word' id='word_1_184' title='bbox 1103 2730 1242 2808; x_wconf 76' lang='grc' dir='ltr'><strong><em>ἕτθλσαν,</em></strong></span> <span class='ocrx_word' id='word_1_185' title='bbox 1265 2729 1383 2810; x_wconf 74' lang='grc' dir='ltr'><strong><em>ἐτθρννυ</em></strong></span> 
     </span>
     <span class='ocr_line' id='line_1_22' title="bbox 190 2832 1384 2923; baseline 0.004 -27"><span class='ocrx_word' id='word_1_186' title='bbox 190 2832 357 2920; x_wconf 89' lang='lat' dir='ltr'><strong>multaque</strong></span> <span class='ocrx_word' id='word_1_187' title='bbox 389 2835 451 2902; x_wconf 84' lang='lat' dir='ltr'><strong>alia</strong></span> <span class='ocrx_word' id='word_1_188' title='bbox 481 2839 515 2902; x_wconf 95' lang='lat' dir='ltr'><strong>in</strong></span> <span class='ocrx_word' id='word_1_189' title='bbox 542 2837 714 2904; x_wconf 89' lang='lat' dir='ltr'><strong>Homerico</strong></span> <span class='ocrx_word' id='word_1_190' title='bbox 738 2859 881 2904; x_wconf 91' lang='lat' dir='ltr'><strong>sermone</strong></span> <span class='ocrx_word' id='word_1_191' title='bbox 905 2841 1074 2903; x_wconf 75' lang='lat' dir='ltr'><strong>tritissima</strong></span> <span class='ocrx_word' id='word_1_192' title='bbox 1096 2843 1180 2902; x_wconf 88' lang='lat' dir='ltr'><strong>sunt.</strong></span> <span class='ocrx_word' id='word_1_193' title='bbox 1216 2836 1327 2923; x_wconf 90' lang='lat' dir='ltr'><strong>Itaque</strong></span> <span class='ocrx_word' id='word_1_194' title='bbox 1351 2842 1384 2902; x_wconf 92' lang='lat' dir='ltr'><strong>et</strong></span> 
     </span>
     <span class='ocr_line' id='line_1_23' title="bbox 189 2938 1385 3028; baseline 0.003 -24"><span class='ocrx_word' id='word_1_195' title='bbox 189 2938 275 3022; x_wconf 83' lang='grc' dir='ltr'><strong><em>τήθης</em></strong></span> <span class='ocrx_word' id='word_1_196' title='bbox 308 2947 341 3006; x_wconf 86' lang='lat' dir='ltr'><strong>et</strong></span> <span class='ocrx_word' id='word_1_197' title='bbox 371 2942 447 3024; x_wconf 82' lang='grc' dir='ltr'><strong><em>τήθεν</em></strong></span> <span class='ocrx_word' id='word_1_198' title='bbox 480 2950 647 3009; x_wconf 87' lang='lat' dir='ltr'><strong>assumunt</strong></span> <span class='ocrx_word' id='word_1_199' title='bbox 676 2944 859 3022; x_wconf 88' lang='lat' dir='ltr'><strong>literulam,</strong></span> <span class='ocrx_word' id='word_1_200' title='bbox 888 2947 1009 3028; x_wconf 82' lang='grc' dir='ltr'><strong><em>ἕτήθης,</em></strong></span> <span class='ocrx_word' id='word_1_201' title='bbox 1036 2944 1143 3026; x_wconf 80' lang='grc' dir='ltr'><strong><em>θτήθεν,</em></strong></span> <span class='ocrx_word' id='word_1_202' title='bbox 1169 2950 1201 3008; x_wconf 90' lang='lat' dir='ltr'><strong>et</strong></span> <span class='ocrx_word' id='word_1_203' title='bbox 1225 2942 1314 3022; x_wconf 73' lang='grc' dir='ltr'><strong><em>ὑγρὸν</em></strong></span> <span class='ocrx_word' id='word_1_204' title='bbox 1338 2943 1385 3008; x_wconf 90' lang='lat' dir='ltr'><strong>di·</strong></span> 
     </span>
     <span class='ocr_line' id='line_1_24' title="bbox 190 3048 1382 3137; baseline 0.002 -27"><span class='ocrx_word' id='word_1_205' title='bbox 190 3066 323 3132; x_wconf 79' lang='lat' dir='ltr'><strong>gamma</strong></span> <span class='ocrx_word' id='word_1_206' title='bbox 353 3048 393 3113; x_wconf 94' lang='lat' dir='ltr'><strong>ob</strong></span> <span class='ocrx_word' id='word_1_207' title='bbox 426 3070 574 3116; x_wconf 89' lang='lat' dir='ltr'><strong>numeros</strong></span> <span class='ocrx_word' id='word_1_208' title='bbox 597 3053 735 3134; x_wconf 71' lang='lat' dir='ltr'><strong>poeticos</strong></span> <span class='ocrx_word' id='word_1_209' title='bbox 758 3053 960 3137; x_wconf 81' lang='lat' dir='ltr'><strong>geminatum</strong></span> <span class='ocrx_word' id='word_1_210' title='bbox 984 3053 1091 3130; x_wconf 88' lang='lat' dir='ltr'><strong>(utin</strong></span> <span class='ocrx_word' id='word_1_211' title='bbox 1115 3048 1243 3127; x_wconf 73' lang='grc' dir='ltr'><strong><em>ἔτταθσν)</em></strong></span> <span class='ocrx_word' id='word_1_212' title='bbox 1267 3048 1382 3130; x_wconf 78' lang='grc' dir='ltr'><strong><em>θττήθης</em></strong></span> 
     </span>
     <span class='ocr_line' id='line_1_25' title="bbox 191 3152 1383 3242; baseline 0.003 -26"><span class='ocrx_word' id='word_1_213' title='bbox 191 3156 224 3216; x_wconf 86' lang='lat' dir='ltr'><strong>et</strong></span> <span class='ocrx_word' id='word_1_214' title='bbox 251 3152 355 3235; x_wconf 79' lang='grc' dir='ltr'><strong><em>θττήθεν</em></strong></span> <span class='ocrx_word' id='word_1_215' title='bbox 386 3155 539 3240; x_wconf 88' lang='lat' dir='ltr'><strong>protulit,</strong></span> <span class='ocrx_word' id='word_1_216' title='bbox 571 3156 655 3221; x_wconf 90' lang='lat' dir='ltr'><strong>unda</strong></span> <span class='ocrx_word' id='word_1_217' title='bbox 686 3177 786 3241; x_wconf 90' lang='lat' dir='ltr'><strong>quum</strong></span> <span class='ocrx_word' id='word_1_218' title='bbox 814 3159 955 3221; x_wconf 89' lang='lat' dir='ltr'><strong>carmina</strong></span> <span class='ocrx_word' id='word_1_219' title='bbox 977 3161 1048 3242; x_wconf 88' lang='lat' dir='ltr'><strong>post</strong></span> <span class='ocrx_word' id='word_1_220' title='bbox 1070 3155 1206 3242; x_wconf 78' lang='lat' dir='ltr'><strong>longum</strong></span> <span class='ocrx_word' id='word_1_221' title='bbox 1230 3158 1383 3239; x_wconf 84' lang='lat' dir='ltr'><strong>temporis</strong></span> 
     </span>
     <span class='ocr_line' id='line_1_26' title="bbox 191 3257 1384 3348; baseline 0.003 -27"><span class='ocrx_word' id='word_1_222' title='bbox 191 3257 399 3323; x_wconf 86' lang='lat' dir='ltr'><strong>intervallum</strong></span> <span class='ocrx_word' id='word_1_223' title='bbox 430 3282 469 3326; x_wconf 85' lang='lat' dir='ltr'><strong>er</strong></span> <span class='ocrx_word' id='word_1_224' title='bbox 499 3264 697 3327; x_wconf 85' lang='lat' dir='ltr'><strong>cantantium</strong></span> <span class='ocrx_word' id='word_1_225' title='bbox 729 3282 781 3329; x_wconf 91' lang='lat' dir='ltr'><strong>ore</strong></span> <span class='ocrx_word' id='word_1_226' title='bbox 813 3265 1031 3348; x_wconf 80' lang='lat' dir='ltr'><strong>exciperentur</strong></span> <span class='ocrx_word' id='word_1_227' title='bbox 1054 3266 1086 3326; x_wconf 87' lang='lat' dir='ltr'><strong>et</strong></span> <span class='ocrx_word' id='word_1_228' title='bbox 1108 3259 1211 3325; x_wconf 89' lang='lat' dir='ltr'><strong>literis</strong></span> <span class='ocrx_word' id='word_1_229' title='bbox 1233 3279 1297 3323; x_wconf 92' lang='lat' dir='ltr'><strong>non</strong></span> <span class='ocrx_word' id='word_1_230' title='bbox 1320 3261 1384 3325; x_wconf 77' lang='lat' dir='ltr'><strong>ruia</strong></span> 
     </span>
     <span class='ocr_line' id='line_1_27' title="bbox 192 3362 1384 3453; baseline 0.003 -25"><span class='ocrx_word' id='word_1_231' title='bbox 192 3362 459 3450; x_wconf 85' lang='lat' dir='ltr'><strong>describerentur,</strong></span> <span class='ocrx_word' id='word_1_232' title='bbox 491 3372 584 3432; x_wconf 85' lang='lat' dir='ltr'><strong>natae</strong></span> <span class='ocrx_word' id='word_1_233' title='bbox 613 3373 688 3432; x_wconf 87' lang='lat' dir='ltr'><strong>sunt</strong></span> <span class='ocrx_word' id='word_1_234' title='bbox 720 3368 839 3433; x_wconf 88' lang='lat' dir='ltr'><strong>formae</strong></span> <span class='ocrx_word' id='word_1_235' title='bbox 872 3389 911 3433; x_wconf 83' lang='lat' dir='ltr'><strong>er</strong></span> <span class='ocrx_word' id='word_1_236' title='bbox 941 3368 1043 3433; x_wconf 89' lang='lat' dir='ltr'><strong>tribus</strong></span> <span class='ocrx_word' id='word_1_237' title='bbox 1071 3366 1178 3453; x_wconf 77' lang='lat' dir='ltr'><strong>longis</strong></span> <span class='ocrx_word' id='word_1_238' title='bbox 1205 3369 1384 3431; x_wconf 88' lang='lat' dir='ltr'><strong>constantes</strong></span> 
     </span>
     <span class='ocr_line' id='line_1_28' title="bbox 193 3471 1384 3559; baseline 0.001 -23"><span class='ocrx_word' id='word_1_239' title='bbox 193 3471 274 3550; x_wconf 80' lang='grc' dir='ltr'><strong><em>θήθεν</em></strong></span> <span class='ocrx_word' id='word_1_240' title='bbox 298 3490 337 3535; x_wconf 93' lang='lat' dir='ltr'><strong>an</strong></span> <span class='ocrx_word' id='word_1_241' title='bbox 360 3471 448 3545; x_wconf 76' lang='grc' dir='ltr'><strong><em>ήενθτν</em></strong></span> <span class='ocrx_word' id='word_1_242' title='bbox 469 3492 509 3536; x_wconf 88' lang='lat' dir='ltr'><strong>an</strong></span> <span class='ocrx_word' id='word_1_243' title='bbox 530 3471 611 3547; x_wconf 76' lang='grc' dir='ltr'><strong><em>ήεθθη</em></strong></span> <span class='ocrx_word' id='word_1_244' title='bbox 630 3493 739 3538; x_wconf 91' lang='lat' dir='ltr'><strong>omnes</strong></span> <span class='ocrx_word' id='word_1_245' title='bbox 758 3473 889 3559; x_wconf 87' lang='lat' dir='ltr'><strong>perinde</strong></span> <span class='ocrx_word' id='word_1_246' title='bbox 906 3475 1060 3550; x_wconf 77' lang='lat' dir='ltr'><strong>vitiosae,</strong></span> <span class='ocrx_word' id='word_1_247' title='bbox 1081 3473 1231 3557; x_wconf 87' lang='lat' dir='ltr'><strong>quoniam</strong></span> <span class='ocrx_word' id='word_1_248' title='bbox 1252 3473 1384 3557; x_wconf 91' lang='lat' dir='ltr'><strong>antiqua</strong></span> 
     </span>
     <span class='ocr_line' id='line_1_29' title="bbox 191 3577 1382 3664; baseline 0.002 -23"><span class='ocrx_word' id='word_1_249' title='bbox 191 3580 223 3641; x_wconf 90' lang='lat' dir='ltr'><strong>st</strong></span> <span class='ocrx_word' id='word_1_250' title='bbox 253 3597 329 3642; x_wconf 85' lang='lat' dir='ltr'><strong>vera</strong></span> <span class='ocrx_word' id='word_1_251' title='bbox 358 3577 462 3643; x_wconf 87' lang='lat' dir='ltr'><strong>forma</strong></span> <span class='ocrx_word' id='word_1_252' title='bbox 492 3579 597 3659; x_wconf 77' lang='grc' dir='ltr'><strong><em>ἐττήθεν</em></strong></span> <span class='ocrx_word' id='word_1_253' title='bbox 627 3599 729 3664; x_wconf 89' lang='lat' dir='ltr'><strong>neque</strong></span> <span class='ocrx_word' id='word_1_254' title='bbox 760 3581 875 3645; x_wconf 86' lang='lat' dir='ltr'><strong>Atticis</strong></span> <span class='ocrx_word' id='word_1_255' title='bbox 897 3578 1001 3646; x_wconf 90' lang='lat' dir='ltr'><strong>literis</strong></span> <span class='ocrx_word' id='word_1_256' title='bbox 1022 3599 1124 3664; x_wconf 88' lang='lat' dir='ltr'><strong>neque</strong></span> <span class='ocrx_word' id='word_1_257' title='bbox 1146 3577 1262 3644; x_wconf 90' lang='lat' dir='ltr'><strong>Ionicis</strong></span> <span class='ocrx_word' id='word_1_258' title='bbox 1287 3579 1382 3644; x_wconf 86' lang='lat' dir='ltr'><strong>scribi</strong></span> 
     </span>
     <span class='ocr_line' id='line_1_30' title="bbox 191 3685 325 3768; baseline 0 -20"><span class='ocrx_word' id='word_1_259' title='bbox 191 3685 325 3768; x_wconf 88' lang='lat' dir='ltr'><strong>potarat.</strong></span> 
     </span>
    </p>

    <p class='ocr_par' dir='ltr' id='par_1_6' title="bbox 189 3785 1385 4300">
     <span class='ocr_line' id='line_1_31' title="bbox 235 3785 1385 3879; baseline 0.002 -26"><span class='ocrx_word' id='word_1_260' title='bbox 235 3787 274 3853; x_wconf 95' lang='lat' dir='ltr'><strong>In</strong></span> <span class='ocrx_word' id='word_1_261' title='bbox 302 3789 493 3875; x_wconf 75' lang='lat' dir='ltr'><strong>imperativo</strong></span> <span class='ocrx_word' id='word_1_262' title='bbox 516 3791 583 3859; x_wconf 82' lang='grc' dir='ltr'><strong><em>τθςω</em></strong></span> <span class='ocrx_word' id='word_1_263' title='bbox 607 3795 639 3858; x_wconf 87' lang='lat' dir='ltr'><strong>et</strong></span> <span class='ocrx_word' id='word_1_264' title='bbox 661 3794 696 3857; x_wconf 90' lang='lat' dir='ltr'><strong>in</strong></span> <span class='ocrx_word' id='word_1_265' title='bbox 719 3795 862 3879; x_wconf 86' lang='lat' dir='ltr'><strong>optativo</strong></span> <span class='ocrx_word' id='word_1_266' title='bbox 885 3791 1006 3866; x_wconf 81' lang='grc' dir='ltr'><strong><em>τενθεθην</em></strong></span> <span class='ocrx_word' id='word_1_267' title='bbox 1031 3795 1064 3858; x_wconf 91' lang='lat' dir='ltr'><strong>et</strong></span> <span class='ocrx_word' id='word_1_268' title='bbox 1086 3793 1120 3855; x_wconf 93' lang='lat' dir='ltr'><strong>in</strong></span> <span class='ocrx_word' id='word_1_269' title='bbox 1145 3785 1304 3855; x_wconf 82' lang='lat' dir='ltr'><strong>infinitivo</strong></span> <span class='ocrx_word' id='word_1_270' title='bbox 1328 3791 1385 3856; x_wconf 85' lang='grc' dir='ltr'><strong><em>τθθ-</em></strong></span> 
     </span>
     <span class='ocr_line' id='line_1_32' title="bbox 190 3895 1384 3977; baseline 0.003 -18"><span class='ocrx_word' id='word_1_271' title='bbox 190 3918 247 3972; x_wconf 86' lang='grc' dir='ltr'><strong>μεν</strong></span> <span class='ocrx_word' id='word_1_272' title='bbox 281 3899 313 3960; x_wconf 90' lang='lat' dir='ltr'><strong>et</strong></span> <span class='ocrx_word' id='word_1_273' title='bbox 342 3895 475 3973; x_wconf 84' lang='grc' dir='ltr'><strong><em>τθθμεναν</em></strong></span> <span class='ocrx_word' id='word_1_274' title='bbox 509 3903 540 3962; x_wconf 88' lang='lat' dir='ltr'><strong>et</strong></span> <span class='ocrx_word' id='word_1_275' title='bbox 565 3898 767 3977; x_wconf 77' lang='grc' dir='ltr'><strong><em>τεμτθθμεναν</em></strong></span> <span class='ocrx_word' id='word_1_276' title='bbox 791 3902 899 3965; x_wconf 90' lang='lat' dir='ltr'><strong>omnia</strong></span> <span class='ocrx_word' id='word_1_277' title='bbox 922 3904 1053 3964; x_wconf 82' lang='lat' dir='ltr'><strong>sancet</strong></span> <span class='ocrx_word' id='word_1_278' title='bbox 1077 3902 1162 3963; x_wconf 89' lang='lat' dir='ltr'><strong>certa</strong></span> <span class='ocrx_word' id='word_1_279' title='bbox 1184 3899 1259 3960; x_wconf 91' lang='lat' dir='ltr'><strong>sunt</strong></span> <span class='ocrx_word' id='word_1_280' title='bbox 1286 3900 1318 3960; x_wconf 90' lang='lat' dir='ltr'><strong>et</strong></span> <span class='ocrx_word' id='word_1_281' title='bbox 1340 3896 1384 3962; x_wconf 92' lang='lat' dir='ltr'><strong>le·</strong></span> 
     </span>
     <span class='ocr_line' id='line_1_33' title="bbox 189 4000 1384 4088; baseline 0.002 -22"><span class='ocrx_word' id='word_1_282' title='bbox 189 4001 286 4088; x_wconf 78' lang='lat' dir='ltr'><strong>gibus</strong></span> <span class='ocrx_word' id='word_1_283' title='bbox 318 4011 438 4087; x_wconf 85' lang='lat' dir='ltr'><strong>parcnt.</strong></span> <span class='ocrx_word' id='word_1_284' title='bbox 478 4001 515 4068; x_wconf 89' lang='lat' dir='ltr'><strong>In</strong></span> <span class='ocrx_word' id='word_1_285' title='bbox 539 4029 565 4069; x_wconf 84' lang='grc' dir='ltr'><strong>ε.</strong></span> <span class='ocrx_word' id='word_1_286' title='bbox 590 4003 667 4069; x_wconf 89' lang='grc'><strong>206.</strong></span> <span class='ocrx_word' id='word_1_287' title='bbox 692 4006 718 4069; x_wconf 76' lang='lat' dir='ltr'><strong>et</strong></span> <span class='ocrx_word' id='word_1_288' title='bbox 741 4005 802 4083; x_wconf 79' lang='grc' dir='ltr'><strong>μήν</strong></span> <span class='ocrx_word' id='word_1_289' title='bbox 825 4004 945 4078; x_wconf 84' lang='grc' dir='ltr'><strong><em>τενθεθης</em></strong></span> <span class='ocrx_word' id='word_1_290' title='bbox 972 4013 1058 4086; x_wconf 80' lang='grc' dir='ltr'><strong><em>σήσνν</em></strong></span> <span class='ocrx_word' id='word_1_291' title='bbox 1081 4001 1183 4084; x_wconf 85' lang='grc' dir='ltr'><strong><em>φρτσθ.</em></strong></span> <span class='ocrx_word' id='word_1_292' title='bbox 1219 4000 1384 4068; x_wconf 84' lang='lat' dir='ltr'><strong>Bekkerns</strong></span> 
     </span>
     <span class='ocr_line' id='line_1_34' title="bbox 190 4106 1383 4195; baseline 0.003 -23"><span class='ocrx_word' id='word_1_293' title='bbox 190 4128 373 4193; x_wconf 84' lang='lat' dir='ltr'><strong>perperam,</strong></span> <span class='ocrx_word' id='word_1_294' title='bbox 403 4113 441 4172; x_wconf 91' lang='lat' dir='ltr'><strong>ut</strong></span> <span class='ocrx_word' id='word_1_295' title='bbox 465 4113 590 4195; x_wconf 87' lang='lat' dir='ltr'><strong>saepius</strong></span> <span class='ocrx_word' id='word_1_296' title='bbox 613 4110 707 4187; x_wconf 89' lang='lat' dir='ltr'><strong>alibi,</strong></span> <span class='ocrx_word' id='word_1_297' title='bbox 731 4112 793 4189; x_wconf 85' lang='grc' dir='ltr'><strong>μήν</strong></span> <span class='ocrx_word' id='word_1_298' title='bbox 817 4112 856 4176; x_wconf 90' lang='lat' dir='ltr'><strong>de</strong></span> <span class='ocrx_word' id='word_1_299' title='bbox 879 4131 936 4176; x_wconf 92' lang='lat' dir='ltr'><strong>suo</strong></span> <span class='ocrx_word' id='word_1_300' title='bbox 960 4110 1128 4176; x_wconf 89' lang='lat' dir='ltr'><strong>substituit</strong></span> <span class='ocrx_word' id='word_1_301' title='bbox 1151 4127 1208 4194; x_wconf 90' lang='lat' dir='ltr'><strong>pro</strong></span> <span class='ocrx_word' id='word_1_302' title='bbox 1230 4106 1297 4183; x_wconf 74' lang='grc' dir='ltr'><strong><em>μέν.</em></strong></span> <span class='ocrx_word' id='word_1_303' title='bbox 1322 4108 1383 4176; x_wconf 89' lang='lat' dir='ltr'><strong>Re-</strong></span> 
     </span>
     <span class='ocr_line' id='line_1_35' title="bbox 189 4212 1379 4300; baseline 0.003 -22"><span class='ocrx_word' id='word_1_304' title='bbox 189 4217 276 4279; x_wconf 86' lang='lat' dir='ltr'><strong>tenta</strong></span> <span class='ocrx_word' id='word_1_305' title='bbox 296 4212 353 4291; x_wconf 83' lang='grc' dir='ltr'><strong>μθν</strong></span> <span class='ocrx_word' id='word_1_306' title='bbox 373 4218 405 4278; x_wconf 84' lang='lat' dir='ltr'><strong>at</strong></span> <span class='ocrx_word' id='word_1_307' title='bbox 424 4219 581 4300; x_wconf 87' lang='lat' dir='ltr'><strong>expuncta</strong></span> <span class='ocrx_word' id='word_1_308' title='bbox 600 4215 711 4281; x_wconf 89' lang='lat' dir='ltr'><strong>inutili</strong></span> <span class='ocrx_word' id='word_1_309' title='bbox 721 4215 815 4282; x_wconf 87' lang='lat' dir='ltr'><strong>litera</strong></span> <span class='ocrx_word' id='word_1_310' title='bbox 826 4225 900 4298; x_wconf 77' lang='grc' dir='ltr'><strong>σῇσι</strong></span> <span class='ocrx_word' id='word_1_311' title='bbox 913 4217 1007 4295; x_wconf 59' lang='lat' dir='ltr'><strong>epse!</strong></span> <span class='ocrx_word' id='word_1_312' title='bbox 1018 4217 1175 4300; x_wconf 87' lang='lat' dir='ltr'><strong>scriptum</strong></span> <span class='ocrx_word' id='word_1_313' title='bbox 1187 4217 1379 4298; x_wconf 88' lang='lat' dir='ltr'><strong>oportuerat.</strong></span> 
     </span>
    </p>

    <p class='ocr_par' dir='ltr' id='par_1_7' title="bbox 189 4317 1383 4600">
     <span class='ocr_line' id='line_1_36' title="bbox 236 4317 1383 4410; baseline 0.003 -27"><span class='ocrx_word' id='word_1_314' title='bbox 236 4319 346 4404; x_wconf 91' lang='lat' dir='ltr'><strong>Neque</strong></span> <span class='ocrx_word' id='word_1_315' title='bbox 368 4321 403 4384; x_wconf 92' lang='lat' dir='ltr'><strong>in</strong></span> <span class='ocrx_word' id='word_1_316' title='bbox 426 4322 602 4406; x_wconf 84' lang='lat' dir='ltr'><strong>participiis</strong></span> <span class='ocrx_word' id='word_1_317' title='bbox 625 4320 693 4387; x_wconf 92' lang='lat' dir='ltr'><strong>ulla</strong></span> <span class='ocrx_word' id='word_1_318' title='bbox 716 4329 763 4387; x_wconf 89' lang='lat' dir='ltr'><strong>est</strong></span> <span class='ocrx_word' id='word_1_319' title='bbox 787 4325 1008 4389; x_wconf 86' lang='lat' dir='ltr'><strong>controversia.</strong></span> <span class='ocrx_word' id='word_1_320' title='bbox 1040 4321 1167 4386; x_wconf 92' lang='lat' dir='ltr'><strong>Passim</strong></span> <span class='ocrx_word' id='word_1_321' title='bbox 1186 4317 1283 4391; x_wconf 81' lang='grc' dir='ltr'><strong><em>τενθθνς</em></strong></span> <span class='ocrx_word' id='word_1_322' title='bbox 1303 4320 1383 4410; x_wconf 80' lang='lat' dir='ltr'><strong>legi·</strong></span> 
     </span>
     <span class='ocr_line' id='line_1_37' title="bbox 190 4425 1383 4514; baseline 0.005 -26"><span class='ocrx_word' id='word_1_323' title='bbox 190 4428 243 4488; x_wconf 89' lang='lat' dir='ltr'><strong>tur</strong></span> <span class='ocrx_word' id='word_1_324' title='bbox 266 4429 299 4491; x_wconf 83' lang='lat' dir='ltr'><strong>et</strong></span> <span class='ocrx_word' id='word_1_325' title='bbox 321 4425 430 4491; x_wconf 82' lang='grc' dir='ltr'><strong><em>τενθθτε</em></strong></span> <span class='ocrx_word' id='word_1_326' title='bbox 454 4431 486 4491; x_wconf 85' lang='lat' dir='ltr'><strong>et</strong></span> <span class='ocrx_word' id='word_1_327' title='bbox 509 4428 634 4500; x_wconf 83' lang='grc' dir='ltr'><strong><em>τενθθτες</em></strong></span> <span class='ocrx_word' id='word_1_328' title='bbox 655 4433 687 4493; x_wconf 86' lang='lat' dir='ltr'><strong>et</strong></span> <span class='ocrx_word' id='word_1_329' title='bbox 706 4431 811 4513; x_wconf 87' lang='lat' dir='ltr'><strong>prima</strong></span> <span class='ocrx_word' id='word_1_330' title='bbox 831 4434 973 4514; x_wconf 87' lang='lat' dir='ltr'><strong>correpta</strong></span> <span class='ocrx_word' id='word_1_331' title='bbox 993 4428 1088 4493; x_wconf 85' lang='grc' dir='ltr'><strong><em>τνθυῖα</em></strong></span> <span class='ocrx_word' id='word_1_332' title='bbox 1109 4431 1147 4492; x_wconf 81' lang='lat' dir='ltr'><strong>ut</strong></span> <span class='ocrx_word' id='word_1_333' title='bbox 1167 4433 1285 4503; x_wconf 80' lang='grc' dir='ltr'><strong><em>τνκυΐα,</em></strong></span> <span class='ocrx_word' id='word_1_334' title='bbox 1303 4447 1383 4513; x_wconf 83' lang='lat' dir='ltr'><strong>quae</strong></span> 
     </span>
     <span class='ocr_line' id='line_1_38' title="bbox 189 4533 649 4600; baseline 0.007 -4"><span class='ocrx_word' id='word_1_335' title='bbox 189 4533 300 4598; x_wconf 86' lang='lat' dir='ltr'><strong>omnia</strong></span> <span class='ocrx_word' id='word_1_336' title='bbox 322 4533 497 4599; x_wconf 90' lang='lat' dir='ltr'><strong>rectissime</strong></span> <span class='ocrx_word' id='word_1_337' title='bbox 520 4534 649 4600; x_wconf 87' lang='lat' dir='ltr'><strong>habent.</strong></span> 
     </span>
    </p>
   </div>
   <div class='ocr_carea' id='block_1_3' title="bbox 0 0 1706 5192">
    <p class='ocr_par' dir='ltr' id='par_1_8' title="bbox 0 0 1706 5192">
     <span class='ocr_line' id='line_1_39' title="bbox 0 0 1706 5192; baseline 0 0"><span class='ocrx_word' id='word_1_338' title='bbox 0 0 1706 5192; x_wconf 95' lang='lat' dir='ltr'><strong> </strong></span> 
     </span>
    </p>
   </div>
  </div>
 </body>
</html>
