3372 5192
884 362 950 432 532

325 569 401 618 vera
431 555 463 617 et
493 553 624 638 antiqua
653 551 765 619 lectio:
801 547 847 618 ότι
880 555 994 622 τούτων
1025 553 1084 636 μὲν
1115 551 1262 634 μετθχΕΙ
1295 547 1333 616 ὧν
1363 551 1516 619 ρίθικοῖισιν

327 659 409 734 ὑμᾶς
430 657 526 744 τινές,
547 659 610 725 clad
631 659 662 724 δὲ
681 665 739 725 τῶν
761 660 1028 742 εἰσπραττομένων
1049 661 1279 744 teupertus
1300 658 1338 723 δι’
1356 659 1516 732 οἱπλνιτίαν

324 761 355 826 δὲ
388 760 503 842 τρόπων
535 763 654 845 διχόθεν
684 775 881 844 καρπΟΤται
913 769 968 842 την
1002 766 1101 832 πόλιν.
1149 764 1241 830 Unde
1271 765 1350 830 haec
1371 770 1448 830 nata
1469 771 1517 830 est

327 867 545 953 perturbatio?
578 869 702 956 Nempe
726 891 765 936 ex
790 872 969 938 θθαοωσόεο
989 894 1063 962 pag.
1088 869 1165 938 754.
1189 870 1221 936 8.
1246 872 1366 936 lacuit!
1390 871 1516 951 ἐφάνηθ’

236 1012 239 1018 -
329 975 413 1052 ἡμῶν
434 975 592 1055 κηδόμενοι
614 972 648 1041 οὗ
671 978 804 1049 πολλοὺς
829 975 887 1043 ἔθει
911 985 1013 1052 κακῶς
1038 984 1173 1051 ποιῆσαι.
1198 977 1347 1056 βούλεσθε
1367 1013 1411 1026 -
1427 975 1518 1056 μετέ·

325 1102 434 1160 χυυσιν
452 1120 493 1130 -
512 1084 773 1166 ὑφαιροῦνται-
793 1089 980 1165 καρποῦνται
1004 1085 1059 1159 τίην
1083 1083 1183 1150 πόλιν.

372 1185 435 1254 Res
465 1194 529 1268 est,
562 1189 671 1274 credo,
704 1190 781 1255 satis
810 1193 984 1277 perspicua.
1032 1189 1129 1256 Vides
1161 1193 1194 1255 in
1225 1188 1248 1254 S
1278 1187 1428 1254 lacunam
1452 1209 1518 1254 esse

325 1292 410 1358 inter
438 1301 635 1359 ΤΩΝΜΕΝ
653 1333 696 1343 -
712 1304 973 1372 ΊΦΑΙΡΕΙΤΑΙ,
1001 1317 1098 1382 quam
1122 1317 1162 1361 en
1184 1294 1246 1360 elio
1269 1295 1352 1362 libro
1382 1296 1518 1381 interpc

328 1397 394 1465 letc
417 1407 572 1466 corrector
593 1403 627 1466 in
651 1403 797 1489 margine
821 1400 973 1488 explevit.

374 1504 412 1570 In
443 1505 641 1574 Timocraten
670 1528 745 1596 pag.
777 1506 854 1576 752.
886 1507 940 1576 13.
965 1507 1075 1595 paullo
1098 1507 1191 1574 aliter
1214 1507 1325 1574 eadem
1347 1508 1517 1574 formavit:

328 1617 391 1682 τοῖς
423 1611 479 1688 μὲν
508 1612 623 1685 δούλοις
641 1651 684 1662 -
704 1613 865 1680 θπειίθυνθν
889 1617 949 1700 ἐτι,
974 1623 1037 1688 τοῖς
1062 1614 1087 1680 δ’
1112 1613 1274 1696 ἐλευθέροις
1295 1615 1517 1680 'TCTATON

327 1719 418 1780 τοῦτο
457 1719 599 1799 προσοίκει
641 1720 791 1802 κολάζειν.
850 1721 1013 1788 Intellexit
1057 1724 1143 1787 enim
1182 1742 1215 1786 se
1250 1727 1343 1787 antea
1379 1721 1519 1786 nimium

329 1821 463 1902 dixisse,
487 1827 563 1912 quia
584 1831 632 1892 tot
653 1825 747 1892 liberi
770 1829 857 1894 cives
880 1829 985 1913 eapite
1005 1826 1234 1914 plectebantur.

673 2067 770 2133 KAT’
793 2067 1171 2133 ’APIcTOKPATOu0.

375 2246 456 2334 Peg.
485 2245 562 2313 622.
586 2245 641 2313 24.
664 2249 690 2314 εί
713 2251 757 2327 μίη
784 2246 866 2313 ποίνυ
889 2254 948 2314 τῶν
972 2248 1107 2328 αίσχρῶν
1132 2243 1265 2328 ἐνόμιζον
1290 2241 1366 2311 εἶναι
1390 2250 1440 2310 νῦν
1463 2246 1520 2324 μὲν

332 2353 466 2435 ἡσυχίαν
496 2352 587 2430 ίιχειν
620 2354 687 2437 [καί
716 2357 906 2438 σιωπῆσαι],
927 2391 967 2402 -
988 2351 1127 2434 πρότερον
1158 2352 1189 2417 δὲ
1219 2354 1326 2417 είπείν.
1372 2350 1519 2417 Necessa-

331 2460 417 2523 rium
442 2464 491 2524 est
507 2482 651 2542 ρτοειονιε
673 2464 809 2537 σιωπᾶν,
829 2461 883 2525 sed
902 2459 943 2524 ad
963 2461 1098 2540 ἡσυχίαν
1117 2457 1207 2538 ίιχειν
1226 2459 1393 2544 adscripsit
1406 2457 1521 2543 aliquis

329 2565 382 2628 καί
414 2572 580 2640 σιωπῆσαι.
629 2569 695 2628 Νῦν
726 2565 783 2643 μὲν
802 2603 842 2614 -
861 2565 999 2646 πρότερον
1025 2565 1057 2630 δέ
1080 2567 1127 2631 ita
1150 2569 1383 2651 componuntur
1406 2569 1444 2628 ut
1469 2567 1520 2627 νῦν

328 2671 385 2747 μὲν
417 2691 563 2756 praesens
596 2670 726 2748 habeat,
764 2670 903 2753 πρότερον
938 2672 970 2737 tc
1005 2675 1160 2738 acrisium
1194 2671 1248 2738 vel
1279 2670 1517 2756 imperfectum.

331 2775 488 2857 Ἦσυχίαν
519 2773 609 2854 ἄγειν
639 2797 696 2862 pro
725 2784 823 2842 tacere
852 2781 966 2843 notum
997 2783 1064 2862 est,
1097 2781 1134 2842 ut
1163 2797 1237 2864 pag.
1270 2774 1323 2840 40.
1358 2775 1388 2841 3.
1413 2777 1439 2841 εί
1464 2775 1521 2854 μὲν

331 2881 438 2964 ἤρεσκέ
462 2882 495 2947 τί
517 2905 568 2962 μοι
592 2887 650 2948 τῶν
675 2881 817 2964 ῥηθέντων
842 2883 976 2963 ἡσυχίαν
1001 2883 1039 2949 θον
1063 2879 1148 2962 ἦγον.

373 3094 454 3181 Pag.
490 3090 566 3157 624.
602 3089 635 3157 8.
669 3091 816 3157 ἐσκόπουν
850 3089 898 3158 οὖν
934 3092 992 3158 τίν’
1027 3090 1066 3156 θοι
1099 3089 1207 3172 τρόπον
1231 3091 1309 3156 -ί
1346 3091 1520 3172 Χαρίδημος

328 3202 482 3282 οὶσφαλῶς
515 3195 623 3263 ποίντοι
654 3197 900 3279 κατατρίψαιτο.
929 3198 954 3263 εί
980 3203 1094 3279 πρῶτον
1120 3197 1177 3276 μὲν
1203 3195 1242 3262 σίν
1262 3221 1309 3270 τις
1330 3198 1424 3264 αὐτόν
1443 3198 1520 3262 οίπο-

325 3307 425 3390 ατείνη
456 3305 612 3388 ψήφισμα
642 3303 783 3384 ὑμέτερον
814 3303 929 3382 γίνοιτο
961 3301 1127 3382 σίχοίχιμον
1162 3299 1247 3369 εἶναι.
1276 3301 1411 3384 θειότερον
1436 3303 1468 3368 δὲ
1493 3305 1518 3368 εί

325 3411 543 3495 χειροτονηθείη
567 3409 723 3491 τρατηνὸς
747 3411 802 3491 ὑφ’
827 3411 908 3500 dacia
935 3409 1150 3497 [Χαρίδημος].
1197 3409 1370 3475 Manifesta
1393 3410 1428 3473 in
1449 3408 1481 3473 h.
1495 3407 1518 3475 l.

326 3519 441 3586 lacuna
471 3522 519 3583 est
546 3523 579 3582 et
609 3514 729 3582 clamat
758 3517 914 3581 sententia
944 3515 1098 3582 excidisse
1131 3514 1253 3601 aliquid
1277 3515 1517 3580 huiuscemodi:

328 3628 525 3715 (σκοποῦντες
560 3623 590 3686 δὲ
614 3619 745 3702 εἱίρισκον
770 3623 839 3704 ρ’ρῖτ’
863 3619 902 3685 ἄν
926 3629 1015 3704 σφισι
1041 3628 1130 3688 τοῦτο
1152 3619 1328 3704 γενόμενον)
1353 3623 1379 3685 εί
1403 3627 1518 3700 πρῶτον

328 3732 386 3810 μέν
417 3731 482 3796 xri.
513 3734 569 3795 aut
599 3727 688 3794 aliud
711 3727 788 3814 quid
810 3729 844 3792 in
867 3726 1001 3793 eandem
1024 3731 1225 3794 sententiam.
1272 3727 1394 3793 Deinde
1416 3731 1518 3792 mans·

327 3837 471 3926 ponende
501 3841 575 3902 sunt
606 3855 685 3919 quae
717 3840 892 3918 sequuntur
921 3835 955 3898 in
987 3834 1072 3899 hunc
1096 3834 1247 3900 modum:
1272 3836 1298 3899 εί
1324 3834 1518 3913 πρῶτονμὲν

325 3946 482 4026 ψήφισμα
518 3941 659 4020 ὑμέτερον
693 3937 827 4018 χθνοιτο·
863 3937 900 4004 σίν
935 3963 980 4012 τις
1017 3941 1110 4004 αὐτὸν
1145 3939 1311 4020 οίποιιτείνρ
1352 3939 1518 4017 scolymos

327 4047 424 4130 εἶναι,
448 4069 529 4135 quse
550 4046 648 4112 verbe
671 4065 710 4110 ex
731 4048 800 4131 ipso
823 4045 989 4132 plebiscito
1013 4051 1120 4110 sumta
1142 4046 1341 4131 ineptissime
1363 4045 1519 4110 dirimun-

324 4163 379 4223 tur
408 4153 603 4239 interpositis
631 4151 737 4217 verbis
767 4151 922 4234 ψήφισμα
956 4152 1097 4232 ὑμέτερον
1129 4150 1258 4230 γίνοιτο.
1304 4151 1449 4238 Denique
1481 4153 1519 4216 in

325 4261 387 4326 tine
408 4260 472 4326 loci
493 4278 640 4345 expungo
664 4257 836 4342 Χαρίδημος
859 4257 1026 4342 pueriliter
1049 4258 1205 4323 additum.

370 4471 450 4557 Pag.
487 4464 563 4533 625.
602 4467 634 4532 9.
671 4467 771 4534 καίτοι
803 4469 867 4540 πῶς
902 4465 941 4531 θον
976 4469 1192 4549 τεχνικώτερον
1229 4469 1246 4546 ἢ
1279 4467 1519 4550 κακουργότερον
