3358 5200
776 385 820 456 23

187 587 307 671 paucis
330 582 420 648 h'bris
444 583 585 665 repertae
608 599 672 646 non
695 585 743 646 est
765 603 805 646 ex
825 584 955 667 antiquo
973 584 1181 646 monumento
1199 580 1392 666 propagata,

190 692 253 756 sed
284 710 303 754 a
333 693 505 754 correctore
535 706 597 750 non
628 685 727 751 stulto
757 689 947 774 excogitata.
996 684 1031 750 Si
1063 685 1141 770 quid
1170 685 1254 749 nosti
1276 683 1393 748 rectius

192 799 270 860 istis
292 794 444 859 candidus
467 792 616 876 imperti,
642 793 670 855 si
692 812 755 856 non
773 797 846 857 utra
866 795 1046 858 coniectura
1065 794 1108 857 sit
1126 794 1229 877 potior
1241 789 1391 854 diiudica.

194 899 263 979 Qui
293 905 400 964 autem
431 896 676 961 consideraverit
706 917 773 983 sqq.
806 907 876 962 otc
907 899 951 963 rot
982 898 1040 976 μὲν
1072 893 1160 963 ἄλλον
1194 901 1295 960 οιοτῶ
1328 893 1392 958 uri.

193 1004 285 1089 quod
313 1003 513 1089 praecedenti
544 1004 666 1065 'HMIN
697 1000 729 1065 u
752 1009 834 1080 τῶο;
858 1004 1042 1088 respondet,
1066 1003 1197 1070 sortame
1220 1001 1395 1068 secundum

192 1131 253 1175 me
276 1110 352 1174 leret
375 1109 577 1174 sententiam.

247 1213 336 1294 Quod
370 1212 510 1282 Graecus
540 1213 638 1278 lector
668 1217 803 1280 coniecit
835 1217 966 1292 τούτων,
1000 1237 1195 1302 quamquam
1216 1216 1297 1281 forte
1321 1214 1396 1277 huic

194 1322 270 1388 loco
300 1325 409 1386 minus
439 1326 488 1386 est
516 1321 808 1399 accommodatum,
841 1321 938 1389 habet
968 1327 1076 1388 tamen
1100 1322 1151 1388 riv
1176 1319 1399 1400 Δημοσθενικὸν

196 1437 407 1508 χαρακτῆρα,
440 1428 495 1511 qui
535 1446 626 1510 saepe
657 1426 738 1492 solet
761 1427 955 1494 adversarios
977 1431 1012 1494 in
1035 1450 1100 1514 rep.
1124 1429 1328 1493 inconcione
1352 1445 1398 1490 se·

199 1534 312 1598 dentes
335 1531 526 1617 simpliciter
548 1534 672 1602 τούτους
698 1532 751 1598 vel
773 1534 914 1598 rocroort
937 1533 1139 1620 appellitaro,
1164 1535 1258 1598 utin
1281 1532 1399 1596 vicinia

195 1659 275 1725 pag.
301 1635 354 1702 36.
381 1636 434 1702 10.
458 1633 507 1708 οὓς
532 1635 558 1698 δ’
582 1638 612 1700 ἐν
637 1639 679 1716 τῷ
704 1635 830 1719 πολέμῳ
851 1639 1042 1720 συμμάχους
1064 1637 1263 1716 ἐκτησάμεθα
1284 1639 1398 1717 εἰρήνης

196 1744 291 1816 οὗτος
326 1742 562 1807 ἀπολωλέκασιν
594 1751 748 1820 ΟΥΤΟΙ,
782 1765 860 1830 qnos
890 1745 991 1810 oculis
1021 1744 1074 1812 vel
1106 1766 1206 1810 manu
1236 1746 1394 1832 designat.

196 1848 357 1936 Neglecta
385 1849 481 1912 huius
512 1869 589 1912 usus
611 1848 790 1914 observatio
814 1848 916 1915 alium
939 1851 1047 1916 locum
1071 1849 1213 1916 Oratoris
1237 1851 1395 1935 corrupit,

201 1959 244 2019 ut
266 1955 347 2020 inira
369 1952 581 2019 ostendemus.

251 2165 450 2251 Quicumque
469 2165 682 2251 discrepantes
699 2165 855 2234 librorum
876 2170 1047 2253 scripturas
1067 2167 1239 2256 diligenter
1257 2169 1397 2251 inspexe-

200 2275 247 2337 rit
271 2276 303 2336 et
326 2270 411 2336 unde
436 2273 515 2336 certi
538 2290 656 2336 errores
679 2272 967 2358 propullulaverint
988 2276 1125 2340 rimatus
1145 2273 1258 2350 fuerit,
1278 2273 1398 2357 passim

199 2377 374 2442 mirabitur
398 2397 495 2461 quam
519 2374 605 2442 leves
628 2383 660 2442 et
683 2378 792 2444 futiles
814 2377 1002 2445 homunculi
1025 2379 1127 2446 illotis
1149 2378 1297 2444 manibus
1317 2378 1398 2442 anti-

201 2503 269 2568 qua
302 2481 484 2547 litterarum
518 2490 727 2548 monumenta
759 2489 996 2552 temeraverint.
1051 2485 1142 2566 Quod
1177 2483 1290 2550 Orator
1323 2502 1398 2547 oum

203 2587 411 2654 acutissima
438 2589 542 2654 ironia
569 2589 691 2654 dixerat
719 2610 792 2677 pag.
826 2589 879 2656 37.
913 2589 941 2659 7.
968 2592 1020 2658 κον)
1044 2592 1079 2658 τὸ
1102 2587 1397 2672 ἀνδρειότατον

201 2700 263 2757 τῶν
295 2691 446 2773 ὑμετέρων
476 2695 576 2757 αὐτῶν
610 2693 703 2775 χάριν
736 2695 808 2776 πρὸς
839 2697 1002 2778 ὀφείλετε,
1033 2699 1108 2764 vide
1138 2697 1221 2762 mihi
1243 2701 1281 2760 ut
1303 2693 1399 2758 nihili

202 2805 359 2864 corrector
388 2800 569 2864 vitiaverit:
602 2799 811 2880 ἀνδρειότατον
840 2805 874 2866 in
907 2803 965 2869 tali
995 2823 1030 2869 re
1060 2804 1137 2889 quid
1159 2807 1241 2869 essct
1262 2803 1399 2866 miratus

203 2905 244 2969 do
276 2924 333 2969 suo
365 2903 515 2968 audacter
545 2908 712 2991 supposuit
736 2943 779 2954 -
802 2907 880 2993 quid
902 2906 1016 2994 putas?
1039 2929 1153 2995 nempe
1177 2905 1399 2986 ἀνανδρότατον

204 3030 305 3094 caque
333 3009 525 3096 perabsurda
559 3014 738 3077 coniectura
769 3032 878 3078 omnes
901 3035 985 3080 nunc
1008 3013 1106 3079 libros
1129 3013 1254 3079 obsidet
1276 3016 1400 3098 practer

205 3115 248 3192 S,
274 3117 329 3200 qui
352 3114 439 3180 solus
461 3115 673 3196 ἀνδρειότατον
697 3118 736 3182 ab
756 3119 891 3184 interitu
909 3122 1064 3198 servavit,
1085 3125 1117 3185 et
1137 3119 1215 3186 duos
1234 3118 1330 3195 alios,
1342 3116 1400 3181 ubi

206 3220 249 3286 ad
271 3221 495 3301 ἀνανδρότατον
519 3227 688 3288 annotatur
711 3226 743 3287 iu
768 3226 914 3311 margine
933 3249 982 3306 γρ.
1005 3225 1216 3305 ἀνδρειότατον
1235 3224 1398 3302 strennos.

207 3326 273 3407 Qui
302 3325 361 3392 tali
390 3325 459 3392 loco
484 3327 569 3412 apud
591 3329 739 3394 Atticum
762 3332 950 3416 scriptorem
972 3334 1109 3398 ironiam
1132 3334 1167 3396 in
1189 3327 1399 3410 ἀνδρειότατον

206 3453 272 3499 non
312 3434 409 3498 sentit
449 3432 528 3519 quid
568 3433 698 3498 tandem
742 3455 817 3499 eum
860 3435 1025 3502 hominem
1067 3439 1183 3503 sentire
1224 3429 1401 3522 putemus?

209 3537 260 3604 Οἵ.
296 3558 376 3708 qu&
412 3539 451 3604 de
482 3559 520 3603 ea
548 3561 583 3604 re
614 3539 804 3627 collegimus
835 3541 876 3606 ad
906 3541 1081 3628 Hyperidis
1111 3542 1204 3620 λόγον
1235 3538 1400 3622 ἕτντοίφνον

207 3642 328 3729 pag.l
377 3690 385 3705 .

257 3853 321 3920 Hic
350 3855 479 3941 quidem
512 3854 601 3921 locus
633 3877 672 3920 ex
696 3855 777 3922 bono
799 3853 882 3921 libro
906 3856 985 3922 olim
1008 3860 1176 3923 restitutus
1199 3862 1263 3924 est:
1288 3856 1404 3923 addam

208 3961 350 4026 alterum
380 3983 397 4026 e
420 3961 521 4026 simili
544 3962 727 4026 correctoris
751 3965 932 4027 temeritate
957 3963 1060 4028 adhuc
1084 3963 1148 4028 sere
1172 3964 1308 4028 dixerim
1332 3962 1404 4028 vul·

208 4071 368 4132 neratum.
414 4065 529 4131 Editur
553 4087 627 4153 pag.
653 4063 728 4130 134.
753 4064 808 4130 22.
834 4065 936 4131 οὶδικεῖ
958 4065 1154 4152 (Philippus)
1177 4067 1275 4133 πολὺν
1296 4067 1402 4148 χρόνον

209 4173 268 4250 ἤδη
295 4171 421 4256 (melius
442 4193 515 4260 pag.
541 4169 594 4237 70.
620 4169 649 4237 7.
676 4172 729 4248 ἤδη
754 4171 875 4254 χρόνον)
897 4173 949 4235 καὶ
970 4169 1056 4236 τοῦτ’
1079 4171 1289 4254 orichalcum
1309 4171 1403 4239 σύνοι-

210 4281 264 4344 δεν
288 4279 386 4358 αὐτῷ·
414 4273 457 4350 οἷς
481 4277 543 4356 γὰρ
566 4271 646 4341 οὗοον
672 4277 825 4359 ὑμετέροις
847 4275 913 4356 ἔχει
936 4287 1118 4343 ΧΡΗΕΘΛΙ
1136 4281 1252 4352 τούτοις
1273 4277 1404 4346 ἅτοοντοο

210 4379 322 4448 τᾶλλο
348 4383 485 4462 βεβαίων
510 4381 667 4457 κέκτηται.
714 4382 946 4468 Interpolatum
970 4389 1017 4449 est
1040 4384 1080 4449 ab
1103 4385 1211 4470 inepto
1234 4389 1405 4451 correctore

212 4491 357 4570 χρῆσθαι.
403 4487 519 4554 Manus
549 4487 688 4555 Oratoris
719 4495 845 4557 servata
875 4495 923 4554 est
953 4509 1027 4576 pag.
1061 4487 1115 4555 70.
1147 4489 1177 4555 9.
1211 4490 1296 4555 unde
1328 4491 1405 4555 haec
