3358 5200
718 343 762 414 55

188 536 265 622 Quis
289 537 395 605 eredat
417 559 529 626 ragam
549 536 739 623 Philippum
762 538 1010 604 Atheniensibus
1028 537 1109 604 hano
1128 534 1328 604 historiolam

149 645 184 710 ds
209 647 452 713 Anthemoorito
482 643 541 710 tali
571 649 714 729 tempore
741 646 822 710 serio
844 665 985 710 narrasse
1008 649 1046 708 ut
1068 644 1246 710 ostenderet
1268 647 1327 710 im·

148 753 232 834 pium
262 757 295 817 et
324 748 513 816 sceleratum
537 770 604 816 esse
626 749 748 815 sasinus
770 755 1004 816 sacrosanctum
1027 749 1185 816 Feoialem
1208 749 1329 816 violare

149 861 200 920 aut
222 853 355 922 neoarel

188 959 354 1028 Praeterea
379 982 398 1027 a
420 960 551 1027 Reislrio
574 964 680 1047 aooipe
704 958 879 1038 θπθμνυμΑ
902 983 960 1047 pro
983 962 1203 1038 ὑπομνήματα.
1250 961 1328 1027 Din-

148 1065 257 1132 dorfius
288 1066 459 1153 vulgatam
489 1069 625 1132 retinuit
652 1067 768 1131 similia
790 1069 921 1152 εποιυρία
944 1091 1004 1132 σοις
1027 1067 1143 1133 dicens.
1192 1066 1229 1131 Si
1250 1067 1329 1132 loeis

148 1172 324 1257 depravatis
354 1175 416 1238 erit
445 1172 654 1250 credendum,
688 1173 726 1238 de
755 1179 887 1239 naturae
909 1177 1044 1240 veritate
1068 1179 1101 1239 et
1123 1171 1330 1258 simplicitate

148 1283 248 1343 astum
272 1283 333 1344 est.
368 1278 475 1365 Negat
495 1299 572 1344 sana
590 1279 689 1356 ratio,
713 1278 789 1343 libri
808 1281 899 1344 aiunt
906 1300 914 1357 ;
938 1280 1003 1343 atri
1020 1279 1160 1356 creditis,
1176 1276 1332 1359 Quirites?

188 1381 352 1450 Contraria
383 1402 486 1449 errore
514 1390 681 1470 peceatum
705 1389 753 1450 est
775 1386 860 1470 apud
881 1384 1130 1452 Demosthenem
1152 1406 1226 1472 pag.
1253 1383 1330 1450 616.

152 1487 199 1553 18.
229 1497 288 1556 τῶν
319 1488 414 1570 ἔργιον
446 1487 485 1556 ὦν
516 1489 692 1569 ὑπίμννμΑ
717 1489 794 1565 ἦσαν
822 1493 848 1556 οί
872 1491 1012 1571 ςέφανοι.
1061 1491 1182 1558 Addita
1202 1489 1333 1557 literula

150 1595 363 1661 scribendum:
388 1591 427 1661 ὧν
450 1597 668 1675 ὑπσμννίμΑΤ’
694 1594 771 1671 ἦσαν
795 1599 820 1662 σί
845 1597 986 1680 ςέφανοι.

189 1837 267 1926 Pag.
292 1837 368 1904 160.
396 1839 428 1904 2.
453 1839 505 1903 καί
531 1840 595 1917 γὰρ
616 1835 667 1902 ὅτε
691 1845 830 1918 φανερῶς
854 1837 1055 1921 διεφερόμεθα
1080 1840 1177 1922 aecer
1203 1837 1332 1917 ἕξεπίμ·

150 1967 238 2020 τετε,
280 1943 361 2033 [καί]
400 1946 470 2016 τοὺς
504 1946 656 2018 πλέοντας
690 1948 727 2016 είς
765 1947 847 2022 ἡμᾶς
884 1945 1050 2018 ἐπωλεῖτε,
1086 1955 1149 2017 τοῖς
1185 1946 1330 2016 ἐναντίοις

150 2049 315 2126 ἐβοηθεῖτε,
346 2051 402 2125 τὴν
425 2055 528 2132 χώραν
551 2075 610 2128 μου
635 2058 736 2124 κακῶς
760 2051 902 2119 ίποιεΐτε.
950 2055 1017 2116 Aut
1039 2051 1157 2136 ubique
1180 2055 1237 2115 aut
1259 2071 1331 2114 nus-

150 2175 238 2240 quam
260 2158 316 2222 καί
338 2157 612 2242 interponendum.

190 2261 289 2343 Quem
313 2265 461 2349 ineptum
483 2268 531 2328 est
554 2262 592 2328 de
614 2262 710 2350 longo
734 2268 767 2328 et
788 2261 1016 2329 molestissimo
1034 2262 1119 2329 bello
1139 2262 1257 2328 dicere:
1277 2258 1327 2326 ίτε

150 2375 279 2450 Φοινερῶς
304 2367 518 2450 διεφερόμεθα.

189 2611 264 2702 Peg.
297 2609 373 2677 160.
397 2607 429 2674 8.
453 2607 525 2690 πρὸς
549 2608 601 2675 τὸν
624 2607 741 2690 Πέρσην
764 2607 909 2690 πρέσβεις
933 2608 1142 2679 οίπεςοίλιιατε
1166 2609 1329 2686 πείσοντας

151 2719 235 2784 αιἰτδν
265 2715 333 2796 ἐμοί
365 2723 525 2793 πολεμεῖν.
559 2720 591 2790 et
620 2720 692 2800 post
721 2734 838 2800 pauca:
869 2721 1010 2780 τοσοῦτον
1041 2716 1112 2793 ὑμῖν
1136 2717 1251 2797 περίεει
1275 2721 1327 2782 τοῦ

150 2823 215 2902 πρθς
237 2823 292 2900 ἐμὲ
316 2823 424 2899 μίσους
449 2819 506 2889 tiss
530 2821 601 2900 πρὸς
627 2821 737 2886 ἐκεῖνον
761 2819 944 2901 διαλέγεσθε
967 2821 1034 2902 περί
1058 2827 1112 2896 τῆς
1138 2822 1326 2903 ἐπιμαχίας.

150 2925 314 2995 Verissima
337 2929 415 2994 haee
438 2931 513 2992 sunt
536 2931 568 2992 et
590 2948 610 2993 6
632 2926 836 3014 Theopompo
859 2933 976 2993 sumta.

190 3035 258 3122 Ipso
288 3034 503 3103 Demosthene
533 3039 661 3100 auctore
693 3034 739 3119 (in
769 3034 852 3099 Phil.
884 3031 941 3097 111.
965 3053 1038 3121 pag.
1067 3031 1140 3098 129.
1168 3033 1222 3120 10)
1248 3055 1329 3102 anno

151 3141 256 3207 abhinc
289 3143 385 3207 tertio
419 3140 522 3228 legati
556 3139 595 3204 ad
629 3160 738 3226 regem
769 3139 940 3204 Persarum
970 3141 1062 3204 missi
1092 3145 1175 3204 sunt.
1223 3141 1330 3208 Movit

150 3265 249 3333 regem
279 3245 461 3333 legatorum
493 3245 593 3310 oratio
623 3249 656 3308 et
687 3241 831 3329 Satrapis
859 3263 930 3309 orae
953 3245 1135 3310 maritimae
1156 3247 1330 3330 imperavit

151 3355 184 3414 ut
203 3351 373 3418 Perinthiis
397 3371 415 3415 a
437 3348 589 3434 Philippo
613 3350 747 3415 obsessis
770 3349 1012 3434 opitularentur.

192 3454 251 3523 Sed
281 3461 329 3523 est
359 3457 479 3522 vitium
501 3457 536 3519 in
559 3456 664 3521 verbis
687 3455 868 3534 διαλέγεσθε
895 3457 1040 3535 περὶτῆς
1066 3457 1254 3536 ἐπιμαχίας.
1292 3456 1329 3521 In

151 3599 233 3669 libris
264 3611 311 3672 est
341 3603 408 3684 περὶ
432 3609 487 3674 τῆς
511 3602 756 3683 ἐπισυμμαχίας
779 3609 892 3668 natum
916 3623 955 3670 ex
980 3559 1168 3682 illpazlas.
1204 3603 1241 3668 In
1264 3626 1328 3672 uno

153 3704 257 3776 Godioe
286 3714 441 3778 eorreotor
471 3709 649 3791 ἐπιμαχίας
674 3709 866 3775 emendavit.
912 3707 1011 3775 Recte
1034 3709 1162 3794 quidem
1186 3711 1330 3796 quisquis

153 3819 207 3894 oet3
236 3817 290 3882 sed
316 3819 433 3882 vitiose
460 3815 600 3880 abundat
623 3814 777 3880 articulus
798 3816 832 3879 in
857 3816 922 3895 περὶ
948 3823 1033 3881 THC
1057 3815 1247 3895 despexisse.
1281 3816 1330 3880 Ex

151 3920 214 4004 ipsa
241 3926 288 3988 rei
315 3927 430 3988 natura
459 3925 627 4006 postquam
659 3919 786 3998 foedus,
817 3923 967 3997 societas,
999 3941 1062 4005 pax
1084 3923 1260 4006 composite
1282 3927 1330 3988 est

153 4026 341 4110 appellantur
364 4028 397 4090 αί
421 4026 567 4104 σπονδαί,
593 4027 626 4090 αί
650 4026 812 4102 συνθῆκαι,
838 4028 855 4100 ἦ
880 4027 1077 4105 συμμαχία,
1104 4026 1121 4098 >l
1147 4025 1326 4108 ἕπιμαχία,

154 4131 301 4212 triplae.
329 4133 382 4198 sed
408 4132 484 4198 dum
511 4133 549 4198 de
571 4153 648 4219 paee
672 4133 765 4198 etde
789 4134 920 4197 caeteris
944 4134 1052 4219 agitur
1075 4133 1194 4197 incerto
1214 4139 1330 4199 eventu

154 4233 261 4302 dieitur
290 4237 491 4316 διαλίγεσθαι
521 4237 587 4317 περ1
613 4238 746 4316 είρνίυνσ,
770 4238 838 4319 περ)
863 4237 1011 4314 σπονδῶν,
1036 4235 1101 4317 περί
1127 4239 1329 4319 συμμαχίας.

153 4337 371 4430 Exemplorum
395 4345 489 4430 plena
511 4351 586 4410 sunt
608 4347 726 4410 omnia.
773 4343 899 4410 Vitium
924 4342 983 4410 alit
1005 4343 1093 4409 loeus
1112 4345 1333 4433 Aristophanis

154 4446 182 4509 in
204 4448 324 4536 Ιιρείνθσ.
350 4447 426 4516 983.
