3404 5192
743 387 808 456 319

508 579 540 643 οὐ
564 584 642 640 ΓΑΡ
667 571 711 640 ἔτ’
735 574 857 654 ἔμπεδα
882 583 975 662 γυῖα,
1001 577 1105 659 Φίλος.

190 689 223 750 et
254 681 492 768 praecedentem
521 680 719 749 versiculum
750 682 798 745 ναί
824 682 859 757 re
884 717 925 730 —
950 680 1063 757 ἔοεοτες
1088 686 1234 769 spurium
1259 707 1325 751 esse
1351 687 1383 751 et

190 786 502 868 ταρεμβεβλημέοοο.
543 786 615 852 Ηοο
645 807 771 873 quoque
793 787 1002 852 manifestum
1024 793 1072 854 est
1094 791 1129 854 in
1152 793 1291 875 antiquis
1315 789 1380 856 Ho-

191 896 272 960 meri
313 892 424 969 lihris,
468 892 584 977 quibus
625 892 828 958 Aristarchus
870 897 1028 973 uteretur,
1067 893 1263 960 versiculum
1297 896 1383 960 hunc

192 1001 348 1084 scriptum
377 1018 440 1063 non
470 999 567 1062 fuisse
597 1017 731 1081 samque
761 998 906 1064 fraudem
937 1001 972 1063 in
998 1001 1228 1065 recentioribus
1252 1001 1382 1066 demum

193 1101 364 1170 (lodicibus
405 1124 470 1168 esec
511 1107 631 1168 natam.
690 1102 797 1167 Facile
840 1105 956 1168 senties
998 1109 1115 1188 quanto
1149 1105 1267 1171 melius
1299 1126 1384 1170 nunc

193 1209 336 1276 Nestoris
378 1208 510 1293 quadret
552 1210 668 1274 oratio:
705 1207 804 1274 simul
837 1216 1020 1276 removetur
1055 1211 1173 1297 duplex
1204 1211 1383 1296 τρίοροοος,

192 1317 335 1401 primum
358 1312 461 1386 τίκος,
487 1313 598 1378 deinde
617 1313 727 1388 Φίλος,
748 1319 873 1399 practer
892 1314 1100 1382 Homericum
1121 1317 1383 1382 cousuetudinem

194 1441 230 1486 sc
259 1425 383 1505 praeter
412 1419 459 1483 rei
487 1423 654 1493 notorem,
686 1439 748 1502 qus
779 1439 876 1504 quem
898 1420 998 1486 semel
1021 1420 1159 1487 solutore
1181 1424 1259 1488 setis
1280 1427 1328 1487 est
1352 1433 1384 1486 et

194 1529 391 1591 consuetum.
427 1522 549 1589 Eodem
572 1524 775 1591 incommodo
797 1526 1004 1612 premebatur
1025 1525 1114 1594 locus
1137 1527 1176 1594 ab
1200 1527 1383 1600 Aristarcho

195 1629 398 1698 emendatus:

333 1733 463 1800 κέκλυτέ
485 1758 545 1813 μευ
567 1734 688 1812 μύθων,
713 1733 797 1800 κακοί
821 1759 877 1816 τερ
901 1735 1080 1821 τοίοχοντες
1105 1739 1234 1821 ἑταῖροι,

325 1836 375 1906 ‘o
403 1849 540 1916 orror,
564 1841 596 1904 οὐ
620 1841 684 1920 γὰρ
705 1840 816 1918 τίομεν.

195 1947 249 2015 vel
282 1945 387 2014 solum
421 1945 503 2010 illud
538 1941 559 2010 ὦ
595 1945 682 2022 Φίλοο
713 1949 821 2033 arguit
852 1968 890 2013 ee
917 1968 998 2033 quse
1028 1949 1220 2033 praecedunt
1251 1948 1385 2017 moleste

198 2052 358 2120 shundore
381 2056 413 2118 et
435 2070 667 2137 supervacaneo
691 2071 768 2117 esse.

241 2157 440 2234 versiculus,
474 2176 569 2240 quem
598 2158 702 2222 nescio
733 2158 803 2240 quie
834 2156 919 2222 mole
951 2158 1080 2226 sedulus
1109 2162 1292 2246 importuno
1314 2161 1384 2228 loco

196 2267 346 2342 inseruit,
372 2265 407 2327 in
430 2268 563 2346 utroquo
586 2263 724 2327 carmine
748 2261 890 2334 κυκλοκίς
915 2263 987 2330 terr.
1034 2263 1225 2350 Saepissime
1247 2267 1383 2356 legitur:

466 2366 531 2432 Ναί
557 2367 593 2442 δὴ
617 2365 723 2431 ταῡτοί
747 2391 785 2444 γε
811 2366 938 2452 ταντα,
962 2367 1060 2448 γέρον.

196 2474 249 2542 vel
270 2493 326 2560 pro
348 2471 435 2553 γέρον
459 2473 566 2550 τέκος,
592 2471 662 2550 ίεοί,
689 2471 801 2550 γύναι,
825 2472 935 2554 φίλος,

929 2579 1014 2646 κατὰ
1037 2590 1146 2662 μοῖραν
1170 2582 1294 2656 ἔοεοπεο.

195 2686 249 2753 vel
268 2686 332 2753 elio
354 2686 457 2752 forme
479 2710 513 2763 γ.
538 2683 616 2750 331.

331 2788 353 2856 ὦ
376 2789 482 2871 γέρον,
507 2790 570 2866 ἤτοι
594 2795 701 2855 ταῦτα
724 2791 810 2856 κατὰ
833 2799 943 2873 μοῖραν
973 2791 1158 2870 κατέλεξας.

198 2897 251 2965 vel
274 2922 308 2976 γ.
332 2895 408 2964 327.

332 3001 366 3070 εὖ
387 3001 422 3080 δὴ
446 3000 551 3067 ταῦτα
574 3001 609 3079 γ’
631 3001 771 3087 ἔφησθα,
797 3002 883 3094 γᾷρον
908 3003 994 3084 Φίλε.

197 3111 251 3180 vel
273 3134 308 3191 χ.
333 3107 410 3175 486.

334 3216 381 3281 ναί
408 3215 443 3289 δίο
467 3212 572 3279 τοῦτοί
596 3236 656 3298 γε,
680 3212 782 3279 τέκνον
807 3210 897 3290 ἐμίν,
921 3216 1007 3280 κατα
1030 3224 1139 3296 μοῖραν
1164 3215 1288 3291 ἕτεοτεο.

200 3323 252 3389 vel
276 3333 313 3388 Σ.
338 3320 415 3386 128.

335 3428 383 3494 ναί
409 3426 445 3500 δίο
467 3433 617 3490 ΤΑΥΤΑ
641 3447 699 3501 γε,
722 3422 844 3509 τέκνον,
869 3425 1028 3504 ἐτήτυμον.

200 3536 258 3601 ubi
287 3539 396 3600 temen
426 3536 530 3596 ταῦτα
561 3530 751 3597 mendosum
782 3537 839 3596 est.
886 3530 1057 3598 chebsnt
1085 3534 1172 3598 euim
1201 3531 1322 3598 scribae
1348 3553 1387 3598 ox

200 3647 248 3708 tot
270 3639 404 3706 Homeri
426 3638 504 3705 locis
528 3637 653 3702 ἔναυλον
678 3634 725 3700 τί·

562 3743 610 3807 ναί
634 3743 669 3818 ri
692 3741 798 3808 ταῦτα
822 3767 862 3821 γε
885 3743 1003 3810 ταντα.

201 3851 256 3916 sed
277 3871 362 3917 nunc
384 3851 530 3936 quidem:

448 3954 496 4020 ναί
520 3955 556 4031 δίο
579 3962 731 4020 ΤΟΥΤΟ
756 3979 815 4040 γε,
839 3953 944 4021 τέκνον
952 4003 961 4032 ,
987 3956 1147 4034 ἐτήτυμον.

200 4062 355 4147 scriptum
379 4062 530 4147 oportuit.

244 4164 281 4230 In
303 4164 371 4233 loco
395 4166 485 4232 Ilicd.
509 4177 542 4232 Β.
568 4163 644 4231 284.
670 4165 797 4232 Belikor
819 4171 852 4230 et
873 4165 907 4232 la
928 4165 1036 4232 Rocho
1060 4165 1245 4234 ediderunt:

358 4273 518 4351 Ἀτρεΐδη,
543 4277 594 4337 οὖν
619 4280 676 4336 ΔΗ
701 4294 756 4355 τε,
780 4271 890 4350 τοίναξ,
917 4269 1065 4336 ἐθέλουσιν
1091 4271 1218 4352 Ἀχαιοί

360 4380 454 4442 πᾶσιν
480 4376 644 4455 ἐλέγχοςον
669 4376 802 4453 θέμεναι.

200 4499 262 4544 non
286 4480 383 4547 dubio
405 4501 515 4548 errore.
552 4481 640 4548 Audi
663 4483 750 4547 enim
773 4482 929 4549 disertum
952 4484 1129 4552 Aristarchi
1148 4487 1387 4556 testimonium:
