3372 5192
886 361 951 432 528

366 555 444 645 Peg.
484 556 560 623 616.
598 553 651 622 24.
689 555 741 620 καὶ
758 559 911 622 ’τοιαῦτα
946 556 999 621 καὶ
1034 559 1174 622 τοσαῦτα
1209 556 1245 622 τθ
1281 561 1394 634 πλῆθος
1424 559 1507 625 κακά

320 661 514 744 εἰργασμένοι
549 665 592 735 rie
625 662 705 726 τοῦθ’
730 657 800 738 ἀμα
825 662 1024 736 ἀναισθησίας
1048 661 1100 727 καῖ
1125 660 1244 740 τθλμθς
1269 665 1509 744 προεληλύθασιν

318 767 376 837 sies
399 770 571 848 μέμνηνται
596 768 710 834 τούτων
734 769 772 840 ἀς
797 773 901 838 καλῶς
925 769 1031 842 αὐτοῖς
1057 768 1244 849 διῳκημένων
1267 767 1337 834 sce·
1355 773 1393 836 'O
1415 779 1508 836 ΜΕΝ

320 873 415 940 οίεται
449 873 487 941 δι’
519 875 627 940 ε’κεῖνον
652 875 705 956 ὑφ’
735 875 815 952 ὑμῶν
841 874 1044 949 σωθήσεσθαι,
1071 877 1108 940 'O
1135 884 1191 939 ΔΕ
1214 875 1433 957 παρακάθηται
1457 876 1508 941 καῖ

318 983 351 1046 ού
376 980 569 1046 καταδύεται
593 989 655 1054 τοῖς
680 979 923 1061 πεπραγμένοις.
971 979 1135 1047 Dobraeus
1158 983 1312 1066 expunxit
1334 983 1433 1049 verba
1453 981 1509 1052 ύςε

318 1085 554 1166 μέμνηνται-
573 1087 767 1166 depraedans.
823 1084 932 1170 Inepte
964 1088 1137 1170 repetitum
1168 1084 1225 1154 ύςε
1244 1125 1285 1136 --
1303 1085 1374 1153 des·
1407 1089 1421 1153 θ
1452 1089 1508 1166 μέν

318 1198 441 1258 eertum
473 1191 669 1279 corruptelae
698 1192 855 1256 indicium
888 1195 946 1256 est.
1004 1189 1067 1256 seu
1100 1193 1204 1258 multo
1238 1195 1368 1280 gravior
1401 1196 1509 1261 subest

318 1298 415 1365 labes.
462 1299 511 1365 De
544 1299 661 1385 quibus
692 1294 820 1364 taudem
851 1295 995 1381 loquitur
1027 1316 1126 1381 quum
1150 1299 1230 1364 dicit
1251 1298 1265 1363 θ
1288 1299 1345 1376 μὲν
1364 1339 1405 1348 -
1424 1303 1438 1366 θ
1460 1299 1509 1366 ui

318 1403 355 1469 In
385 1406 426 1470 iis
458 1405 607 1470 omuibus
630 1425 710 1490 quae
733 1402 926 1489 praecedunt
949 1402 1035 1468 solus
1056 1401 1232 1469 Androtion
1255 1407 1454 1492 exagitatur,
1477 1413 1509 1472 et

317 1512 352 1574 in
382 1512 423 1576 iis
455 1531 536 1596 quae
563 1512 712 1576 continuo
736 1512 912 1594 sequuntur
937 1507 1028 1596 (616.
1054 1507 1121 1594 29.)
1147 1507 1223 1574 οὕτω
1248 1509 1273 1573 δ’
1297 1512 1330 1576 ού
1353 1510 1442 1589 μθνον
1465 1513 1507 1583 sir

317 1615 472 1697 χρήματα
497 1614 643 1680 ἀναιδΗΟ
666 1615 755 1681 ἀλλά
780 1614 831 1679 καὶ
858 1624 990 1680 σκαιΟΟ
1014 1617 1059 1684 ἔτι
1082 1616 1147 1681 κτὲ.
1171 1616 1210 1680 de
1229 1615 1295 1682 solo
1314 1618 1507 1684 Androtione

317 1741 421 1788 sermo
440 1727 498 1786 est.
533 1721 625 1786 Unde
643 1725 746 1810 igitur
764 1724 951 1807 necopinato
963 1721 1037 1788 inde
1048 1742 1067 1787 a
1078 1743 1153 1810 pag.
1166 1721 1242 1788 616.
1257 1721 1352 1788 18-
1363 1720 1438 1789 616.
1453 1722 1506 1788 29.

318 1829 391 1893 duos
413 1826 598 1893 insimulat:
622 1830 676 1904 την
699 1829 756 1906 μὲν
781 1827 843 1893 θεὸν
867 1827 937 1899 τοὺς
961 1826 1114 1910 τεφάνοος
1139 1829 1348 1906 σεσολύκασι,
1373 1837 1428 1905 τῆς
1454 1827 1506 1894 πθ-

317 1951 394 2008 λεως
427 1933 458 1999 δέ
484 1935 535 1999 τὸν
558 1932 648 2014 ζιῖλον
671 1934 860 2016 ἠφανίκασι,
884 1933 953 2005 τοὺς
979 1932 1005 1997 θ’
1029 1934 1198 2006 ἀναθέντας
1222 1933 1313 2012 δίξαν
1337 1937 1370 2000 ού
1394 1936 1507 2014 μικράν

319 2039 516 2124 ἀφῄρηνταιί
547 2045 579 2106 et
610 2041 716 2107 addit:
748 2064 781 2106 οο
807 2040 938 2124 stuporis
960 2046 988 2104 οθ
1010 2041 1156 2104 audaciae
1172 2049 1380 2126 praesamant
1402 2038 1507 2106 ύσθθ

319 2148 374 2225 μέν
400 2145 494 2212 οῖεται
519 2147 556 2212 δι’
579 2147 688 2211 ἐκεῖνον
711 2147 916 2222 σωθήσεσθαι,
941 2146 955 2209 θ
979 2145 1010 2209 δὲ
1034 2145 1252 2227 παρακάθηται
1277 2148 1329 2212 καὶ
1354 2149 1385 2213 ού
1409 2170 1507 2211 κατα-

318 2254 423 2321 δύεται
447 2263 509 2327 τοῖς
535 2251 787 2335 πεπραγμένοιςί
829 2253 953 2318 Dicam.
998 2252 1227 2318 Demosthenes
1249 2274 1310 2319 non
1333 2256 1380 2319 ita
1403 2253 1507 2318 multu

318 2365 390 2446 post
414 2381 510 2446 quam
532 2363 699 2446 scripserat
723 2361 898 2426 orationem
917 2355 991 2422 κατ’
1014 2358 1218 2439 Ἀνδροτίωνος
1239 2359 1372 2424 alteram
1394 2363 1506 2426 oratio

316 2487 389 2531 nem
422 2468 600 2552 composuit
630 2465 716 2531 κατὰ
746 2464 978 2543 Τιμοκράτους,
1014 2467 1070 2549 qui
1102 2487 1167 2531 una
1201 2487 1275 2531 cum
1312 2465 1507 2532 Androtione

316 2570 422 2637 multa
450 2571 597 2656 improba
626 2572 766 2636 facinora
797 2575 827 2635 et
851 2569 977 2656 flagitia
1000 2573 1213 2637 commiserat.
1258 2570 1370 2657 Itaque
1394 2569 1507 2637 Orator

317 2697 397 2763 quae
414 2678 503 2761 prius
521 2679 556 2740 in
576 2677 770 2742 androtione
789 2675 855 2742 solo
877 2678 1049 2761 asperrime
1070 2680 1287 2766 exagitaverat
1299 2678 1410 2744 eadem
1422 2699 1506 2744 nunc

315 2785 442 2868 utrique
473 2783 676 2868 exprobravit
705 2788 737 2848 et
767 2786 801 2848 in
834 2804 870 2849 ea
894 2790 983 2868 parte
1006 2785 1215 2848 accusationis
1239 2784 1349 2849 eadem
1373 2787 1509 2850 crimina

314 2888 430 2954 iisdem
452 2908 549 2974 prope
569 2889 689 2966 verbis,
716 2889 832 2974 quibus
856 2894 950 2954 antea
972 2908 1049 2954 usus
1072 2889 1191 2966 fuerat,
1216 2892 1371 2975 exposuit.
1419 2887 1506 2969 Quae

314 2995 468 3082 leguntur
486 2996 520 3059 in
543 2996 726 3059 iimocrotcc
745 3016 819 3082 pag.
845 2993 920 3062 750.
942 2993 972 3059 3.
994 2995 1047 3058 καὶ
1068 3001 1182 3074 πρῶτον
1202 2995 1259 3072 μὲν
1275 2996 1327 3074 ἐφ’
1341 2991 1362 3075 ᾧ
1376 2992 1504 3073 μέγιςον

315 3106 421 3184 Φρονεῖ
440 3101 505 3164 κτὲ.
529 3121 630 3187 usque
650 3101 690 3166 ad
708 3122 780 3189 pag.
809 3098 884 3166 758.
907 3100 960 3166 21.
984 3138 1025 3149 -
1045 3100 1222 3178 ύγνενκέναι
1242 3099 1381 3165 τοιούτων
1401 3102 1505 3176 ἐπιτη-

316 3203 477 3282 δενμάτων
506 3203 554 3271 οία
578 3206 675 3287 τούτῳ
698 3205 875 3287 βεβίωται,
900 3228 937 3273 ea
959 3207 1024 3272 iere
1047 3209 1155 3272 omnia
1177 3208 1379 3292 paucissimis
1402 3211 1504 3271 muta·

315 3316 357 3378 tis
389 3315 421 3376 et
443 3312 538 3379 modo
561 3315 688 3379 omissis
711 3313 805 3379 modo
830 3312 948 3378 additis
972 3311 1134 3378 nonnuliis
1157 3312 1310 3400 leguntur
1332 3314 1367 3377 in
1390 3314 1506 3377 Αιιάιο-

315 3421 415 3484 tiones
438 3439 551 3505 apag.
577 3417 653 3486 607.
678 3417 732 3483 25.
757 3421 809 3484 καί
835 3425 949 3498 πρῶτον
974 3419 1030 3496 μέν
1055 3418 1106 3499 ἐφ’
1126 3413 1146 3497 ᾧ
1168 3417 1297 3496 μέγιςον
1317 3423 1423 3501 Φρονεῖ
1438 3419 1504 3484 uri.

316 3544 415 3610 usque
446 3523 486 3588 ad
517 3522 611 3589 finem
643 3545 716 3613 pag.
742 3523 815 3590 618.
845 3524 896 3589 10.
919 3563 960 3574 -
982 3523 1161 3602 ἡγνευκέναι
1184 3523 1324 3589 τοιούτων
1348 3516 1504 3599 ε’πίτηδειι-

316 3631 424 3708 μάτων
447 3624 496 3694 οία
520 3630 616 3712 τούτῳ
640 3630 804 3709 βεβίωται.

361 3736 591 3802 Demosthenes
615 3742 722 3803 eutem
746 3739 804 3804 ubi
829 3739 933 3823 coepit
956 3736 1065 3802 eadem
1086 3756 1166 3820 quae
1187 3737 1363 3802 antoniam
1384 3736 1507 3802 dixerat

315 3841 431 3907 iisdem
469 3861 565 3926 prope
604 3843 708 3908 verbis
746 3846 878 3919 iterare,
909 3843 986 3907 haec
1021 3843 1199 3927 praemittit
1233 3863 1304 3930 pag.
1339 3840 1416 3909 749.
1451 3841 1504 3907 28.

313 3945 392 4024 λέξω
417 3947 442 4012 θ’
468 3946 550 4012 οὐδέν
574 3944 612 4012 dr
636 3949 783 4022 ἀκηκόαθ’
809 3949 915 4034 ὑμεῖς,
943 3958 981 4012 ΕΙ
1005 3957 1070 4012 ΜΗ
1095 3972 1173 4020 τινες
1196 3946 1257 4027 ἀρα
1283 3949 1333 4012 tari
1361 3947 1436 4036 (leg.
1462 3947 1504 4034 ἐν)

312 4063 376 4128 τοῖς
407 4054 581 4132 Εὐκτήμονι
614 4055 806 4134 γιγνομένοις
838 4057 940 4134 ἀγῶσι
969 4061 1123 4134 παρῆσαν.
1169 4053 1336 4120 Habemus
1359 4052 1507 4120 confiten-

312 4165 380 4225 tem
404 4180 513 4243 reum,
537 4181 611 4224 nam
635 4161 764 4246 perinde
784 4166 832 4226 est
853 4181 888 4226 ac
910 4163 937 4226 si
962 4161 1111 4226 dixisset:
1136 4159 1233 4223 dicem
1256 4162 1355 4224 οοιῖαιι
1376 4183 1451 4246 quae
1473 4159 1507 4222 ῖιι

314 4288 404 4329 caasa
422 4265 608 4330 Euaemonis
630 4267 677 4351 (id
698 4273 746 4333 est
766 4270 837 4330 κατ’
858 4266 1066 4345 Ἀνδροτίωνος
1088 4287 1160 4352 pag.
1185 4264 1261 4329 593.
1290 4265 1321 4352 1)
1342 4274 1412 4330 aare
1431 4265 1506 4330 diei.

359 4369 394 4434 Si
426 4373 493 4435 sine
524 4371 635 4436 frauda
667 4379 724 4438 aut
749 4373 929 4438 confusione
953 4373 1063 4438 eadem
1087 4371 1136 4436 bis
1161 4374 1278 4457 scripta
1301 4371 1507 4446 haberemus,

314 4477 484 4567 egregium
515 4476 554 4542 ad
586 4477 843 4545 constituendum
874 4483 1001 4544 textum
1023 4477 1251 4544 Demosthenis
1273 4478 1451 4544 subsidium
1476 4483 1509 4544 et
