3372 5192
741 267 761 296 N
893 335 960 412 538

332 536 371 598 ut
401 529 537 598 assolent
564 535 683 613 ’πρῶτον
715 531 772 610 μέν
796 535 829 598 et
851 529 972 599 ἔπειτα.
1018 532 1130 599 Prime
1153 531 1292 601 conditio
1315 540 1364 603 est
1386 533 1521 622 duplex:

332 639 375 719 τῷ
406 637 501 717 μηδὲν
528 637 679 713 ἠδικηκότι
703 639 827 703 πύποπε
851 640 924 716 μηδ’
947 639 987 707 ἀν
1008 639 1123 706 ἀδικεῖν
1146 640 1300 719 βούληται
1324 641 1521 724 δυνησομένῳ.

332 743 561 810 Demosthenes
592 745 716 829 eopiose
746 743 855 809 doouit
885 764 948 809 non
978 765 1045 812 esse
1075 747 1152 812 setis
1175 746 1211 812 οδ
1233 748 1328 827 μηδὲν
1353 749 1522 824 ἠδικηκέναι

333 852 473 927 πώποτε,
497 869 636 936 nemque
659 869 768 915 omnes
789 853 926 916 mutetis
949 851 1147 937 temporibus
1169 859 1294 920 mutere
1318 860 1471 921 mentem.

378 956 416 1022 In
447 960 589 1022 extremo
619 955 688 1022 loeo
711 953 829 1021 soiolus
850 957 955 1022 neseio
978 959 1050 1042 quis
1073 958 1170 1040 τούτῳ
1194 959 1292 1026 δοτέον
1315 959 1525 1048 fulgidissimo

334 1064 374 1131 de
404 1082 462 1130 suo
493 1061 628 1129 eddidit.
673 1061 745 1128 Non
774 1059 935 1128 intellexit
964 1062 1042 1130 hseo
1072 1047 1182 1132 om'nie
1207 1066 1343 1151 pendere
1366 1088 1406 1133 ex
1428 1066 1527 1132 δοτέον
1658 1069 1659 1116 t

334 1194 364 1237 τι
388 1173 530 1236 τοιοῦτον.

381 1380 464 1468 Peg.
498 1377 576 1448 664.
605 1376 638 1444 2.
659 1415 703 1429 -··
721 1377 888 1458 ἡγούμενον
921 1378 1140 1467 (lphiorstem)
1171 1381 1210 1450 ύς
1245 1381 1302 1457 μὲν
1337 1382 1419 1460 ύμνῖς
1457 1383 1527 1463 ούχδ

338 1493 441 1559 καλῶς
474 1482 558 1567 ἐχειν
589 1485 699 1563 ἐλθεῖν,
733 1481 784 1558 οὓς
815 1486 932 1566 ύςέρους
957 1486 1119 1561 ἐπεποίητο
1140 1490 1194 1550 τοῦ
1218 1488 1337 1570 Θρᾳκὸς
1361 1487 1413 1552 καί
1441 1487 1524 1576 [τοῦ]

337 1591 511 1672 βαρβαρον.
557 1590 714 1677 Expunge
735 1588 873 1656 alterum
895 1595 962 1657 τοῦ.
1009 1590 1058 1657 Do
1080 1609 1143 1657 uno
1165 1591 1296 1658 homine
1318 1592 1396 1658 haee
1419 1593 1527 1658 dieun-

337 1703 400 1763 tur.
447 1703 485 1761 'O
512 1696 600 1782 Θρρὶξ
621 1696 673 1762 καί
698 1695 712 1760 θ
734 1695 894 1778 βάρβαρος
917 1695 981 1762 duo
1003 1701 1087 1762 sunt.

382 1905 457 1989 Peg.
491 1903 568 1972 666.
600 1903 655 1969 22.
686 1907 737 1969 νῦν
760 1903 791 1968 δέ
814 1903 997 1984 νένραπται
1022 1905 1184 1988 Χαριδύμιρ
1207 1908 1250 1988 τῷ
1273 1905 1363 1972 πίλιν
1385 1907 1443 1987 μέν
1468 1909 1529 1974 τύδ’

339 2014 471 2090 ἡντινοῦν
502 2014 645 2108 οἰκοῦντι,
680 2010 777 2094 Θρακί
810 2009 842 2075 δ1
872 2011 1014 2093 ἀνθρύπιρ
1049 2011 1211 2096 [βασιλεῖ]
1243 2018 1449 2091 τρατηγοῦντι
1475 2015 1528 2080 καί

337 2119 390 2186 διθι
415 2128 470 2196 τῆς
496 2119 608 2184 ἐκείνου
631 2118 801 2197 βασιλείοις
824 2116 956 2190 πολλοὺς
982 2116 1145 2183 ἀδικοῦντι.
1191 2115 1279 2182 Scire
1299 2118 1399 2185 velim
1423 2123 1531 2204 eequis

338 2228 419 2293 serio
452 2225 559 2291 erodet
588 2226 667 2290 bene
698 2221 820 2290 Graece
852 2223 914 2288 diei
944 2244 1034 2309 posse
1065 2220 1153 2307 Θρᾲξ
1182 2221 1334 2304 ἅνθρωπος
1357 2224 1529 2303 βασιλεύς,

337 2332 390 2400 vel
414 2334 542 2398 omnino
566 2329 717 2412 ἄνθρωπος
742 2328 908 2409 βασιλεύς.
954 2326 1152 2395 (lontemtim
1176 2333 1208 2395 ot
1230 2329 1391 2397 fastidiose
1414 2331 1531 2398 Demo-

338 2438 464 2503 sthenes
488 2437 612 2502 dixerut
636 2436 734 2520 Θρρικί
758 2435 788 2499 δέ
813 2436 969 2515 ἀνθρώπῳ,
993 2441 1032 2500 ut
1055 2434 1158 2500 solent
1181 2432 1296 2501 Gnseoi
1324 2437 1529 2503 barbarorum

338 2565 430 2631 reges
461 2547 519 2608 eut
547 2539 694 2630 regulos,
727 2560 806 2626 quos
836 2539 1032 2625 despiciunt,
1064 2539 1260 2627 appellitsre.
1307 2540 1360 2608 Sio
1386 2543 1400 2608 ί
1424 2546 1529 2619 Μῆδος

338 2649 471 2725 dieitur,
508 2646 523 2710 ί
558 2649 684 2728 Τύριος,
719 2646 733 2711 θ
768 2645 907 2718 Σιδώνιος
942 2651 974 2711 et
1008 2645 1180 2732 Philippus
1214 2645 1322 2713 odioso
1352 2651 1482 2715 nomine
1514 2649 1528 2714 θ

336 2751 499 2819 Μακεδών.
546 2751 658 2837 Neque
690 2751 881 2838 ambiguum
913 2771 980 2816 esse
1002 2756 1108 2837 potest
1130 2772 1225 2836 quem
1250 2752 1350 2838 diost,
1374 2757 1451 2840 quie
1474 2755 1528 2820 sd·

337 2860 420 2927 didit
443 2859 495 2924 διά
518 2865 573 2933 τῆς
596 2856 707 2923 ἐκείνου
727 2856 905 2935 βασιλείας.
943 2855 1051 2923 Simili
1071 2858 1166 2923 modo
1185 2858 1267 2923 dixit
1286 2880 1358 2947 pag.
1380 2859 1527 2927 654.18.

334 2965 451 3048 μηδένα
475 2959 553 3030 εἶναι
576 2969 634 3028 τῶν
658 2969 783 3046 Θρακῶν
805 2962 939 3044 ἰσχυρόν.
965 2983 997 3049 p.
1020 2959 1095 3028 664.
1124 2963 1177 3029 11.
1197 2965 1249 3030 τὸν
1271 2973 1381 3050 Θρᾷκα
1402 2967 1528 3050 ίσχυρὸν

338 3073 392 3157 ἐφ’
425 3071 508 3151 ύμάς
532 3068 645 3142 αὐτοὺς
668 3067 941 3134 κατεσκευακέναι.
964 3089 1040 3157 pag.
1064 3065 1142 3135 679.
1169 3069 1222 3135 11.
1245 3073 1297 3136 τὸν
1320 3070 1457 3150 πθλεμον
1480 3072 1527 3138 δε-

337 3181 404 3252 διὼς
433 3180 486 3244 τὸν
517 3176 588 3258 πρὸς
619 3175 688 3248 τοὺς
723 3180 861 3257 Θρᾷκας.
890 3197 922 3261 p.
948 3173 1025 3239 681.
1052 3173 1105 3240 15.
1130 3175 1172 3240 τίς
1196 3175 1268 3257 πρθς
1292 3177 1364 3251 τοὺς
1389 3187 1528 3264 Θρᾷκας.

337 3286 389 3353 Ad
417 3279 499 3351 huno
528 3281 635 3348 luoem
667 3281 874 3347 menifestum
905 3285 1052 3347 tenemus
1082 3281 1244 3349 emblema
1273 3305 1346 3371 pag.
1372 3284 1449 3352 689.
1474 3283 1527 3350 29.

338 3391 408 3462 τοὺς
432 3395 559 3474 Θρᾷκας
583 3386 654 3459 τοὺς
678 3385 730 3452 δύο
756 3387 840 3474 [τοὺς
864 3387 1049 3472 βασιλέας].

382 3599 464 3688 Peg.
489 3595 565 3663 666.
593 3593 622 3660 1.
649 3590 698 3677 ἀρ’
722 3589 773 3661 οὖν
795 3595 892 3662 καλίν
909 3633 951 3646 -
970 3601 1024 3663 τοῦ
1046 3595 1103 3676 μὲν
1125 3594 1215 3664 ἐνεκα
1238 3605 1294 3673 τῆς
1318 3599 1429 3664 ἑαυτοῦ
1450 3613 1529 3664 πλε-

338 3706 456 3786 ονεξίας
481 3702 755 3783 ἐπιβουλεύβοντος
779 3697 822 3775 οἶς
845 3701 884 3767 ἀν
907 3702 992 3788 τύχη
1016 3704 1160 3779 τοιαύτην
1180 3705 1327 3787 Φυλακην
1348 3704 1529 3786 ἐψηφισμέ-
1658 3685 1659 3704 ³

339 3839 402 3888 κους
434 3811 616 3896 Φαίνεσθαι,
648 3817 710 3882 τοῖς
742 3809 768 3874 δ’
801 3809 874 3890 ύπέρ
902 3818 958 3885 τῆς
983 3811 1097 3876 ἑαυτῶν
1121 3811 1290 3890 ἐλευθερίας
1312 3809 1530 3888 ἀμυνομένοις
1658 3839 1659 3864 ι

340 3918 493 4002 είρρεοθαι
518 3924 573 3993 τοῖς
598 3913 747 3996 ὑμετέροις
766 3915 959 3995 συμμαχίαι
982 3916 1186 3998 προειρηκέναι
1192 3937 1200 3996 ;
1225 3916 1437 4002 Exsequsnda
1455 3921 1552 3982 sunt·

338 4029 416 4097 hseo
446 4031 485 4090 ut
512 4022 669 4089 scribetur
692 4019 961 4100 ἐπιβουλεύσοντος
981 4059 1024 4072 --
1039 4021 1299 4109 ἀμυνΟΤμένοις,
1323 4043 1397 4090 nem
1420 4043 1532 4089 sensus

339 4139 388 4202 est
410 4129 486 4199 ὅταν
510 4129 588 4202 τινὲς
611 4127 800 4207 ἀμύνωνται.

386 4342 467 4430 Peg.
492 4337 567 4405 666.
595 4335 650 4404 23.
675 4335 780 4410 πύλαις
805 4335 1052 4417 κατελάμβανεν
1074 4335 1278 4416 Ἑλληνίδας,
1303 4339 1346 4411 είς
1371 4329 1409 4410 ἀς
1432 4335 1533 4402 είσιθον

341 4447 448 4520 πολλοὶ
478 4446 531 4512 καί
562 4443 647 4510 δεῖνα
678 4443 772 4510 ἐποίει
796 4444 922 4518 παῖδας
947 4443 1117 4526 ἐλευθέρους
1141 4445 1276 4532 [ἀδικῶν]
1301 4443 1353 4510 καί
1377 4451 1534 4525 γυναῖκας
