3358 5200
873 347 916 418 20

308 547 398 614 θεῖσιν
420 545 590 626 ὑπάρχειν,
611 545 665 620 τῖρν
686 542 711 607 θ’
733 542 926 623 άπέχθειαν,
947 541 986 608 δι’
1006 539 1038 618 ἧς
1052 539 1090 606 άν
1103 540 1243 616 άπαντες
1256 541 1289 610 εὖ
1301 543 1499 624 πράξαιμεν,

307 657 348 736 τῷ
380 657 430 718 νῦν
460 651 502 716 τά
535 649 671 729 βέλτιςα
702 649 816 715 εέπθντι
844 648 985 736 [ζημίαν]
1011 648 1163 726 γενέσθαι.
1211 649 1412 736 Respondent
1434 655 1499 718 sibi

306 763 390 826 inter
421 781 454 824 se
481 759 535 833 rip
561 756 653 836 χάριν
678 755 829 837 ὑπάρχειν
854 761 887 821 et
908 758 963 832 πῖρν
986 755 1160 834 άπέχθειαν
1183 757 1344 833 χενέσθαιῑ
1367 757 1425 822 illa
1448 781 1498 824 res

307 868 447 956 gratiam
469 866 609 950 peperit,
634 864 712 928 haec
734 861 844 926 odium
868 865 1011 948 pariture
1033 868 1097 938 eet,
1124 867 1156 927 et
1178 865 1262 927 sicut
1283 865 1430 948 ineptum
1450 873 1499 930 est

303 973 406 1038 dicere
426 971 557 1053 prusiam
579 969 784 1035 commodum
806 972 839 1032 et
857 967 1112 1033 emolumenturn
1133 967 1257 1046 afferre,
1277 971 1323 1034 sic
1343 976 1376 1033 et
1399 971 1498 1033 odium

305 1079 421 1143 damno
455 1081 487 1142 et
520 1075 711 1140 detrimento
744 1073 821 1138 fore.
876 1072 949 1158 Ipsa
982 1072 1139 1154 άτέχθεια
1174 1076 1252 1138 satis
1286 1078 1396 1160 gravis
1431 1081 1499 1140 erat

305 1182 414 1265 ζημία.
461 1179 561 1266 Saepe
590 1179 714 1245 videbis
744 1177 836 1258 χάριν
869 1184 901 1244 et
931 1178 1105 1258 ἀπέχθειαν
1133 1181 1178 1243 εἰσ
1201 1181 1286 1244 inter
1309 1200 1342 1244 se
1365 1183 1497 1264 opponi,

306 1293 344 1353 ut
384 1308 460 1374 pag.
503 1283 557 1352 58.
600 1283 654 1351 26.
698 1284 761 1352 οὔτ’
804 1284 915 1349 ἐκείνου
959 1284 1031 1364 πρὸς
1073 1283 1167 1365 χάριν
1210 1283 1275 1348 οὔτ’
1316 1285 1390 1363 έμοῡ
1424 1286 1498 1365 πρὸς

307 1392 493 1474 άπέχθειαν.

352 1606 433 1689 Pag.
466 1602 519 1670 32.
554 1602 608 1670 10.
639 1603 795 1684 ψήφισμα
827 1603 943 1675 οὐθενὸς
965 1601 1051 1682 άξιθν
1074 1606 1136 1673 έσιν
1160 1603 1198 1670 ῖον
1222 1607 1267 1684 μῖρ
1291 1605 1497 1687 προσγένηται

306 1711 342 1776 τὸ
367 1719 463 1776 ποιεῖν
486 1709 598 1775 ἐθέλειν
622 1709 663 1774 τά
686 1718 738 1773 ΓΕ
760 1709 893 1786 δέξαντα
917 1710 1075 1790 προθύμως
1100 1712 1193 1788 ὑμεῖο.
1241 1710 1324 1791 Quid
1345 1713 1407 1777 sibi
1424 1712 1497 1778 vult

307 1842 346 1896 γε
379 1819 414 1882 in
443 1816 503 1882 tali
525 1812 580 1881 rei
603 1815 695 1880 Nihil
717 1829 855 1900 prorsus.
901 1816 974 1883 Non
997 1813 1140 1882 solebant
1162 1815 1267 1882 hercle
1290 1819 1498 1884 Athenienses

305 1923 528 1989 Demosthenis
558 1925 661 1987 aetate
692 1921 749 1986 ὑπὸ
781 1921 949 2000 προθυμίας
980 1923 1077 1987 πλεέυ
1108 1929 1167 1986 τῶν
1200 1921 1350 1998 δοξάντων
1382 1932 1495 1998 ποιεῖν,

305 2049 407 2114 neque
436 2031 471 2092 iu
502 2030 661 2093 sententia
689 2027 848 2115 generali,
882 2025 985 2112 qualis
1016 2027 1093 2092 haec
1115 2032 1180 2105 est,
1203 2027 1292 2094 ullus
1313 2031 1498 2095 extenuenti

306 2134 481 2222 particulae
509 2134 616 2200 locum
642 2139 699 2197 est.
746 2131 783 2198 In
806 2135 928 2217 optimo
952 2129 1068 2198 Codice
1091 2129 1113 2198 S
1136 2132 1284 2198 voculam
1309 2158 1349 2212 γε
1372 2136 1497 2218 saepius

306 2241 363 2304 ubi
385 2246 433 2306 est
454 2239 548 2326 plane
570 2239 746 2304 necessaria
770 2241 921 2303 omissam
944 2237 1086 2315 videbis,
1107 2259 1347 2323 nonnumquam
1368 2244 1405 2304 ut
1423 2239 1455 2302 h.
1473 2239 1496 2304 1.

307 2348 463 2411 contrario
486 2365 590 2412 errore
613 2351 769 2430 peccatur.

351 2556 431 2644 Peg.
465 2554 519 2622 33.
551 2555 605 2622 22.
630 2559 656 2621 εῖ
682 2555 713 2621 δέ
735 2579 782 2628 τις
807 2557 879 2633 ἡμῖν
904 2554 971 2636 ἔχει
995 2557 1047 2621 καῖ
1071 2556 1115 2623 τά
1138 2558 1262 2637 θεωρικά
1287 2559 1340 2623 έοῖν
1363 2559 1415 2622 καῖ
1440 2560 1495 2624 πθ-

306 2686 370 2742 ρους
401 2662 515 2744 ἑτέρους
549 2662 655 2741 λέγειν
686 2663 918 2741 ςρατιυτιαοὺς,
948 2665 1008 2743 οὐχ
1036 2658 1122 2734 οὗτος
1146 2663 1305 2742 κρεῖττυν;
1334 2662 1425 2751 [εῖποι
1449 2688 1496 2736 τις

306 2765 374 2857 άν].
410 2769 494 2849 Φθμ
525 2765 646 2846 ἔγωγε,
675 2765 758 2847 εῖπερ
791 2764 873 2840 ἔςιν,
906 2763 928 2831 ὦ
952 2766 1055 2846 ἄνδρες
1081 2767 1245 2859 Ἀθηναῖοι.
1292 2768 1439 2857 Otiosum
1463 2777 1497 2834 et

305 2877 389 2939 iners
424 2873 679 2940 additamentum
717 2872 768 2938 vel
803 2873 1006 2939 incommoda
1037 2873 1125 2939 sedes
1156 2879 1272 2962 arguit.
1328 2875 1498 2941 Praeterea

306 2979 519 3059 ςρατιυτυιούς
543 2979 627 3043 mihi
650 2979 855 3044 vehementer
876 2985 1058 3064 suspectum
1083 2984 1141 3045 eat.
1190 2982 1343 3061 Χρήματα
1368 3004 1493 3060 τρατιω·

305 3083 378 3150 τινά
415 3089 448 3149 et
478 3083 602 3166 θεωρικά
633 3085 810 3159 rectissime
841 3084 975 3162 dicitur,
1007 3085 1062 3150 sed
1093 3083 1175 3166 πθροι
1206 3091 1397 3168 ςρατιυτικοέ
1427 3093 1496 3151 tarn

303 3192 459 3256 vitiosum
490 3195 539 3255 est
569 3195 665 3275 atque
696 3189 780 3268 πθροι
805 3190 944 3268 θεαριιιοῖ.
991 3188 1078 3257 Satis
1102 3197 1150 3257 est
1174 3191 1279 3271 πόρους
1306 3193 1420 3272 ἑτέρους
1445 3193 1496 3256 λε’-

304 3319 386 3376 yso,
417 3300 455 3361 ut
485 3317 559 3383 pag.
586 3292 637 3360 15.
663 3292 694 3360 3.
719 3297 844 3373 λέγουσι
869 3294 900 3359 δὲ
924 3297 977 3360 καὶ
1000 3295 1115 3368 άλλους
1139 3299 1223 3369 τινάς
1249 3297 1342 3362 άλλοι
1367 3296 1494 3377 πέρους,

304 3401 342 3469 ὦν
365 3398 471 3466 ἕλεσθε
495 3397 557 3474 ὅτις
581 3403 654 3479 ὑμῖν
678 3401 845 3484 συμφέρειν
868 3402 956 3467 δοκεῖ.

347 3613 478 3699 Duplici
515 3613 631 3680 mendo
665 3616 850 3700 inquinatus
881 3619 929 3680 est
958 3615 1047 3681 locus
1077 3617 1214 3682 eximius
1245 3638 1319 3705 pag.
1352 3615 1406 3683 34.
1440 3615 1495 3681 22.

304 3740 398 3805 quem
431 3719 637 3786 emendatum
667 3739 841 3807 apponam:
874 3719 908 3797 et
931 3717 965 3788 οὖ
990 3722 1016 3786 θ’
1040 3723 1065 3786 οῖ
1089 3721 1284 3802 διερωτῶντες
1310 3723 1392 3799 ὑμεῖς
1415 3719 1496 3787 οὗτοι

302 3828 461 3908 πεφήνασι
492 3827 611 3908 ῥήτορες
645 3827 712 3903 „cl
741 3827 947 3903 βούλεσθε
971 3827 1114 3910 γράψω
1138 3825 1181 3892 ἵν’
1206 3829 1299 3905 ὑμῖν
1322 3827 1494 3910 χαρέσιυ·

304 3931 412 4011 μαι;”
443 3931 635 4014 προπέποται
667 3939 723 4004 τιῖι
753 3934 931 4011 παραυτίκα
954 3933 1083 4013 χάριτος
1107 3933 1149 3999 τά
1173 3943 1228 4008 τῆς
1252 3935 1368 4006 τέλειος
1393 3933 1494 4014 πράμ-

304 4061 395 4115 ματα
427 4038 480 4104 καῖ
514 4035 631 4104 τοιαυτὶ
666 4036 842 4116 συμβαίνει.
891 4038 928 4104 In
950 4038 1042 4104 libris
1066 4040 1214 4106 omnibus
1237 4041 1315 4106 haec
1339 4043 1496 4125 scriptura

303 4143 541 4208 circumfertur:
584 4145 617 4208 τέ
651 4142 800 4221 βούλεσθε
809 4164 817 4222 ;
854 4154 899 4210 Tl
936 4143 1067 4224 protom
1104 4153 1149 4209 TI
1185 4146 1257 4223 ὑμῖν
1291 4146 1493 4227 χαρέσυμαι;

299 4249 362 4311 nisi
384 4248 467 4332 quod
489 4250 523 4312 in
546 4250 677 4333 optimis
704 4250 832 4313 barbara
854 4251 957 4316 forma
980 4251 1153 4331 χαρῖσομαι
1176 4251 1308 4340 legitur.

349 4455 429 4545 Pag.
462 4454 514 4522 35.
542 4455 593 4522 19.
619 4457 680 4541 ῖδῖρι
704 4458 731 4523 δ’
754 4457 830 4524 οὕτω
854 4458 1003 4542 σώφρονες
1029 4459 1105 4536 ἦσαν
1129 4465 1279 4548 (maiores
1302 4467 1415 4542 nostri)
1439 4464 1493 4529 καῖ
