3410 5180
870 355 936 426 446

306 543 373 610 νέον
399 543 443 610 rol
466 549 615 630 τοιοῦτον,
639 542 677 610 ὦν
701 547 969 627 προεπινοηθέντων
992 547 1105 621 οἰκείως
1130 547 1170 614 ἂν
1191 549 1363 629 ἐπνφέροντο
1386 552 1423 617 rb
1445 549 1497 616 τὸν

306 650 490 729 κεκτημένον
515 650 599 716 adri:
624 651 682 717 ὑπὸ
707 660 762 728 τῆς
786 652 929 733 εὐπορθοος
953 655 1006 718 οὐκ
1029 656 1114 736 ἔχειν
1136 649 1203 720 dac:
1227 653 1318 736 χέοη.

351 756 562 824 Manifestum
586 763 635 822 est
654 759 853 824 Antoninum
874 757 997 826 Oomici
1012 759 1208 826 versiculum
1226 759 1386 847 laudasse,
1406 765 1498 828 cuius

305 884 390 928 nunc
411 865 656 930 mendosissime
677 867 834 951 scriptura
858 867 936 932 haec
958 866 1197 932 circumfertur:
1221 869 1275 932 οὐκ
1298 865 1337 932 θν
1364 871 1497 934 teodoro

305 968 439 1044 δυνηθείη
463 969 499 1034 τθ
509 990 516 1006 ·

558 1074 616 1141 ὑπὸ
640 1081 682 1140 τῶ
706 1076 816 1155 θγοοθῶ
841 1077 904 1158 γθορ
925 1076 1004 1162 (οὐκ)
1029 1074 1211 1161 ἐφαρμόσει.

307 1181 363 1247 sed
386 1202 425 1246 ex
448 1180 512 1246 loci
535 1184 625 1246 exitu
647 1185 786 1271 emergit
807 1204 884 1250 vera
904 1182 999 1248 lectio
1020 1182 1118 1248 haec:
1259 1257 1269 1282 Ι

437 1286 495 1352 ὑπὸ
518 1292 577 1352 τῶν
601 1288 727 1366 οὶγοοθῶν
749 1287 813 1368 γθοο
836 1290 889 1355 οὐκ
909 1291 1047 1354 ”exele
1068 1290 1190 1356 ‘'01101
1214 1297 1376 1356 xech.

305 1399 339 1460 et
361 1392 473 1460 eadem
495 1413 589 1479 opera
609 1396 711 1458 nostri
732 1393 796 1460 loci
818 1393 966 1460 lacunam
989 1397 1035 1460 sic
1057 1395 1292 1481 supplebimus:

559 1498 595 1563 rb
618 1497 653 1574 δη
676 1499 844 1578 λεγόμενον
867 1503 921 1565 οθκ
944 1497 1027 1580 ἔχεις
1051 1497 1117 1566 dcc:
1140 1502 1237 1584 χέοης

553 1602 611 1670 bord
634 1610 694 1670 τῶν
716 1606 858 1684 οἱγοοθῶν,
883 1602 918 1672 εὖ
940 1604 1010 1671 lodo.

306 1715 339 1778 et
362 1712 408 1777 sic
432 1713 553 1797 optime
575 1710 791 1800 intelligimus
814 1733 870 1779 cur
888 1713 1022 1778 dixerit:

952 1822 1171 1900 Φορτνκώτορον
1193 1819 1225 1885 δέ
1248 1841 1279 1884 r:

513 1922 684 2004 ε’πθρχετοιθ
706 1947 776 2002 μοι,
800 1923 952 2005 τρόφιμε,
974 1928 1162 2004 συγγνώμην
1185 1924 1214 1990 δ’
1238 1924 1311 2006 ἔχε,

206 2063 210 2070 -
234 2021 237 2026 ’
305 2049 444 2116 namque
466 2034 534 2096 erat
556 2031 655 2098 honor
677 2031 866 2116 praefandus
890 2033 1028 2097 auribus.

349 2240 491 2326 Apparet
523 2242 626 2327 igitur
656 2243 690 2304 in
723 2241 852 2324 antiqno
876 2235 1009 2317 (lodice,
1033 2261 1128 2325 quern
1152 2239 1363 2306 Tischendorf
1381 2241 1496 2307 descri—

304 2344 416 2423 bebat,
439 2366 502 2411 non
523 2353 583 2410 ΟΝ
602 2353 768 2412 exaratum
787 2344 902 2429 inisse,
927 2345 1010 2430 quod
1032 2348 1100 2431 ipse
1122 2345 1332 2412 Tischendorf
1349 2345 1496 2411 dubitan-

303 2454 352 2516 ter
380 2450 487 2528 dedit,
512 2451 567 2517 sed
592 2461 668 2529 ΟΠ,
693 2454 728 2516 in
751 2469 813 2536 qno
836 2445 904 2515 θπον
926 2450 1062 2529 latebat,
1082 2457 1120 2516 ut
1138 2451 1177 2518 de
1195 2457 1302 2519 vetere
1321 2453 1494 2537 scriptura:

620 2559 673 2622 οὐκ
697 2553 781 2637 ἔχειν
803 2557 925 2621 '01:01
951 2539 1145 2644 (recuro),

303 2662 395 2729 nulla
417 2683 579 2748 superesse
602 2665 702 2748 possit
725 2661 894 2728 dubitatio.

350 2870 447 2957 Spem
478 2871 598 2936 faciunt
628 2871 688 2936 hae
719 2890 837 2957 paucae
862 2869 1032 2936 Menandri
1054 2871 1189 2938 laciniae
1219 2873 1254 2937 in
1281 2875 1388 2938 vetere
1410 2871 1494 2938 libro

303 2983 444 3063 repertae
475 2977 606 3042 fortasse
636 2975 729 3061 plura
759 2980 857 3042 etiem
888 2977 1082 3043 Menandrea
1108 2982 1141 3042 et
1164 2979 1337 3063 copiosiora
1359 2981 1392 3043 et
1413 2980 1495 3043 inte·

304 3086 411 3171 griora
433 3086 467 3147 in
491 3082 619 3149 Oriente
641 3082 750 3148 latere.

348 3188 571 3265 Tischendori,
604 3189 660 3273 qni
691 3193 778 3252 totns
801 3195 868 3254 erat
890 3191 925 3253 in
950 3187 1040 3254 libris
1063 3187 1177 3254 Sacrae
1200 3186 1382 3274 scripturae
1405 3188 1494 3254 inda-

303 3295 416 3382 gandis
440 3299 472 3360 et
495 3294 711 3370 excutiendis,
734 3294 812 3360 haec
830 3297 1020 3374 φνλολογνκθ
1041 3315 1143 3380 neque
1163 3295 1202 3361 de
1221 3295 1378 3360 industria
1400 3314 1494 3379 quae

303 3402 382 3467 sivit
403 3421 506 3485 neque
528 3401 593 3464 nisi
615 3399 646 3463 ἐν
669 3399 789 3481 captio
813 3403 934 3489 attigit.

349 3608 491 3676 Obscura
513 3609 667 3694 quaedam
690 3609 776 3675 sama
800 3611 839 3676 ad
861 3631 950 3676 meas
970 3632 1061 3678 aures
1080 3614 1225 3698 pervenit
1244 3633 1311 3678 esse
1329 3614 1364 3676 in
1382 3617 1493 3679 monte

303 3717 389 3783 Atho
409 3714 508 3780 libros
527 3713 722 3799 reconditos,
743 3716 859 3800 quibus
878 3715 1072 3783 Menandrea
1089 3717 1244 3802 quaedam
1261 3720 1491 3783 contineantur.

302 3821 477 3907 Explorent
507 3823 615 3885 omnia
646 3831 679 3884 et
708 3827 945 3905 perscrutentur
974 3822 1039 3900 illi,
1071 3824 1187 3908 quibus
1216 3823 1293 3889 haec
1315 3822 1385 3890 loca
1404 3824 1492 3890 adire

304 3929 487 4014 continget,
519 3946 657 4012 namque
685 3925 854 3993 Menandri
887 3930 1036 4014 reliquias
1066 3931 1164 3994 etiam
1197 3934 1307 3994 tennes
1338 3928 1493 3995 steriles

302 4031 525 4098 lubentissime
549 4035 708 4120 accepturi
731 4053 852 4098 sumus.
