3404 5192
781 343 847 412 269

222 561 258 602 τε
279 535 479 622 Δσιισάναρα,
504 541 536 604 et
558 538 663 623 prima
684 538 719 602 in
741 533 842 608 άδιεὲς
865 534 963 624 longa
986 542 1034 603 est
1058 547 1095 603 Φ.
1121 535 1198 604 481.
1219 535 1288 604 κάαν
1308 533 1408 611 elireto

222 647 255 709 ct
277 667 308 708 r.
334 642 388 710 91.

267 748 321 814 Sic
350 753 452 838 igitur
482 750 577 816 aeae
611 755 725 816 natum
755 754 803 816 est
828 755 860 816 et
883 749 1032 828 δείδοικα,
1056 772 1170 836 nempe
1193 773 1232 817 ex
1255 749 1353 816 δέάσια
1377 756 1410 817 st

223 854 373 940 δὲδσσικα,
407 859 452 922 sic
483 856 601 931 crocata
632 877 672 922 ex
704 856 832 932 άεσὸιεάς
862 877 919 943 pro
950 853 1045 934 άσινς,
1070 857 1221 936 εὐσεβής,
1246 857 1409 936 tessellato,

225 961 429 1038 israeleticae.

269 1067 308 1131 ln
339 1071 428 1132 tanta
457 1067 634 1153 frequentia
662 1067 822 1146 locorum,
854 1068 911 1133 ubi
942 1071 1091 1153 antiquae
1113 1069 1243 1156 linguae
1267 1073 1336 1134 tam
1360 1090 1412 1134 ex-

174 1159 177 1166 *
224 1193 330 1258 pressa
353 1178 386 1238 et
409 1179 494 1238 corta
518 1176 655 1262 vestigia
676 1179 844 1260 apparent,
869 1194 932 1239 non
954 1175 1121 1240 miraberis
1144 1195 1210 1241 esse
1231 1175 1317 1241 locos
1335 1195 1412 1260 pau-

226 1276 330 1362 culos,
350 1280 384 1342 in
404 1280 519 1364 quibus
537 1278 634 1366 longa
651 1278 719 1345 dies
732 1285 764 1344 et
776 1281 955 1345 communis
967 1283 1112 1346 omnium
1124 1280 1255 1369 linguae
1267 1285 1412 1346 vetustae

225 1385 382 1469 ignoratio
412 1384 641 1450 vocabulorum
673 1391 818 1450 veterum
841 1386 978 1451 formam
1002 1390 1100 1453 variis
1123 1387 1227 1453 modis
1251 1386 1411 1467 ἠφάνισεν.

226 1488 313 1569 Quae
341 1493 483 1556 carmina
511 1511 567 1576 per
598 1490 718 1556 multae
748 1495 867 1556 aetates
897 1491 1070 1557 volitarent
1099 1515 1156 1578 per
1186 1513 1241 1558 ora
1270 1494 1414 1558 virorum

225 1594 321 1682 longo
351 1601 422 1681 post
449 1595 617 1672 intervallo
642 1617 680 1661 ex
705 1599 902 1662 cantantium
926 1617 979 1663 ore
1002 1604 1132 1683 excepta
1155 1597 1257 1664 literis
1280 1597 1415 1664 describi

227 1707 336 1786 coepta
368 1706 459 1778 sunt,
490 1707 659 1787 postquam
692 1703 875 1790 digamma,
899 1707 989 1768 sexta
1012 1701 1174 1788 alphabeti
1195 1703 1307 1780 litera,
1332 1703 1416 1789 apud

225 1805 315 1871 lones
339 1812 371 1872 et
393 1809 517 1872 Atticos
535 1807 629 1892 plane
649 1809 683 1872 in
702 1807 944 1873 desuetudinem
964 1807 1085 1873 abierat
1104 1808 1415 1894 describentibuaque

226 1932 352 1997 prorsus
373 1918 440 1977 erat
457 1916 616 2000 ignotum.
647 1911 768 1998 itaque
782 1933 839 1998 pro
859 1912 974 1977 ἔιιαδεν
994 1913 1190 1978 scribebatur
1213 1913 1336 1991 εὔαδεν,
1359 1934 1416 2000 pro

228 2015 431 2092 καπάξαντες
462 2023 494 2083 et
524 2016 687 2094 καπάξαις
713 2018 867 2083 dederunt
890 2017 1085 2095 κανάξαντεε
1109 2025 1142 2083 et
1165 2018 1334 2095 καυάξαις,
1359 2040 1417 2104 pro

228 2123 387 2201 άιιέινσαν
412 2124 582 2189 exarabant
605 2125 756 2205 αὐέρυσαν
781 2129 812 2189 et
833 2123 963 2203 αὖΐαχά
982 2144 1040 2209 pro
1060 2123 1213 2204 άσιίαχιι,
1235 2124 1417 2211 similiaque

229 2229 285 2294 ubi
310 2253 324 2294 r
347 2233 415 2294 erat
440 2231 652 2316 geminatum.
700 2227 844 2314 Simplex
868 2236 977 2294 autem
1000 2253 1013 2294 r
1036 2232 1144 2294 omitti
1166 2230 1287 2297 solebat
1310 2236 1342 2297 et
1364 2252 1418 2317 pc·

228 2337 315 2400 nitus
337 2337 405 2400 sine
426 2337 565 2422 vestigio
588 2338 728 2400 interire.

273 2439 385 2526 ltaque
408 2443 483 2525 quia
506 2443 625 2526 passim
648 2440 742 2506 litera
762 2460 934 2506 consonans
954 2440 1112 2506 exciderat
1132 2443 1273 2507 carmina
1291 2447 1419 2508 vetusta

228 2545 330 2612 literis
362 2551 490 2612 exarata
512 2546 607 2632 plena
629 2552 718 2612 erant
741 2548 897 2611 rimarum
921 2567 1092 2631 versusque
1116 2548 1222 2612 canori
1246 2552 1279 2612 ot
1301 2550 1420 2614 eximia

230 2659 295 2717 arte
318 2655 486 2737 compositi
507 2655 626 2738 passim
649 2651 843 2718 intolerabili
866 2652 958 2717 hiatu
982 2652 1187 2730 fatiscebant,
1212 2652 1331 2719 veluti:

342 2753 397 2823 itt
421 2763 479 2839 σφ’
503 2757 681 2839 ἐγκέφαλος
705 2755 850 2838 χαμάδις
874 2756 929 2838 ῥέοι
953 2758 990 2828 ὡς
1015 2753 1080 2822 dle
1104 2753 1192 2828 Οἷνσς

345 2861 473 2928 κάτθαν’
496 2864 575 2940 ὁμῶς
600 2861 618 2929 ά
641 2863 672 2927 τ’
693 2862 803 2943 άερνάς
828 2863 902 2942 daim
925 2857 943 2926 ά
964 2887 999 2927 τε
1024 2872 1136 2927 πολλά
1161 2863 1304 2943 Ἐοργάς.

342 2970 381 3040 ὥς
405 2968 436 3033 δὲ
459 2965 535 3034 λάων
558 2968 588 3031 ἔν
610 2968 700 3047 βουσὶ
725 2970 810 3049 θορὼν
833 2965 867 3042 ἐξ
890 2967 1015 3047 aaziae
1038 2967 1132 3049 Ἀξιι.

344 3071 413 3138 ἔνθα
436 3074 672 3150 ululamina
696 3075 745 3140 ὀΐω
771 3072 856 3138 κατά
882 3073 907 3136 θ’
932 3069 1068 3152 άραατΑ
1088 3073 1200 3149 'rifan

276 3178 347 3246 Non
371 3186 419 3246 ost
439 3182 543 3266 igitur
561 3180 744 3245 mirandum
765 3177 934 3264 rhapsodos
954 3185 985 3244 et
1005 3186 1147 3244 cantores
1167 3186 1294 3246 centum
1315 3183 1419 3250 modis

230 3285 402 3352 molestum
423 3286 550 3351 hiatum
572 3288 687 3351 sarcire
710 3291 856 3362 conatos,
878 3286 933 3369 qui
954 3289 1010 3350 aut
1029 3284 1237 3350 inferciebant
1254 3285 1418 3353 literulam

232 3392 337 3469 ςαιβῆς
362 3391 445 3466 δίκην
468 3389 540 3469 πρὸς
563 3391 597 3455 τά
622 3391 750 3471 κεχηνὸς
775 3395 828 3454 σοῦ
853 3392 964 3472 ῥυθμοῦ
988 3389 1091 3455 veluti
1113 3393 1142 3454 τ’
1166 3397 1222 3456 aut
1246 3395 1281 3470 γ’
1301 3399 1357 3458 eut
1377 3394 1417 3471 κ’,

232 3504 287 3562 aut
307 3495 436 3562 voculas
458 3499 541 3560 inter
564 3517 597 3561 se
620 3496 845 3580 permutabant
865 3516 922 3581 pro
946 3494 977 3560 δέ
1002 3498 1058 3560 aut
1080 3519 1115 3560 σε
1139 3495 1203 3576 γάρ
1227 3499 1420 3564 substituen-

231 3609 294 3677 tes,
326 3608 382 3668 aut
412 3603 510 3669 verba
540 3601 786 3687 transponebant
814 3600 917 3667 veluti
947 3605 1042 3665 σάσιν
1071 3601 1138 3678 ἐμοὶ
1161 3601 1192 3666 δὲ
1214 3601 1339 3680 μάλιςα
1363 3625 1419 3690 pro

232 3711 311 3771 σάσι
341 3707 466 3784 μάλιςα
497 3708 524 3772 δ’
554 3707 639 3784 ἐμά,
670 3709 861 3793 omninoque
884 3705 1048 3772 lenissima
1070 3706 1222 3794 vulgatae
1246 3712 1420 3795 scripturae

231 3815 409 3878 mutatione
439 3816 580 3879 numeris
611 3818 643 3878 et
674 3814 804 3877 auribus
830 3811 1044 3878 consulebant.
1091 3811 1212 3878 Eodem
1236 3814 1332 3880 modo
1356 3837 1419 3901 quo

231 3917 282 3984 illi
311 3923 454 3984 vetustas
483 3919 601 3985 formas
632 3918 859 3991 obscurabant,
884 3922 1029 3984 nostmm
1053 3921 1101 3983 est
1123 3917 1248 3983 easdem
1274 3941 1419 3987 revocare

232 4026 265 4088 in
287 4022 412 4100 lucem,
438 4045 501 4089 non
522 4045 578 4110 per
599 4025 666 4090 vim
692 4029 870 4111 grassantes
893 4023 1012 4088 urendo
1036 4022 1230 4106 secundoque
1253 4031 1286 4089 et
1305 4026 1418 4092 audaci

232 4131 473 4214 transpositione
504 4135 559 4195 aut
591 4131 781 4195 correctione
811 4127 966 4199 violenta.
997 4127 1051 4191 sed
1083 4125 1246 4192 lenissima
1268 4128 1416 4197 literulae

233 4234 400 4300 inflexione
430 4245 485 4299 aut
516 4237 694 4300 omissione.
743 4233 912 4318 Optimum
934 4232 1021 4297 factu
1044 4236 1092 4296 est
1114 4231 1199 4297 locos
1222 4239 1333 4318 poetae
1352 4255 1419 4300 om·

233 4359 305 4416 nes,
338 4340 395 4404 ubi
425 4343 568 4405 vetustae
598 4339 718 4405 termae
749 4338 934 4405 obliteratae
965 4343 1057 4410 sunt.
1079 4336 1138 4402 sub
1161 4358 1225 4404 uno
1250 4346 1419 4425 conspectu

234 4463 347 4530 ponere
366 4444 576 4530 omnibusque
595 4443 766 4532 diligenter
785 4443 988 4511 consideratis
1007 4445 1211 4530 expensisque
1229 4445 1276 4508 ita
1289 4441 1419 4532 linguae
