3392 5186
888 337 955 406 oet
1034 373 1037 380 .

321 537 354 599 et
371 551 448 599 suro
467 536 575 598 contre
593 517 681 609 cero,
703 533 749 596 sic
768 531 866 596 etism
886 536 1039 615 apperens
1059 532 1180 618 possim
1198 549 1369 618 aegrorum
1385 533 1511 598 somnia

321 643 354 704 et
376 637 565 705 stolidorum
588 636 758 704 hominum
781 633 990 700 deliramento
1011 640 1043 701 et
1061 657 1173 702 eorum
1191 639 1248 722 qui
1266 636 1364 702 feroci
1382 639 1511 726 ingenio

321 745 534 811 abutebantur
557 746 739 810 commento
761 746 793 807 et
815 741 973 819 ludibrio,
998 762 1078 826 quse
1100 763 1176 810 seno
1199 763 1235 808 oc
1257 743 1362 810 sobrio
1386 743 1511 809 homini

322 855 379 916 aut
400 849 500 916 bilem
523 853 654 916 movent
678 853 735 914 eut
755 848 867 913 risum
914 844 1042 912 Horum
1064 848 1147 915 bone
1169 869 1242 935 pers
1263 850 1387 936 ingenii
1408 855 1510 915 osten·

321 957 410 1022 tondi
442 975 536 1020 ceusu
566 959 598 1020 et
630 959 668 1018 ut
698 952 820 1037 aliquid
848 954 925 1020 novi
955 953 1146 1038 proferretur
1168 976 1188 1020 e
1210 957 1431 1042 gemmeticis
1454 959 1513 1021 sut

321 1060 426 1147 lepide
457 1064 514 1126 eut
542 1057 673 1144 illepide
706 1059 887 1145 excogitate
917 1062 974 1124 est.
1021 1057 1210 1126 Incredibile
1233 1060 1323 1125 dictu
1343 1065 1392 1126 cst
1414 1080 1512 1146 quem

321 1165 458 1233 mirifice
491 1169 633 1231 monstro
666 1168 699 1229 ct
731 1168 877 1249 portentu
909 1182 1150 1249 nonnumquam
1182 1165 1326 1251 perdocti
1361 1167 1513 1253 magistri

322 1273 504 1358 loquentur.
551 1267 636 1350 Quid
670 1274 774 1355 potest
809 1289 876 1334 esse
910 1268 1091 1355 simplicius
1126 1276 1158 1337 et
1191 1270 1232 1337 ed
1264 1270 1513 1358 intelligendum

324 1380 465 1464 apertius
488 1395 585 1462 quem
609 1379 657 1440 est
680 1374 804 1440 dictum
826 1376 1078 1462 Agamemnonis
1098 1375 1190 1442 Iliad.
1215 1388 1254 1441 Λ.
1281 1373 1355 1442 117.

505 1479 638 1559 βούλομ’
662 1479 722 1558 ἐγὼ
746 1480 822 1545 λαὸν
847 1479 913 1545 σόον
937 1479 1069 1558 ἔμμεναι
1094 1482 1111 1557 ἢ
1136 1479 1326 1548 irritetur?

324 1591 401 1655 sotis
431 1592 480 1654 est
509 1589 597 1652 enim
625 1585 725 1651 semel
756 1584 1019 1652 animadvertisse
1050 1589 1288 1672 compositionis
1322 1587 1514 1655 Homericae

324 1694 585 1762 consuetudinem
607 1693 643 1758 in
665 1691 822 1768 βούλομαι
848 1692 898 1768 -ἥ
922 1691 976 1758 vel
998 1690 1098 1774 ἠέπερ.
1122 1703 1164 1759 Λ.
1190 1691 1265 1758 319.

460 1796 579 1880 Τρωσὶν
602 1798 636 1872 ei
660 1796 790 1876 βδλεπαι
816 1796 940 1875 δόμεναι
964 1796 1074 1878 κράτος
1098 1799 1189 1879 ἠέπερ
1212 1801 1295 1878 ἡμῖν.

370 1918 404 1973 ο.
424 1903 499 1973 331.

461 2013 533 2089 ἡμῖν
558 2008 590 2074 δὲ
613 2009 691 2082 Ζεὺς
714 2009 772 2087 μὲν
795 2008 875 2075 πολὺ
898 2009 1049 2089 βούλεται
1074 2011 1092 2088 ἢ
1114 2019 1267 2078 Δαναοῖσι

460 2117 551 2194 νίκην.

369 2249 396 2308 ρ.
422 2222 478 2290 81.

460 2330 552 2395 αὐτὸν
576 2325 691 2408 ἔχοντα
712 2327 746 2392 σὲ
768 2326 900 2406 βούλομ’
925 2328 1097 2411 ἐπαυρέμεν
1120 2331 1137 2408 ἥ
1161 2353 1232 2396 σινα
1255 2330 1359 2396 τῶνδε.

369 2464 396 2520 ρ.
422 2433 499 2502 404.

461 2539 554 2613 αὐτὸς
580 2540 642 2621 γὰρ
665 2538 815 2622 φαγέμεν
840 2541 920 2606 πολὺ
943 2541 1076 2620 βούλεαι
1101 2544 1118 2622 ἢ
1142 2540 1234 2621 δάμεν
1258 2541 1358 2624 ἄλλῳ.

368 2648 454 2716 Audi
482 2667 566 2712 nunc
596 2647 791 2733 magistrum
819 2648 1042 2732 nescioquem
1064 2669 1183 2738 magne
1204 2651 1364 2736 gramme
1386 2649 1434 2714 its
1457 2649 1515 2714 do-

324 2761 468 2822 centem:
492 2753 506 2816 d
530 2751 561 2816 δὲ
584 2751 675 2829 λόγος
701 2751 832 2838 (inquit)
854 2755 1002 2826 τοιοῦτος·
1023 2754 1114 2833 etse,
1138 2753 1248 2837 φησιν,
1269 2753 1330 2832 ἐγὼ
1350 2755 1402 2819 τὸν
1419 2752 1517 2836 ὄχλον

324 2865 449 2942 μᾶλλον
473 2856 620 2939 σώζεσθαι
644 2867 716 2923 ΚΑΙ
739 2857 834 2932 αὐτὸς
857 2858 1038 2924 ἀπολέσθαι.
1064 2858 1078 2923 ὃ
1101 2859 1164 2940 γὰρ
1185 2857 1229 2924 Ἢ
1253 2860 1419 2938 σύνδεσμος
1443 2859 1513 2925 αντ)

323 2973 378 3034 ποῦ
402 2975 474 3032 ΚΑΙ
499 2963 711 3047 παρείληπται
736 2965 778 3045 τῷ
803 2975 924 3048 ποιητῇ.
959 2963 1065 3031 Sumit
1086 2965 1183 3032 homo
1205 2985 1262 3051 pro
1285 2971 1370 3031 certo
1390 2971 1422 3031 et
1441 2985 1514 3031 con-

323 3094 409 3142 oesso
439 3073 523 3159 quod
545 3069 664 3137 fulsum
686 3075 719 3136 et
742 3070 916 3136 siendum
942 3075 1009 3146 est,
1043 3074 1080 3136 ut
1110 3091 1150 3136 ex
1170 3071 1276 3136 verbis
1300 3072 1512 3155 apertissimis

325 3182 515 3247 sententium
547 3176 632 3244 mole
658 3196 769 3242 senum
791 3176 954 3242 extundet.
1001 3175 1159 3242 Zenodoto
1182 3180 1291 3241 sutem
1315 3174 1392 3261 quid
1414 3175 1513 3242 funins

325 3289 380 3373 qui
409 3285 495 3352 huno
522 3303 652 3351 versum
681 3284 838 3368 expunxit
863 3281 1138 3357 devestientes
1162 3282 1282 3357 stridone
1306 3281 1404 3354 odone.
1453 3281 1513 3347 Fe-

324 3398 420 3458 tuum
451 3393 481 3456 ei
509 3389 679 3456 uidebatur
707 3391 932 3474 imperatorem
963 3387 1066 3454 dicere
1097 3389 1195 3467 „mole
1219 3391 1377 3452 σασσσίοανα
1397 3387 1513 3451 solcum

325 3521 386 3564 cere
417 3519 505 3583 qums
528 3493 666 3580 pertre,''
696 3495 787 3579 qussi
817 3493 885 3560 ulle
915 3493 955 3561 de
984 3513 1022 3560 ee
1050 3515 1085 3560 re
1115 3498 1220 3580 posset
1250 3512 1318 3560 esec
1343 3493 1512 3558 dubitatio·

295 3619 296 3623 ’
325 3603 440 3669 Psuois
462 3601 569 3668 verbis
590 3619 659 3664 rem
683 3601 825 3665 restituit
847 3598 1059 3665 Aristarchus.

370 3809 451 3877 Vide
474 3814 507 3875 ot
528 3811 563 3873 in
586 3810 705 3876 ricinis
727 3807 913 3874 incredibile
936 3808 1103 3889 παρόραμα
1128 3807 1326 3885 Πτολεμαίου
1350 3811 1404 3872 ποῦ
1428 3809 1512 3887 Ὀρο·

326 3916 415 3984 tutos
448 3924 488 3980 A.
521 3912 595 3980 120.
641 3913 782 3998 Lepidus
804 3919 852 3979 est
875 3917 974 3980 etiem
996 3915 1228 4002 grammaticus
1250 3915 1356 3979 nescio
1378 3913 1450 3999 quis
1472 3910 1513 3977 cd

327 4033 367 4089 Δ.
398 4019 464 4088 228
495 4019 625 4085 doeens:
656 4019 737 4084 otidis
768 4022 999 4099 πατρονομιιιὸν
1028 4019 1115 4101 παρὰ
1145 4020 1188 4100 τῷ
1219 4027 1329 4102 crosno&
1362 4015 1430 4100 ἔχει
1457 4018 1512 4098 πρὸ

324 4130 432 4200 τέλους
463 4123 662 4202 διεςαλμένον
692 4126 727 4190 τὸ
759 4134 772 4189 1
803 4126 866 4190 ἀπὸ
897 4125 996 4204 ἐτέρου
1028 4124 1198 4204 Φανῆενπος
1234 4121 1291 4191 οἷον
1326 4122 1511 4206 Πανθοίδης,

325 4233 501 4308 nestatius,
529 4229 701 4309 nutriter,
733 4250 871 4316 nemque
899 4228 993 4316 plene
1024 4235 1133 4296 contre
1163 4235 1226 4308 est,
1252 4235 1291 4296 ut
1312 4250 1397 4295 nunc
1418 4247 1513 4293 nemo

324 4341 427 4406 nescit
449 4343 482 4403 et
504 4341 576 4402 turn
599 4355 723 4422 quoque
746 4338 821 4402 sciri
843 4341 977 4422 poteret.

371 4441 591 4530 Tctmyllsbs
609 4443 787 4527 antiquitus
802 4441 900 4508 fuisse
909 4443 1131 4530 patronymico
1143 4440 1299 4516 nutritus
1311 4490 1320 4519 .
1334 4439 1513 4523 Ἀτρεΐδης,
