3372 5192
763 291 827 362 551

202 477 363 569 saeptus,l
377 501 457 566 quae
486 497 587 567 quum
618 483 661 548 sit
692 479 841 570 legitima
871 501 1032 549 sacrorum
1063 486 1096 547 et
1121 482 1233 570 legum
1255 483 1394 552 formula

201 589 312 654 eadem
336 587 565 654 Demosthenes
588 587 621 653 h.
634 587 656 652 l.
681 588 732 652 nti
754 587 898 654 debebat.

246 797 326 886 Peg.
360 794 436 863 727.
470 794 524 862 16.
555 795 602 866 τίς
634 795 697 877 γάρ
730 796 762 860 οὐ
786 803 937 875 ποριεῖται
960 795 1102 877 φαύλους
1127 795 1316 876 άνθράπους,
1341 794 1390 872 οὓς

200 900 275 969 θταν
306 902 394 980 ὑμεῖς
424 901 719 983 άποχειροτονησητε
748 899 995 978 άπαλλάξεται;
1031 901 1196 969 Sententia
1219 903 1387 970 manifesto

202 1009 336 1093 requirit
366 1005 612 1087 ἀπηλλαγμένος
643 1005 727 1086 ἕςαι,
761 1011 869 1092 itaque
901 1011 1028 1074 mutata
1059 1008 1162 1075 vocali
1192 1009 1392 1076 scribendum

203 1109 446 1190 άπΗλλάξεται.
473 1113 512 1179 cl.
538 1112 578 1180 ad
600 1132 674 1200 pag.
700 1111 775 1178 465.
800 1110 855 1178 27.

248 1322 329 1410 Peg.
361 1321 438 1391 729.
469 1321 523 1388 22.
554 1329 617 1397 πῶς
649 1317 713 1398 οὖνς
748 1320 873 1402 άνάγκη
904 1323 946 1388 τά
969 1327 1103 1390 τοιαῦτα
1128 1323 1244 1390 διοικεῖν
1269 1325 1314 1394 ἐς)
1340 1324 1391 1392 διά

203 1426 419 1510 ψηφισμάτων
448 1427 500 1494 καὶ
534 1429 631 1506 νθμων
652 1435 715 1500 τοῖς
740 1429 797 1507 μὲν
822 1429 972 1511 εἰσφέρειν
996 1429 1241 1508 ἐπιτάττοντας,
1266 1431 1335 1504 τοὺς
1359 1433 1391 1498 δὲ

203 1541 395 1614 τριηραρχεῖν
426 1533 624 1609 κελεύοντας,
657 1533 726 1606 τοὺς
758 1534 790 1598 δὲ
819 1543 919 1599 πλεῖν.
967 1535 1055 1601 Malo
1078 1535 1181 1602 divisa
1204 1537 1281 1602 haec
1305 1542 1390 1602 sunt.

206 1638 387 1720 Quaesivit:
419 1646 481 1712 πῶς
512 1637 560 1706 οὖν
591 1639 716 1717 άνοίγκη
739 1641 782 1704 τά
806 1647 939 1706 τοιαῦτα
963 1641 1083 1707 διοικεῖν
1106 1642 1186 1720 &siv
1212 1646 1245 1707 et
1268 1651 1394 1727 respon?

205 1745 270 1810 dit:
296 1745 347 1810 διά
370 1743 586 1826 ψηφισμάτων
609 1745 662 1810 καί
686 1744 783 1826 νθμυν
808 1747 873 1813 κτὲ.

249 1954 328 2043 Peg.
363 1953 439 2021 730.
471 1955 502 2021 5.
531 1960 594 2030 πῶς
618 1953 661 2020 τά
684 1956 839 2037 χρήματα
863 1955 1069 2034 εἰσπράξομεν
1092 1957 1147 2022 ε’δν
1170 1955 1279 2029 ἕκατος
1302 1957 1392 2037 ίφλι-

205 2060 323 2127 τκάνων
346 2061 524 2139 ἐργυνητάς
548 2062 667 2142 καθιςῖη.
715 2060 835 2127 Melius
856 2063 891 2127 in
914 2061 985 2127 aliis
1008 2061 1098 2128 libris
1119 2061 1240 2150 legitur
1259 2063 1312 2127 ἐάν
1336 2059 1390 2134 είς

204 2165 323 2241 ἕκαςος.
372 2166 409 2233 Ιιι
431 2167 455 2232 S
477 2169 573 2255 periit
598 2175 663 2232 ele
686 2166 725 2233 ob
748 2187 881 2253 sequens
906 2175 1128 2244 ΕΙΟΑΟΤΟΕ,
1153 2172 1191 2232 ut
1208 2169 1391 2252 saepissime

204 2282 231 2338 Κ
254 2275 288 2338 in
311 2283 349 2338 tc
373 2271 554 2340 resolvitur.

250 2378 429 2444 Praesentis
452 2379 554 2443 forma
575 2377 771 2460 ὀφλισκάνοι
793 2379 902 2467 arguit
924 2399 1061 2444 errorem
1082 2377 1312 2445 Graeculorum
1336 2381 1392 2465 qui

207 2504 307 2570 quum
330 2482 434 2564 θφλω,
455 2483 562 2565 άφλεις
573 2531 582 2561 ,
603 2483 710 2565 θφλει,
733 2481 878 2566 θφλουσιν
896 2485 959 2570 ipsi
979 2485 1119 2550 dicerent
1136 2506 1193 2571 pro
1213 2485 1389 2566 ὀφλισκάνω

207 2592 239 2655 in
271 2591 419 2656 omnibus
448 2588 618 2656 (lodicibus
648 2589 755 2672 θφλειν
786 2595 818 2656 et
846 2588 951 2671 θφλων
981 2592 1095 2656 vitiose
1124 2591 1302 2656 scribebant
1336 2611 1392 2678 pro

205 2698 314 2778 θφλεῖν
337 2700 370 2762 et
393 2693 515 2776 θφλάν,
540 2715 635 2780 quem
654 2696 949 2781 frequentissimum
968 2716 1106 2761 errorem
1125 2697 1159 2759 in
1177 2695 1391 2763 Demosthene

204 2805 328 2888 primus
358 2804 503 2869 omnium
532 2800 714 2868 Dindorfius
743 2804 896 2884 correxit,
930 2821 1123 2886 quamquam
1146 2805 1265 2886 pcssim
1289 2805 1391 2868 mani·

204 2909 321 2974 loetum
352 2912 400 2973 est
431 2916 595 2974 οΦΛΕΙΝ
627 2913 660 2973 et
692 2915 850 2974 ΟΦΛΩΝ
881 2907 920 2972 de
949 2927 983 2972 re
1011 2911 1138 2991 peracta
1168 2911 1201 2971 et
1223 2911 1392 2992 praeterita

203 3015 289 3099 poni.
334 3013 443 3080 Etiam
473 3014 658 3080 manifestos
686 3033 804 3079 errores
834 3012 872 3078 de
902 3031 1018 3099 genere
1045 3013 1104 3077 boc
1127 3014 1298 3097 exstirpare
1320 3035 1391 3098 per·

204 3117 333 3185 difficile
366 3124 424 3184 est.
489 3117 587 3184 Video
620 3120 832 3184 novissimum
867 3117 1008 3203 symposia·
1041 3116 1199 3182 Platonici
1233 3119 1388 3184 editorem

204 3225 390 3311 perdoctum
433 3227 540 3292 virum
574 3223 757 3312 Rettigium
793 3221 910 3302 ἔρεσθαι
943 3243 1000 3308 pro
1036 3223 1152 3302 ἐρέσθαι
1187 3223 1322 3289 scribere
1357 3231 1390 3290 et

205 3329 407 3410 καταδάρίειν
436 3350 493 3415 pro
524 3327 744 3410 καταδαρθεῖν,
770 3331 860 3415 quasi
882 3327 952 3394 ulla
974 3329 1012 3392 de
1035 3329 1146 3393 formis
1169 3327 1389 3409 καταδαρθάνω

205 3443 238 3501 et
261 3434 441 3515 κατέδαρθον
464 3453 531 3500 esse
554 3437 654 3519 possit
677 3435 846 3502 dubitatio.
893 3430 990 3518 Sequi
1012 3431 1133 3518 placuit
1156 3433 1265 3498 futiles
1285 3455 1392 3522 gram-

204 3543 338 3607 maticos
361 3561 468 3606 caecos
492 3541 586 3605 duces
608 3541 727 3624 passim
746 3542 780 3604 in
799 3539 977 3604 manifestis
997 3539 1154 3604 erroribus
1173 3539 1388 3624 deprehensos.

249 3748 330 3837 Pag.
355 3746 430 3816 730.
455 3747 508 3814 29.
532 3747 584 3814 διά
607 3747 702 3814 τοίνυν
725 3751 779 3813 τοῦ
803 3746 894 3824 νθμου
916 3744 1024 3812 τοιίτον
1048 3747 1204 3813 διοικεῖται
1228 3745 1271 3811 τά
1294 3745 1387 3812 κοινά.

205 3854 248 3919 τά
276 3854 339 3934 γάρ
371 3855 413 3926 είς
443 3853 502 3926 τάς
534 3852 700 3927 ἐκκλησίας
733 3852 783 3918 καί
814 3853 874 3925 τάς
905 3853 1010 3924 θυσίας
1042 3853 1094 3918 καί
1118 3855 1173 3926 την
1195 3852 1311 3930 βουλην
1335 3853 1387 3918 καί

205 3960 275 4032 τοὺς
299 3961 416 4032 ίππίας
440 3959 492 4023 καί
513 3953 623 4024 τάλλα
645 3958 788 4038 χρήματ’
813 3956 1044 4036 άναλισκθμενα
1068 3953 1153 4031 ciris
1178 3957 1238 4023 ἐσθ’
1262 3959 1275 4022 θ
1302 3958 1389 4036 νθμος

206 4063 220 4127 θ
244 4071 333 4130 ποιεῖν
357 4064 633 4145 προσευπορεῖσθαι.
668 4063 865 4158 Enumeraus
887 4066 1008 4134 omnia.
1034 4065 1069 4128 in
1091 4083 1171 4148 quae
1193 4066 1329 4149 pecunia
1350 4086 1389 4130 ex

206 4173 325 4236 aerario
357 4171 602 4255 attribueretur,
632 4190 734 4235 unum
757 4190 795 4235 ex
819 4171 1018 4256 gravissimis
1042 4171 1167 4245 omisit,
1192 4171 1283 4236 cuius
1305 4191 1393 4236 men·

206 4277 327 4342 tionem
350 4295 413 4342 non
437 4276 475 4342 ab
500 4274 630 4341 Oratore
652 4277 909 4360 praetermissam
932 4294 998 4339 esse
1022 4272 1076 4340 sed
1099 4274 1274 4340 scribarum
1292 4276 1394 4364 negli-

205 4383 318 4470 gentia
346 4383 477 4468 periisse
504 4379 681 4448 luculenter
702 4379 863 4446 declarant
885 4400 923 4445 oa
945 4399 1026 4466 quae
1048 4379 1197 4445 continuo
1218 4387 1393 4468 sequuntur
