3358 5200
734 367 775 440 41

145 568 423 650 ἈΝΤΙλέγοντα
470 567 562 650 Sunt,
592 567 714 652 inquit,
750 565 802 651 qui
833 585 892 629 νοοοο
915 569 1029 628 tunm
1045 561 1186 646 publicae
1209 585 1276 648 opes
1297 561 1351 628 sed

141 678 291 763 privatas
319 698 432 762 quoque
464 675 584 738 traiani
612 674 654 736 ad
685 694 754 737 cese.
807 671 867 752 Qui
896 687 1016 735 courel
1049 687 1134 735 121qu
1163 670 1263 734 statim
1277 671 1350 754 seri

141 785 294 870 plausum
324 789 353 846 et
386 781 526 844 laudibus
557 781 681 865 effertur
711 777 744 840 οὐ
767 776 894 854 coelum,
918 777 1025 840 sedin
1049 775 1158 840 iudicii
1181 775 1264 840 scitu
1286 799 1351 840 νενο-

153 890 262 957 tectis
292 888 426 952 iudicum
459 887 666 950 condemnatus
697 906 757 948 esee
780 883 937 966 reperitur.
983 881 1107 948 Iudices
1129 900 1239 948 Perilli
1262 881 1352 968 pleu-

153 995 240 1062 dunt
260 997 424 1080 primum,
449 991 504 1056 sed
521 990 650 1054 tandem
671 1005 864 1054 cunueuuuu
883 986 1019 1052 eundem
1038 988 1202 1053 hominem
1222 987 1351 1054 tabellis

153 1101 382 1168 condemnent.
430 1096 600 1181 Propterea
623 1094 727 1160 addit:
751 1096 842 1159 ταῦτ’
867 1092 1018 1170 acceiae,
1043 1095 1135 1159 ταῦτ’
1160 1095 1251 1175 ὀργὴν
1272 1093 1350 1176 ἔχει.

153 1207 319 1274 Novimus
342 1207 422 1270 istos
445 1203 570 1267 Atticos
591 1201 730 1279 iudices,

394 1309 448 1395 qui
469 1330 555 1390 saepe
571 1314 695 1392 μορίου
717 1307 864 1370 iuvidiam
886 1307 1023 1372 οοίἱνουνοι
1046 1307 1153 1386 dicei,

397 1421 451 1478 aci
468 1420 591 1496 propter
615 1413 847 1478 misericordium
870 1415 987 1478 adducat
1006 1414 1148 1498 pauperi.

208 1521 333 1587 rorent.
358 1521 479 1585 Piorm.
504 1518 544 1582 ΙΙ.
573 1517 602 1583 1.
628 1517 682 1582 46.

208 1627 298 1708 Quod
328 1631 440 1692 eutem
474 1624 557 1690 dixit
588 1623 741 1689 elicimus
774 1623 799 1689 δ’
831 1621 908 1689 ἕνεκ’
932 1627 1114 1706 ἀσφαλείας
1138 1628 1286 1692 imitatus
1309 1633 1357 1694 eet

160 1735 317 1800 Iibeuiue
348 1734 383 1796 in
415 1729 644 1796 declamatione
674 1750 774 1815 nuper
797 1729 882 1795 edite
908 1730 1053 1816 (Ηονοιοο.
1081 1729 1178 1797 1874.
1202 1753 1275 1819 pag.
1302 1729 1355 1797 31.

163 1839 242 1920 20):
265 1839 323 1920 ἀφ’
348 1835 386 1902 ῶν
411 1833 495 1908 οὗτος
518 1836 575 1914 μὲν
598 1835 750 1908 οὶθοὲνατος
773 1833 864 1900 ἕνεκα
886 1846 942 1912 τῆς
967 1843 1039 1917 ταρ·
1065 1837 1136 1914 ὑμῖν
1159 1838 1355 1918 ἀσφαλείας.

160 1944 355 2031 Appellatur
374 1942 527 2014 ῶῶοὶνατοο
546 1939 623 2006 ἕνεκ’
642 1942 826 2022 ἀσφαλείας
846 1963 932 2020 reus,
951 1946 1006 2027 qui
1019 1963 1148 2009 caueam
1159 1929 1228 2009 tem
1239 1943 1357 2010 bonam
1462 2005 1464 2010 .

161 2046 278 2126 hebet,
305 2055 344 2114 ui
366 2049 512 2115 damnari
536 2066 600 2113 non
622 2067 712 2132 posse
737 2048 899 2124 videatur,
922 2050 956 2113 iu
979 2069 1041 2134 quo
1064 2050 1209 2115 iudicum
1228 2050 1360 2135 perfidie

163 2159 269 2222 cernit
309 2205 316 2219 .

213 2367 291 2456 Peg.
319 2365 394 2433 143.
417 2365 470 2432 14.
491 2364 616 2442 ἕξέςντε
631 2403 671 2414 -
685 2373 739 2441 τῆς
762 2365 927 2440 exscissae
948 2367 1000 2447 ἐφ’
1021 2363 1054 2443 ἧς
1075 2367 1156 2444 ὑμῶς
1177 2370 1202 2433 ον’
1222 2367 1360 2448 πρόγονον

162 2473 335 2542 κατέλιπον
377 2473 429 2538 καὶ
467 2473 502 2537 τὸ
536 2473 592 2550 μὲν
629 2475 810 2553 spurcicias
845 2479 903 2538 τῶν
940 2476 1094 2550 Ἑλλήνων
1129 2511 1170 2521 -
1203 2475 1359 2554 περίεργον

164 2582 329 2654 ἐπείσθητε
357 2575 453 2657 εἶναι,
481 2616 522 2627 -
547 2579 582 2644 τὸ
605 2579 631 2643 δ’
656 2580 685 2642 ἐν
711 2580 827 2663 ἡσυχία
852 2579 971 2656 δοοὶγεον
997 2615 1010 2628 ·
1035 2580 1197 2656 laecasin
1221 2582 1362 2658 εὐδαιμο-

166 2689 236 2752 νίαν
266 2686 320 2750 καὶ
353 2689 470 2761 πολλὴν
502 2685 684 2760 ῶτΦοὶλεοαυ
716 2685 800 2766 ἔχειν
832 2687 955 2750 Olmie.
1004 2685 1085 2751 Vere
1107 2685 1203 2752 lectio
1224 2688 1363 2751 ’ὯΙεοθε

166 2795 204 2858 in
235 2791 259 2857 S
292 2799 418 2858 servate
448 2796 514 2867 esi,
537 2791 592 2856 sed
616 2790 795 2856 inconsulto
819 2796 933 2876 spreta.
980 2791 1052 2857 Non
1075 2793 1134 2858 hoe
1157 2795 1244 2858 enim
1268 2794 1363 2872 dicii,

165 2919 249 2985 quee
278 2921 357 2962 νουνοο
387 2899 452 2962 sint
481 2897 724 2962 Atheniensium
756 2899 935 2982 opiniones,
969 2897 1023 2962 sed
1055 2917 1107 2962 eos
1130 2897 1301 2982 paullatim
1325 2900 1364 2965 eb

167 3006 303 3092 optimis
345 3003 467 3068 artibus
502 3006 661 3069 meierum
695 3003 875 3069 descivisse.
923 3001 995 3067 Non
1031 3002 1109 3067 dicit
1145 3003 1272 3082 ἕξέςατε
1310 3006 1362 3071 καὶ

167 3111 284 3188 cieris,
308 3109 362 3176 sed
386 3108 511 3187 ἐξέςντε
534 3109 586 3173 καὶ
611 3106 714 3190 ᾤεσθε.
750 3107 787 3174 In
809 3129 844 3174 re
868 3107 1036 3174 simillime
1060 3107 1150 3190 ᾤεσθε
1177 3117 1262 3176 recte
1283 3110 1365 3199 legi-

171 3225 227 3283 tur
249 3237 322 3304 pag.
350 3212 425 3281 117.
453 3214 483 3279 1.
508 3219 540 3280 et
567 3212 641 3280 117.
669 3212 721 3280 11.

216 3429 370 3497 Mendoee
400 3429 507 3494 editur
534 3415 609 3518 pig.
635 3427 711 3494 144.
735 3428 789 3494 22.
813 3425 835 3494 ἃ
860 3434 1024 3511 σφαλερῶς
1049 3430 1121 3507 ὑμῖν
1146 3431 1197 3495 καὶ
1222 3431 1362 3508 οὐδαμῶς

171 3535 304 3603 ἅπαντα
339 3541 440 3608 καλῶς
477 3533 555 3618 ἔχεο.
602 3534 639 3600 In
673 3534 696 3600 S
730 3535 852 3622 legitur
882 3536 933 3600 καὶ
967 3537 1104 3613 οὐδαμῶς
1138 3534 1254 3602 ῶταντ·
1286 3534 1364 3618 ἔχεο.

173 3643 259 3724 Quid
290 3642 389 3708 lateat
418 3644 453 3706 in
478 3649 694 3706 OTAAMoC
718 3641 835 3706 frustm
858 3641 962 3707 adhuc
985 3661 1109 3727 quaero.
1156 3642 1367 3728 Perspicuum

173 3749 234 3814 hoc
268 3749 399 3834 quidem
422 3751 470 3811 est
493 3752 700 3812 correctorem
723 3746 882 3831 aliquem,
910 3749 965 3833 qui
989 3749 1023 3812 in
1046 3747 1156 3814 eadem
1179 3748 1367 3816 difficultate

172 3854 336 3933 haereret,
362 3853 400 3918 dc
424 3873 481 3918 suo
504 3860 605 3925 καλῶς
630 3855 819 3932 inseruisse,
844 3873 907 3938 quo
930 3851 1018 3918 nihil·
1035 3851 1229 3939 proficimus.

219 4065 301 4152 Peg.
328 4061 404 4130 146.
428 4063 481 4129 20.
506 4063 539 4128 ri
562 4065 633 4128 τοτ’
658 4057 706 4128 οὖν
730 4102 770 4112 -
792 4062 843 4129 τὸν
866 4064 922 4143 μὲν
946 4061 1023 4130 οὕτω
1043 4070 1182 4145 Φανερῶς
1202 4055 1367 4133 ἀδικοῦντα

174 4207 189 4224 ·
213 4172 311 4244 οὐδεὶς
336 4171 460 4235 ,τῶντοτε
482 4178 666 4236 ΤΟΤΤΟΝ
691 4167 776 4235 εἶτεν
800 4171 838 4243 ῶς
862 4171 966 4236 ἀδικεῖ
987 4169 1039 4235 καὶ
1062 4183 1278 4252 τολεμοτοοεῖ,
1297 4176 1366 4250 τοὺς

174 4279 206 4345 δὲ
232 4279 278 4356 μὴ
303 4275 474 4356 ἐπιτρέπειν
498 4313 539 4324 -
565 4275 836 4355 συμβουλεύοντας
860 4276 982 4348 τούτους
1007 4289 1222 4355 τολεμοτοοεῖν
1247 4280 1365 4361 Φαοίνς

173 4379 221 4452 ὅτε
255 4383 311 4458 τὴν
344 4380 450 4448 αἰτίαν
481 4387 538 4446 τῶν
571 4382 605 4446 ἕν
636 4388 688 4448 τοῦ
721 4381 857 4460 πολέμου
882 4383 1123 4461 συμβησομένων
1147 4385 1298 4467 δυσχερῶν
1324 4423 1365 4435 -

173 4499 240 4562 τοῖς
274 4487 348 4570 ὑπὲρ
380 4487 464 4568 ὑμῶν
494 4475 698 4568 τῶβέλτοςα
721 4487 826 4566 λέγειν
851 4489 1028 4568 ΟΙΟμένοος
1052 4487 1202 4579 [ἅπαντες
1227 4512 1290 4556 om.
1316 4490 1363 4579 S.]
