3232 5176
880 395 943 467 1³4

316 591 441 659 όπιέναι
464 589 669 672 προσέταξαν.
717 589 892 656 Κτνῗλιιωιιιε
913 592 996 656 bono
1018 589 1080 656 fido
1110 591 1245 656 credidit
1267 599 1354 658 recte
1374 594 1498 659 habere:

317 698 459 765 Εἱλώτων
483 699 560 768 τινές
573 694 822 773 ἐξαγγείλαντες
840 699 866 762 oi
879 696 1114 774 Λακεδαιμόνιοι
1129 696 1276 774 ἔγνωσαν.
1301 699 1499 785 Appellatus,

317 803 429 880 oredo,
461 802 660 868 νιοοιίκαίίοια
689 803 853 880 abachum,
883 808 915 868 et
948 803 1094 888 exemplo
1120 803 1276 888 quaedam
1308 807 1502 890 proferuntur

317 931 356 975 ox
385 909 464 974 locis
494 911 628 974 vitiosis.
675 907 793 973 Nullus
822 911 979 992 supererit
1008 929 1143 993 usquam
1173 909 1379 976 soloecismus
1401 914 1428 976 si
1450 909 1502 976 ills

317 1017 543 1102 probabuntur.
590 1012 796 1098 Recipiomus
817 1017 921 1102 igitur
943 1023 1046 1079 revoc
1069 1014 1353 1092 ἐξαγγείλαντος.

361 1120 440 1200 Quis
461 1120 594 1208 negabit
616 1126 672 1184 aut
691 1122 763 1204 quis
780 1123 881 1184 nescit
905 1122 1171 1186 constructionem
1192 1121 1360 1186 verborum
1383 1124 1500 1206 saepius

315 1229 435 1292 mutari
452 1229 487 1290 in
510 1225 638 1313 longius
660 1231 819 1310 protracto
843 1228 983 1291 orations
1006 1231 1062 1290 out
1090 1225 1292 1291 artificiosius
1314 1230 1498 1312 composita,

316 1330 441 1397 utalia
470 1330 572 1396 formo
605 1332 743 1415 coeperit
773 1333 902 1396 institui
933 1337 966 1396 et
998 1337 1143 1396 currente
1166 1331 1289 1397 calamo
1314 1331 1377 1398 ulie
1400 1337 1500 1414 exest,

316 1437 368 1502 sed
400 1442 458 1499 τῶν
489 1437 633 1500 Εἱλώτων
663 1436 740 1508 τινές
773 1434 1021 1514 ἐξαγγείλαντες
1053 1439 1078 1502 οί
1109 1438 1346 1514 Λακεδαιμόνιοι
1370 1437 1501 1515 ἐγνωσιιν

316 1541 418 1608 dicere
442 1541 614 1606 absurdum
639 1548 696 1606 est.

363 1647 454 1726 Quod
487 1653 617 1712 annotet
645 1645 795 1712 Meineke
827 1636 900 1712 cnm
935 1647 1061 1735 Ephoro
1100 1649 1273 1714 consentire
1308 1647 1500 1734 Polynennm

317 1755 442 1834 Straton.
474 1752 515 1817 Π.
542 1752 592 1817 14.
624 1753 682 1818 ubi
711 1759 776 1818 ost:
802 1791 844 1802 -
869 1754 1063 1831 προσέταξαν
1094 1757 1138 1835 τῷ
1169 1759 1272 1832 κη’ρνιιι
1301 1757 1500 1832 ἀναγορεῦσαι

320 1862 365 1937 „oi
390 1859 441 1924 τόν
465 1867 553 1923 πῖλον
584 1859 677 1937 αἴρειν
700 1859 867 1937 μέλλοντες
891 1859 925 1923 ἐκ
949 1869 1005 1934 τῆς
1028 1862 1147 1938 οίγορῖις
1171 1859 1295 1924 ἄπιτε.”
1317 1879 1381 1924 non
1404 1859 1500 1924 estid

317 1965 422 2032 hercle
444 1965 645 2042 mirandum,
676 1983 750 2030 nom
783 1964 964 2052 Polyaenus
986 1985 1044 2032 sun
1065 1987 1105 2031 ex
1134 1965 1260 2052 Ephoro
1292 1963 1430 2030 fideliter
1451 1963 1500 2029 de·

317 2075 491 2157 scripserat

362 2284 434 2373 Peg
467 2283 544 2349 280.
575 2285 602 2348 οί
626 2283 657 2348 δέ
688 2281 837 2354 ςαλέντες
862 2283 1104 2361 κατελοίβονΤΟ
1136 2291 1252 2347 TOTC
1278 2281 1432 2363 ’Δχαιοὺς
1454 2307 1502 2348 πο-

317 2397 490 2469 λεμοῦντας
515 2399 577 2461 τοῖς
601 2387 783 2468 βαρβοίροις.
819 2387 921 2453 Unice
943 2409 1055 2454 vorum
1078 2394 1126 2454 est
1146 2389 1368 2467 κατέλαβΟΝ.
1418 2390 1502 2456 Dico·

317 2498 394 2562 bont
416 2498 575 2581 sequiores
602 2495 843 2572 καταλαβέσθαι
874 2515 932 2580 pro
963 2494 1251 2578 oeconomicum,
1284 2495 1451 2561 castellum
1472 2501 1501 2560 et
1593 2523 1594 2551 ι

317 2606 388 2668 sim.
413 2602 469 2668 sed
492 2601 715 2679 κατελαβόμην
739 2602 851 2673 αὐτοὺς
877 2605 1088 2678 πολεμοῦντας
1112 2619 1206 2666 nomo
1228 2620 1383 2687 umquam
1410 2601 1499 2670 Grae

317 2729 428 2774 corum
451 2707 534 2772 dixit
557 2727 613 2793 pro
637 2707 827 2784 κατέλαβον.

364 2917 490 2984 Summo
516 2941 590 3008 pcg.
615 2917 691 2985 280.
718 2919 756 2985 de
779 2919 959 2985 Tarentinis
980 2921 1108 2985 scribit:
1134 2920 1193 2985 οὐδ’
1217 2921 1336 2991 ἐκείνοις
1360 2928 1435 3000 (τοῖς
1457 2919 1498 2996 ξ·
1592 2901 1593 2981 ί

318 3033 407 3097 νικοῒς
431 3029 608 3110 ςρατηγοῖς)
633 3025 660 3090 δ’
682 3028 829 3090 εὐπαθεῖν
854 3026 1001 3100 ἠδύναντο
1024 3027 1099 3089 αλλ’
1123 3027 1166 3097 είς
1187 3023 1300 3106 ἔχθραν
1320 3028 1430 3097 αὐτοὺς
1449 3047 1498 3089 κα-

319 3237 488 3304 sacceum
510 3240 544 3300 in
568 3238 730 3306 καίιςοίναι
753 3238 874 3303 scribas
896 3245 1021 3304 mutere
1044 3238 1156 3304 solent.

276 3515 278 3521 ,
363 3448 442 3536 ch.
467 3447 543 3514 285.
575 3450 679 3515 πολλὰ
705 3451 732 3515 δ’
757 3449 913 3525 εἰρηκότων
935 3451 977 3515 τοὶ
1002 3451 1120 3527 μέγιςα
1145 3456 1195 3514 νῦν
1220 3451 1498 3528 ἐπισημανούμεθα.

317 3575 430 3620 munos
452 3562 500 3620 cst
530 3559 685 3620 sententio
709 3558 826 3620 omisso
848 3555 1003 3621 vocabulo
1027 3558 1210 3622 necessario.
1259 3555 1380 3643 Snpple
1404 3557 1501 3624 πολλοὶ

318 3662 348 3724 δέ
374 3669 566 3726 ΠΟΛΛΩΝ
598 3663 764 3740 εἰρηκότων.
814 3660 882 3737 „De
911 3661 1025 3738 Ιίωίὲω,
1050 3665 1173 3747 inquit,
1197 3663 1285 3726 molti
1307 3667 1402 3728 οιωίία
1425 3666 1502 3732 dixe·

316 3765 418 3831 runt”.
466 3766 585 3832 Eodem
609 3767 828 3832 emendatione
851 3773 924 3852 eget
948 3767 1036 3832 locus
1060 3789 1133 3855 pag.
1158 3767 1210 3831 14.
1235 3789 1331 3852 quem
1350 3773 1384 3834 in
1409 3772 1502 3836 fronte
1590 3763 1591 3845 ἦ

317 3872 414 3936 huius
437 3875 615 3956 scriptionis
635 3874 813 3957 posuimus:
837 3873 863 3936 εί
885 3873 915 3936 δέ
935 3879 1055 3938 πολλῶν
1076 3873 1276 3951 προειπόντων
1297 3875 1502 3956 ἐπιχειροῦμεν

318 3981 369 4042 καί
394 3979 481 4042 αὐτοὶ
506 3977 627 4054 λέγειν,
651 3982 815 4043 imovero
839 3985 960 4042 πολλῶν
980 3981 1114 4058 (πολλοὶ)
1141 3981 1350 4058 προειπόντων.
1386 3983 1424 4048 In
1442 4001 1500 4066 sqq.

319 4083 439 4148 editur:
462 4087 532 4162 πρός
553 4079 595 4154 οίς
616 4083 655 4148 όιν
671 4085 722 4147 καί
743 4084 848 4162 μικρὸν
869 4085 1059 4161 προσλαβεῖν
1079 4084 1265 4162 δυνηθῶμεν,
1285 4088 1342 4152 ubi
1359 4089 1502 4154 suadens

318 4191 474 4253 sententio
503 4191 720 4254 restituimus:
753 4184 795 4259 οἷς
820 4189 858 4255 διν
883 4191 933 4254 καί
960 4189 1066 4271 μιαρόν
1086 4199 1132 4255 TI
1158 4203 1365 4271 προσΒΑΛεῒν
1388 4194 1501 4266 δννηίῑι·
1589 4167 1590 4192 ¹

318 4316 385 4370 μιν.

360 4505 439 4591 Pag.
465 4501 540 4568 287.
573 4505 696 4570 editur:
731 4508 864 4580 Κελτοὺς
895 4507 965 4580 τοὺς
996 4507 1064 4589 περί
1088 4508 1140 4572 τὸν
1165 4507 1265 4574 Πάδον
1292 4509 1431 4576 έπανσαν
1449 4516 1501 4582 τῆς
