3410 5180
900 331 965 404 478

339 519 528 610 [ὲύελοντοὶς]
559 527 785 602 παραχωρῆσαι
819 523 975 604 Φιλίππῳ.
1023 522 1153 609 Repone
1185 524 1220 586 in
1243 524 1399 610 margine.
1446 523 1531 589 Aere

335 634 367 693 et
390 626 501 692 ardens
523 627 804 706 αὐτεπαγγέλτους
827 650 891 695 non
915 630 976 696 fert
998 629 1190 717 languidum
1212 635 1244 695 et
1264 631 1348 694 iners
1368 629 1527 702 ἐθελοντάς

334 733 396 798 sibi
432 733 589 799 additum.
638 732 726 800 Olim
758 733 918 800 Henricus
953 733 1132 820 Stephanus
1167 737 1201 800 in
1236 734 1328 800 Thes.
1364 734 1402 801 L.
1417 732 1458 800 G.
1495 759 1526 804 v.

334 838 607 917 Αύτεπύγγελτος
637 839 767 906 laudato
799 839 868 905 looo
899 841 1123 906 Demosthenis
1156 847 1287 918 „miram
1319 849 1362 906 eet
1394 843 1524 930 (inquit)

335 945 495 1016 ε’ύελοντύο
525 947 614 1023 addi,
647 969 735 1032 quum
765 947 880 1031 alioqui
912 946 1176 1024 αύτεπύγγελπος
1210 955 1238 1011 et
1269 947 1425 1022 ἐθελοντὴς
1449 949 1525 1013 idern

333 1051 416 1128 ονίνύρ
447 1059 474 1116 et
504 1059 653 1136 suspectus
680 1074 741 1116 esse
763 1058 863 1135 potest
893 1051 1002 1116 ίοσιιο.”
1033 1052 1073 1116 ad
1104 1073 1198 1138 quem
1226 1052 1335 1118 locum
1359 1055 1524 1120 verissime

334 1158 501 1243 adscripsit
533 1157 716 1224 Ludovious
755 1157 898 1222 Dindorf.
944 1158 1058 1236 „Libri
1098 1159 1302 1223 Demosthenis
1340 1179 1441 1243 quum
1476 1165 1524 1226 tot

335 1263 449 1349 repleti
477 1266 542 1328 sint
572 1263 925 1348 impudentissimorum
954 1263 1124 1329 hominum
1156 1263 1399 1338 additamentis,
1422 1267 1524 1330 rectis-

334 1370 407 1434 sime
441 1370 483 1434 St.
520 1369 704 1454 ιίραξνῖοαιοο
739 1369 856 1434 videtur
889 1369 1045 1432 ύοίοιιύασι
1075 1370 1124 1434 tte
1154 1392 1215 1434 esee
1245 1371 1415 1442 ἐθελοντάς.
1465 1371 1526 1452 Qui

336 1482 414 1539 certe
442 1476 575 1558 οσριιύανι
607 1481 671 1538 erat
704 1474 949 1558 interpositam,
985 1482 1019 1538 st
1049 1475 1082 1538 ιἰι
1112 1475 1261 1538 similibus
1283 1477 1464 1562 synonymis,
1487 1479 1525 1542 de

334 1581 441 1666 quibus
463 1581 628 1666 Dionysius
651 1580 690 1645 de
711 1581 746 1645 vi
768 1580 861 1645 Dem.
888 1603 912 1643 ο.
939 1580 994 1645 ult.
1017 1603 1046 1666 p.
1076 1576 1195 1646 1127.”

381 1684 559 1769 Dobraeus,
581 1706 643 1772 quo
659 1707 753 1752 nemo
773 1689 808 1750 in
827 1687 886 1752 hoe
905 1704 1020 1773 genere
1039 1686 1164 1750 sautius
1185 1685 1298 1762 cernit,
1318 1684 1403 1750 hune
1417 1683 1524 1750 losum

337 1791 462 1857 silentio
486 1793 675 1856 transmisit.

380 2005 461 2092 Pag.
485 2002 562 2068 248.
590 2001 641 2067 18.
667 2001 771 2074 πύλειο
796 2001 980 2076 Ἑλληνιῖας
1001 2001 1071 2066 “Ac
1092 1999 1149 2077 μὲν
1171 2000 1316 2080 ἀναιρῶν,
1341 2001 1383 2071 εἷς
1400 1997 1470 2065 “Ac
1491 2000 1524 2066 δὲ

335 2110 405 2182 τοὺς
436 2110 586 2192 osythae
619 2106 777 2185 κατάγων.
826 2108 930 2172 Nemo
960 2109 1143 2172 Atticorum
1172 2109 1217 2170 sio
1240 2105 1443 2191 loquebatur,
1470 2108 1524 2172 sed

335 2218 410 2288 τοὶς
442 2217 498 2294 μὲν
523 2252 566 2264 -
589 2216 631 2287 εἷς
662 2216 738 2286 τὰς
771 2212 803 2278 δέ
835 2219 1013 2278 constanter
1044 2232 1152 2278 omnes
1183 2212 1339 2277 dicebant.
1387 2209 1525 2278 Graecu-

333 2323 440 2389 lorum
471 2344 508 2388 ea
536 2327 584 2386 est
607 2323 723 2386 vitiosa
745 2320 896 2392 συνήθεια.
944 2318 1105 2384 Lucienus
1129 2319 1163 2380 in
1186 2317 1395 2398 Φενδοσοφιςιῑ
1419 2319 1525 2385 ridens

334 2431 522 2515 imperitum
540 2428 790 2516 grammaticum
810 2445 885 2512 pag.
909 2423 985 2488 554.
1007 2419 1092 2494 αὖθις
1109 2422 1140 2487 δὲ
1157 2423 1264 2488 σκόπει
1284 2423 1523 2508 (soloecismum),

334 2537 450 2621 inquit.
475 2535 508 2598 ού
532 2531 595 2612 γύρ
620 2532 654 2596 σέ
678 2538 760 2612 Φνμι
786 2530 930 2595 δύνασύαι
956 2537 1165 2603 κατανοῆσαι,
1188 2529 1253 2592 ἐπεὶ
1273 2531 1317 2592 “A
1341 2530 1398 2605 μὲν
1422 2525 1524 2608 οἶσύα,

330 2637 372 2706 Ἃ
406 2640 432 2704 δ’
464 2641 516 2704 ούιι
548 2636 643 2704 οἶσθα.
670 2675 712 2686 -
736 2639 804 2702 εἰπὲ
835 2636 935 2714 μόνον.
961 2673 1004 2684 -
1028 2635 1117 2700 ἄλλα
1149 2633 1201 2697 καὶ
1234 2639 1284 2698 νῦν
1316 2635 1523 2703 resoluerat

334 2769 405 2824 μοι,
437 2746 475 2810 σὺ
506 2744 532 2809 δ’
563 2747 616 2809 οὐκ
648 2741 755 2822 ἔγνως.
804 2745 839 2807 Si
863 2744 896 2806 in
918 2740 1131 2807 Demosthene
1155 2762 1192 2806 ea
1216 2741 1313 2826 feres,
1338 2749 1449 2806 mutato
1472 2764 1523 2806 αο-

335 2852 413 2916 ιιιὶιισ
436 2852 472 2915 de
495 2857 524 2915 te
537 2851 656 2937 fabule
679 2856 833 2914 narrator.

380 3057 460 3145 Pag.
492 3057 569 3123 248.
600 3056 652 3122 22.
684 3056 807 3138 πότερον
833 3057 972 3138 φανῆναί
993 3080 1063 3120 τινα
1085 3061 1143 3119 πῶν
1167 3055 1323 3130 Ἐλλήνων
1345 3057 1397 3121 τὸν
1419 3063 1523 3122 ταῦτα

335 3163 514 3229 κωλύσοντα
546 3167 657 3251 [ποιεῖν
688 3163 795 3246 αὐτὸν]
820 3165 912 3244 ἐχρῆν
935 3163 952 3239 ἦ
977 3166 1042 3240 ρούς
1067 3162 1186 3227 Reeeea
1208 3162 1381 3248 insipidum
1406 3167 1524 3252 megis-

334 3269 405 3335 telli
427 3270 682 3336 additamentum
706 3291 744 3334 ex
768 3276 835 3335 tam
859 3269 987 3336 ardente
1010 3271 1160 3334 oratione.
1208 3268 1366 3335 Similiter
1393 3273 1521 3336 stetim:

334 3377 359 3441 sl
384 3376 414 3441 δὲ
438 3374 497 3441 ἔδει
522 3375 592 3440 τινὰ
615 3374 728 3440 τούτων
751 3378 888 3451 κωλυτὴν
910 3380 1046 3457 Φοινῆνκι
1071 3373 1134 3438 κσὲ.

382 3581 461 3670 Pag.
488 3581 565 3648 252.
590 3581 643 3648 29.
668 3579 689 3646 ὦ
713 3583 915 3663 βλασφημῶν
939 3585 1006 3663 περὶ
1031 3586 1104 3660 ἐμοῦ
1133 3583 1197 3671 [καὶ
1222 3583 1337 3668 λέγων]
1360 3589 1396 3658 ὡς
1421 3593 1522 3650 σιωπῶ

334 3687 391 3765 μὲν
422 3689 551 3766 λαβὼν,
583 3689 645 3768 βοῶ
677 3689 701 3754 δ’
738 3691 914 3762 ἀναλύσας.
944 3691 1020 3755 αλλ’
1048 3692 1080 3754 ού
1110 3690 1147 3755 σύ
1172 3714 1227 3768 γε,
1252 3693 1340 3756 ἄλλα
1363 3691 1442 3776 βοᾷς
1466 3693 1524 3770 μὲν

330 3794 490 3870 ”ΕΧΩΝ,
524 3797 637 3860 παύσει
670 3795 700 3860 δὲ
725 3796 886 3872 οὐδέποτε,
910 3797 964 3860 ἰσὶν
986 3796 1031 3875 μή
1055 3821 1088 3860 οε
1116 3791 1193 3860 οὗτοι
1218 3796 1375 3862 παύσωσιν
1403 3800 1522 3875 οὶπιμύ-

333 3924 445 3970 σαντεο
468 3903 605 3981 σήμερον.
654 3901 716 3983 Qui
741 3901 865 3967 addidit
888 3901 939 3965 sel
964 3900 1065 3979 λέγων
1088 3923 1150 3966 non
1176 3901 1336 3967 intellexit
1359 3904 1391 3968 id
1415 3907 1522 3988 ipsum

334 4009 368 4071 in
397 4008 600 4089 βλασφημῶν
632 4010 743 4074 inesse.
791 4006 882 4086 Quod
914 4010 1056 4092 sequitur
1089 4009 1167 4091 βοᾷς
1196 4008 1252 4084 μὲν
1279 4007 1359 4088 ἔχων
1382 4008 1525 4097 intelligi

333 4132 394 4178 non
420 4119 538 4198 potest,
563 4120 595 4179 et
617 4116 713 4198 periit
736 4116 912 4179 necessaria
935 4116 1102 4199 oppositio.
1151 4113 1319 4198 Optimum
1340 4121 1422 4180 esset
1441 4113 1520 4198 βοᾷς

333 4219 389 4294 μὲν
415 4217 515 4295 ’Ae1,
541 4221 654 4285 παύσει
678 4221 709 4286 δὲ
733 4219 938 4285 οὐδέποτε.

379 4321 470 4402 Quod
502 4325 624 4390 addidit
652 4326 769 4400 sciolus
793 4325 844 4388 καὶ
869 4324 988 4402 λέγων,
1013 4325 1123 4391 eodem
1149 4326 1244 4390 modo
1267 4347 1340 4414 pag.
1367 4323 1444 4393 347.
1468 4325 1523 4392 28.

333 4429 367 4496 in
397 4427 558 4496 nonnullis
588 4430 679 4498 libris
708 4430 936 4519 interpolatum
970 4436 1018 4498 est
1048 4431 1101 4495 καὶ
1131 4432 1302 4511 λεγόντων,
1332 4437 1365 4498 et
1387 4433 1421 4496 in
1444 4440 1523 4499 orat.
