3358 5200
847 387 889 455 12

327 571 418 640 Sitne
448 585 502 640 -e
532 595 572 640 ειι
603 584 671 641 -ΑΙ
701 575 820 662 ubique
848 575 1051 643 scribendum
1082 597 1145 642 non
1174 581 1223 640 cst
1255 576 1471 661 quaerendum

282 700 322 745 ex
351 679 441 746 libris
472 679 552 747 Mes.
598 679 779 748 Sexcenties
811 685 909 748 etiem
940 685 973 748 in
1003 680 1148 748 Parisino
1180 679 1203 746 S
1236 689 1261 744 6
1290 687 1323 746 et
1353 692 1397 746 ΑΙ
1423 685 1473 746 ita

281 785 516 852 confunduntur
537 790 576 851 ut
596 787 650 853 vel
672 789 780 872 inepte
802 787 854 854 vel
873 788 999 854 soloece
1021 786 1073 853 vel
1095 786 1228 852 borbore
1251 791 1342 852 exest
1359 789 1470 852 oratio.

280 888 330 956 Ne
362 889 500 956 dicerem
530 891 659 977 quidem
690 891 729 958 de
760 913 793 958 re
824 893 972 958 omnibns
999 894 1166 958 notissime
1187 893 1251 958 nisi
1273 899 1472 978 superessent

280 995 365 1082 cpud
387 994 635 1062 Demosthenem
658 996 721 1064 loci
743 1019 782 1064 ex
804 998 901 1064 huius
924 1001 972 1064 rei
989 998 1207 1064 observatione
1227 1001 1312 1062 certo
1331 997 1471 1063 remedio

281 1101 421 1166 serendi.
467 1100 602 1168 Perinde
625 1107 673 1168 est
695 1104 730 1167 in
754 1099 870 1169 Codice
892 1102 916 1168 S
938 1103 1135 1169 scribaturne
1157 1105 1192 1168 in
1214 1102 1332 1168 futuris
1353 1125 1470 1167 -σεσσιι

280 1227 320 1272 en
351 1231 467 1284 -σεσε,
499 1209 533 1272 in
560 1205 730 1274 infinitivis
762 1210 856 1273 -σθιιι
887 1229 927 1274 au
959 1209 1056 1287 -σθε,
1088 1228 1168 1293 quse
1184 1207 1310 1292 ubique
1331 1209 1415 1272 inter
1437 1227 1472 1272 se

279 1313 485 1379 stolidissime
516 1313 645 1378 confuso
676 1313 818 1392 videbis,
848 1319 887 1378 ut
918 1315 973 1380 vix
997 1315 1040 1378 sit
1064 1315 1339 1399 operaepretium
1360 1315 1395 1376 in
1418 1313 1471 1376 his

279 1417 436 1484 librorum
472 1417 697 1504 discrepantias
732 1438 989 1485 commemorare.
1037 1418 1149 1485 Nonne
1179 1419 1306 1485 fetuum
1337 1423 1402 1501 est,
1432 1424 1473 1482 ut

279 1523 339 1589 hcc
363 1527 452 1601 uter,
478 1523 640 1589 admoneri
663 1523 698 1587 in
721 1523 788 1591 cod.
813 1521 844 1590 S.
871 1513 970 1590 semel
992 1529 1025 1589 et
1047 1527 1166 1590 iterum
1185 1523 1394 1601 decoctione
1412 1542 1471 1606 pro

280 1628 496 1707 ἀναγνώσεται
528 1625 696 1713 apparere?
729 1633 762 1695 et
791 1628 944 1717 leguntur
973 1633 1094 1716 possim
1123 1631 1174 1696 his
1197 1627 1317 1696 similia
1339 1627 1470 1714 perinde

279 1733 396 1799 stolide
419 1738 451 1799 et
474 1733 618 1799 absurde.
665 1732 728 1800 Sed
749 1737 866 1800 reiecto
887 1735 1044 1802 librorum
1066 1737 1249 1802 testimonio
1268 1754 1343 1801 sane
1361 1739 1470 1799 mente

280 1844 313 1905 et
337 1839 461 1905 iudicio
492 1838 648 1905 utendum
678 1845 716 1905 ut
747 1845 907 1906 statuetur
932 1844 1014 1907 sitne
1038 1878 1080 1890 —
1104 1842 1173 1906 σάσιι
1197 1860 1237 1905 en
1259 1841 1338 1904 -σθε
1361 1839 1471 1925 legen-

280 1945 378 2028 dum„
416 1943 506 2011 Debc
536 1944 622 2011 locos
651 1945 709 2010 ubi
737 1946 814 2012 heec
844 1946 986 2012 confusio
1014 1947 1124 2014 turbes
1154 1945 1276 2012 dederit
1298 1950 1330 2010 et
1353 1944 1471 2012 addam

278 2071 380 2116 unum
402 2050 544 2116 nondum
569 2069 606 2116 eo
628 2035 743 2116 mendo
765 2049 948 2118 liberatum.

321 2156 401 2246 Peg.
429 2155 503 2223 130.
538 2155 568 2222 3.
600 2158 626 2222 εἰ
658 2156 686 2220 δ’
720 2155 813 2222 oiseis
845 2157 1021 2230 Χαλκιδέας
1054 2159 1108 2232 την
1139 2155 1283 2222 ‘Erectis
1313 2157 1419 2222 σώσειν
1448 2156 1468 2230 ἢ

276 2265 466 2344 Μεγαρέας,
491 2262 579 2340 ὑμεῖς
604 2261 630 2325 δ’
654 2262 873 2342 άπσδράσεσάθ
896 2265 940 2327 σά
964 2262 1336 2342 vasconesrabidos
1356 2261 1465 2327 σῖεσάε.

279 2367 333 2436 Sic
356 2369 432 2436 libri
456 2389 582 2445 omnes,
607 2369 727 2453 optime
751 2371 783 2432 et
807 2369 971 2434 verissime
993 2366 1288 2449 saevissimam.

321 2475 401 2563 Peg.
435 2471 511 2540 579.
544 2471 599 2538 28.
631 2472 687 2550 ἐμὲ
717 2472 806 2536 σῖεσά
840 2474 910 2550 ὑμῖν
941 2473 1097 2548 εἰσοίσειν,
1130 2474 1217 2550 ὑμεῖς
1241 2471 1272 2536 δὲ
1297 2473 1466 2549 νεμεῖσάθς

276 2583 332 2661 ἐμὲ
355 2581 451 2647 οἴεσθε
474 2580 723 2661 τριηραρχήσειν,
748 2576 835 2654 ὑμεῖς
859 2576 887 2641 δ’
910 2580 964 2644 οὐκ
986 2577 1192 2655 ε’μβάσεσάθ,
1216 2575 1269 2642 Sic
1291 2575 1314 2642 S
1336 2581 1369 2642 et
1395 2577 1470 2653 reli·

277 2691 333 2775 qui
355 2687 395 2753 ed
416 2707 518 2751 unum
541 2705 661 2750 omnes.
707 2683 897 2749 Rectissime
920 2683 1084 2750 Bekkerus
1108 2682 1147 2748 de
1168 2702 1225 2748 suo
1245 2684 1412 2760 νεμεΐσάΑΙ
1434 2689 1468 2748 et

276 2792 479 2871 ἐμβήσεσθΑΙ
511 2791 661 2875 reposuit.
708 2784 865 2874 Compare
894 2787 1001 2854 locum
1031 2809 1105 2876 psg.
1140 2785 1216 2853 580.
1250 2787 1302 2853 10.
1335 2788 1464 2869 νομίζεις

277 2902 360 2978 ημῖιε
390 2899 447 2977 μὲν
470 2894 632 2972 dediscis!
654 2918 723 2972 σσν,
747 2893 839 2967 αὐτὸς
864 2893 1104 2972 directricem
1127 2892 1180 2958 νισι)
1204 2896 1289 2972 ἡμᾶς
1312 2893 1369 2972 μὲν
1390 2895 1469 2960 άπι-

276 3003 463 3086 ψηφιεΐσάσά
485 3026 557 3078 σου,
582 3001 620 3066 σὺ
643 3001 677 3066 δὲ
699 3002 732 3065 οὐ
755 2985 949 3076 σισύσεσάσιις

321 3110 372 3177 Ad
409 3110 490 3174 hano
520 3107 626 3173 lucem
656 3105 750 3172 facile
780 3111 828 3170 est
859 3105 1027 3172 emendare
1056 3105 1164 3171 locum
1194 3125 1266 3193 psg.
1301 3103 1377 3170 115.
1410 3103 1466 3171 20.

277 3219 360 3296 ὑμᾶς
394 3216 424 3281 δὲ
451 3213 505 3278 ἐάν
527 3214 584 3290 μὲν
607 3211 763 3289 ἀμύνησθε
788 3212 842 3286 ἤδη
867 3212 1068 3292 σωφρσνησειν
1092 3210 1195 3294 φημὶ,
1219 3211 1272 3276 ἐάν
1297 3209 1326 3274 δ’
1350 3209 1466 3286 ἐάσητε

275 3324 342 3390 οὐδὲ
372 3323 454 3388 τοῦθ’
482 3317 558 3386 irae
587 3317 741 3398 βούλησθε
773 3316 944 3392 δυνήσεσθε
974 3325 1109 3392 ccciccc.
1156 3313 1329 3382 Certumne
1355 3322 1465 3383 estex

273 3431 337 3497 loci
360 3427 586 3513 compositione
608 3423 798 3500 δννησεσάΑΙ
822 3443 889 3489 esse
908 3423 947 3489 sb
967 3423 1097 3489 Oratore
1114 3420 1312 3509 profectum?
1332 3422 1464 3488 Utrum-

276 3556 338 3621 que
369 3535 455 3600 enim
488 3531 690 3614 σωφρονήσειν
717 3539 748 3596 et
772 3529 950 3604 δυνήσεσθαι
974 3550 994 3595 ιι
1014 3529 1111 3595 verbo
1133 3529 1219 3610 Φημί
1239 3528 1374 3613 pendere
1395 3548 1463 3593 ma·

275 3641 428 3707 nifestum
451 3643 509 3704 est

321 3851 402 3942 Peg.
436 3849 488 3918 12.
516 3849 569 3917 10.
599 3849 638 3917 άν
661 3851 718 3930 μὲν
740 3850 803 3931 γάρ
826 3845 872 3915 άσ’
895 3850 934 3915 άν
955 3874 1003 3923 σισ
1027 3845 1115 3930 λάβη
1138 3847 1191 3914 καὶ
1214 3850 1296 3929 σάση
1317 3847 1464 3929 μεγάλην

278 3957 344 4041 ἔχει
374 3966 450 4023 ΤΗΙ
481 3964 613 4022 ΤΤΧΗΙ
645 3963 737 4021 ΤΗΝ
761 3963 912 4034 ΧΑΡΙΝ,
936 3953 974 4020 άν
996 3955 1022 4021 δ’
1045 3954 1210 4026 ductrices
1234 3952 1313 4037 λάάη
1335 3953 1464 4020 σννσινά-

277 4081 358 4134 eccos
394 4064 446 4128 ιισὶ
477 4064 512 4130 τὸ
541 4062 726 4140 μεμνησάνιι.
774 4061 862 4128 Hecc
893 4065 942 4128 eet
970 4082 1046 4128 vere
1074 4067 1107 4126 et
1138 4061 1269 4145 entique
1297 4063 1462 4147 scripture.

277 4169 407 4238 (lodices
438 4166 621 4254 interpoleti
656 4173 746 4233 eunt:
778 4169 812 4232 in
843 4167 915 4234 eliis
945 4172 993 4233 est
1022 4167 1195 4244 μεμνῆσθαι
1218 4167 1274 4240 νην
1296 4165 1405 4248 χάριν,
1429 4168 1463 4230 in

276 4275 349 4344 aliis
379 4275 553 4354 μεμνῆσθαι
576 4283 615 4355 τῇ
638 4275 722 4355 τύχη
744 4276 799 4349 την
823 4273 932 4354 χάριν,
957 4294 1036 4359 queo
1059 4293 1099 4338 ex
1121 4271 1334 4359 superioribus
1356 4271 1464 4336 verbis

276 4381 361 4451 mele
384 4379 519 4466 repetite
540 4381 646 4465 inepte
670 4379 832 4447 abundent
854 4385 887 4446 et
908 4378 1038 4446 laedunt
1061 4399 1180 4445 eurem.
