3372 5192
620 323 623 330 ’
750 295 815 372 tat

189 510 264 581 pag.
301 487 400 559 1276.
432 489 487 559 27.
519 495 564 572 μὴ
588 491 633 560 ὅτι
657 492 741 569 δίκην
765 492 878 573 λαβεῖν
901 492 989 558 οὶλλιὶ
1013 491 1058 571 μὴ
1081 497 1267 576 προσοφλεῖν
1289 491 1377 574 οίγα-

189 597 325 677 πείσαιμ’
356 596 404 664 ύν.
451 597 515 666 Sed
544 605 711 686 peceatum
742 603 790 665 ost
820 600 855 663 in
888 599 1033 664 Μίύίααο
1061 619 1136 685 pag.
1161 597 1237 665 517.
1267 599 1318 665 11.
1343 603 1376 667 ού

189 705 253 786 γὰρ
283 699 363 776 θ’τως
395 706 469 790 [μὴ]
501 706 536 772 τὸ
567 712 660 785 σῶμα
685 703 861 787 ὑβρίζεσθαί
884 728 961 776 τινος
980 741 1023 753 -
1040 703 1128 769 οὶλλοὶ
1152 704 1204 769 καί
1231 705 1294 771 κτὲ.
1318 709 1377 775 ubi

189 811 275 877 solus
306 807 329 874 S
359 813 536 877 reotissime
567 813 612 889 μοί
642 814 776 878 omittit.
823 807 981 877 Similiter
1008 809 1185 899 pag.·911.
1209 809 1263 877 20.
1287 813 1377 878 ιῖλλδι

188 918 233 995 μίρ
264 909 309 980 θτι
341 914 355 979 θ
386 915 519 994 Λύμτισ
552 918 632 1003 [ούκ]
664 915 841 998 ἐφθέγξατο
873 914 950 981 ἀλλ’
983 917 1044 982 oet·
1074 917 1168 991 αὐτὸς
1200 914 1296 991 οὗτος.
1321 920 1378 985 ubi

189 1024 309 1088 iterum
332 1019 419 1086 solus
441 1019 464 1086 S
486 1042 595 1088 veram
617 1023 788 1088 lectionem
810 1023 950 1089 servavit
971 1023 1141 1110 negatione
1164 1025 1290 1090 omissa.

235 1227 316 1316 Pag.
364 1225 441 1293 637.
481 1226 536 1294 28.
573 1228 651 1310 ὑπὲρ
680 1225 718 1293 ὦν
752 1237 815 1302 τοῖς
849 1228 1007 1307 τολεμθοις
1042 1229 1215 1313 μαχόμεθα
1250 1229 1299 1299 ίνα
1334 1237 1379 1314 μίρ

94 1342 98 1348 “
190 1333 359 1414 οεοίσχωσιν
390 1332 543 1428 ύβριςικόν
574 1333 647 1414 μηδ’
679 1335 815 1415 οίσελγές
846 1335 957 1414 μηδὲν,
990 1336 1063 1418 ὑπὲρ
1094 1337 1284 1405 τούτωνκαὶ
1308 1341 1378 1415 τοὺς

189 1442 312 1521 φιλίους
333 1439 387 1506 ἐὰν
408 1440 495 1522 ταρθο
515 1441 567 1506 τδν
588 1440 676 1520 νθμον
694 1443 738 1514 είς
759 1439 870 1515 αύτούς
892 1439 1051 1523 ὑβρίζωσιν
1068 1442 1135 1525 [καὶ
1154 1443 1379 1533 διαφθείρωσιν]

192 1545 300 1613 ἔδωκεν
324 1549 515 1612 οῖτοκτεῖναι.
562 1545 733 1634 Frigidum
756 1551 789 1611 et
810 1549 894 1613 iners
917 1547 1128 1629 διαφθείρωσιν
1151 1551 1379 1636 interpretandi

191 1672 287 1718 eausa
318 1652 435 1738 aliquis
463 1655 496 1717 in
519 1655 665 1741 margine
688 1651 911 1738 adsumpserat,
935 1653 1019 1719 unde
1041 1675 1074 1720 se
1096 1656 1131 1719 in
1154 1661 1280 1721 textum
1304 1680 1380 1724 eum

190 1758 304 1846 oopula
324 1761 511 1825 insinuavit.

235 1969 317 2058 Pag.
348 1967 424 2033 639.
459 1969 491 2035 i.
517 1968 571 2034 ε’ύιν
594 1965 714 2047 οίγοντα
735 1968 752 2044 ἢ
777 1967 910 2049 φέροντα
934 1966 993 2052 βίρι
1016 1966 1129 2042 οῖδίκως
1153 1969 1239 2042 εύθύς
1262 1973 1379 2049 οίμυνθ-

191 2098 280 2153 μενοι
312 2075 413 2157 κτείνρ
444 2073 557 2150 νκτοινί
590 2074 731 2139 τεθνοθναι
763 2072 920 2160 [κελεύει].
968 2074 1152 2139 Absurdum
1176 2079 1224 2140 sat
1246 2080 1378 2144 eonion·

188 2201 265 2268 gere
300 2180 418 2246 κελεύει
451 2179 607 2258 τεθνύναι,
646 2183 684 2244 ut
718 2181 746 2244 si
780 2179 893 2245 Latine
925 2179 1043 2246 dixeris
1076 2180 1144 2244 ιὐτσ
1173 2203 1286 2246 eaerum
1318 2207 1379 2250 ease

189 2305 296 2352 maur.
343 2284 482 2353 Gravius
512 2287 611 2351 otiam
642 2281 763 2350 (δεεσσε
793 2289 958 2371 pareatur,
983 2287 1057 2370 quia
1079 2284 1192 2351 Latine
1214 2291 1375 2373 passivum

189 2394 318 2478 ponitur
348 2390 439 2454 obiici
467 2389 564 2468 οἰιθσθ,
599 2391 702 2455 necari
733 2391 838 2467 iussit,
875 2388 995 2457 Graece
1030 2393 1173 2457 activum
1209 2394 1377 2475 ατορρῖφαι

189 2497 325 2576 κελεύει,
361 2495 551 2562 ἀποκτείνειν
584 2495 751 2562 ἐκέλευσεν.
809 2494 993 2563 Solemnem
1026 2499 1062 2562 in
1096 2498 1216 2565 talibus
1251 2500 1377 2588 ellipsin

189 2601 306 2669 soiolus
328 2603 476 2688 imperite
499 2600 651 2688 explevit.

234 2811 314 2899 Pag.
349 2809 427 2875 640.
451 2809 482 2877 6.
507 2803 538 2884 tc
562 2809 600 2876 ύν
623 2809 728 2893 ιἰρχων
748 2811 766 2888 ἢ
789 2812 905 2887 ίδιύτκο
929 2811 1025 2886 αίτισς
1051 2809 1068 2894 ᾗ
1092 2813 1143 2878 τθν
1167 2816 1278 2895 θεσμὸν
1301 2842 1377 2898 συγ-

189 2917 321 2998 χυθῆναι
353 2917 460 2996 τθιδε,
489 2916 612 2983 soloeoa
640 2919 701 2982 erit
725 2919 825 2983 oratio
849 2917 946 2984 donee
968 2918 1141 2984 articulum
1164 2922 1377 3007 suppleveris:

189 3021 286 3097 αίτιος
312 3020 329 3105 ᾗ
353 3032 443 3089 ΤΟΤ
465 3023 517 3088 τθν
540 3021 650 3101 θεσμὸν
673 3023 877 3101 συγχυθῆναι.

236 3130 309 3196 Non
340 3149 470 3197 moveor
499 3131 557 3207 iis,
587 3148 666 3214 quae
695 3127 850 3194 Sohasfer.
875 3130 910 3192 in
933 3128 1038 3193 Melet.
1065 3129 1137 3194 Orat.
1161 3151 1235 3219 pag.
1259 3131 1313 3199 23.
1337 3156 1377 3201 ex

189 3233 363 3323 Sophocle.
400 3235 579 3313 Herodoto,
615 3233 802 3321 Thucydide
836 3232 977 3320 oollegit.
1024 3233 1252 3302 Demosthenes
1284 3261 1378 3305 num·

190 3363 287 3428 quam
309 3344 345 3407 in
367 3342 418 3407 his
442 3339 615 3406 articulum
637 3341 778 3417 omittit,
801 3345 931 3427 utpog.
952 3336 1102 3407 67617.
1125 3345 1178 3406 τοῦ
1198 3342 1243 3420 μὴ
1263 3346 1377 3424 λαβεῖν

190 3448 387 3532 Ἀμφίπολιν
409 3445 534 3513 τοίντων
557 3441 640 3519 οὗτος
665 3445 849 3518 αίτιιθσατθς
874 3445 954 3523 ἐτιν,
976 3450 1010 3511 et
1033 3446 1078 3511 sio
1100 3446 1229 3532 ubique.

235 3657 314 3724 Post
343 3676 445 3743 pauoa
474 3657 520 3722 sio
550 3656 717 3722 scribitur:
749 3653 783 3719 τί
812 3652 876 3735 γὰρ
906 3652 988 3721 ι’ίλλο
1019 3653 1064 3723 δεῖ
1095 3653 1130 3718 εδ
1153 3659 1376 3735 μετοισοιεῖνῖι

190 3762 265 3830 ὅταν
298 3759 354 3838 ἔξω
387 3767 446 3827 τῶν
476 3761 678 3841 τεταγμένων
708 3759 885 3840 δικαςκρθων
908 3761 960 3826 καί
985 3757 1055 3841 ίίρων
1079 3756 1131 3844 [ὧν
1154 3760 1308 3842 είργεσθαι
1333 3764 1380 3830 δεῖ

189 3873 310 3956 optime
341 3867 460 3934 delevit
489 3865 666 3951 Dobraous]
698 3867 765 3948 διδῷ
797 3890 844 3938 τις
868 3865 927 3938 τὰς
950 3866 1112 3947 τιμωρίας;
1133 3904 1174 3914 -
1193 3869 1226 3932 τί
1249 3868 1274 3932 δ’
1297 3867 1378 3936 ἄλλο

189 3976 224 4041 τθ
248 3981 382 4053 συγχεῖν
407 3973 424 4049 ἢ
449 3969 524 4039 ὅταν
546 3974 615 4052 ἑξῆς
639 3971 747 4037 ούτωσί
767 3973 875 4039 τθντα
896 3972 1049 4037 τάναντία
1069 3978 1128 4037 τῶν
1145 3974 1176 4038 ἐν
1195 3981 1257 4046 τοῖς
1279 3974 1379 4054 νίμοις

191 4085 266 4170 [τις]
290 4078 517 4161 γεγραμμένων
545 4077 669 4162 γριίφρς
714 4077 866 4143 Potuitne
897 4097 1011 4164 quaeso
1043 4067 1224 4144 absurdiora
1242 4078 1311 4148 loco
1331 4107 1378 4156 τις

190 4191 265 4277 poni
300 4207 396 4273 quam
426 4187 510 4252 inter
535 4191 593 4251 τῶν
616 4186 647 4249 ἐν
668 4190 732 4255 τοῖς
755 4181 855 4260 νθμοις
880 4188 912 4248 et
935 4181 1183 4264 γεγραμμένωνί
1229 4184 1302 4252 Diei
1323 4210 1379 4275 po·

190 4299 272 4362 terat
304 4287 378 4358 θταν
413 4315 460 4366 τις
479 4329 520 4340 -
539 4291 668 4375 wilt,
702 4294 826 4375 P⁰l0¹⁸t
862 4283 935 4353 θῖθθ
954 4325 996 4336 ··
1014 4287 1125 4370 θῖθΦθ
1159 4313 1222 4368 τίς,
1257 4297 1381 4376 Ρθθθῖθθ

190 4403 290 4467 etiam
320 4421 367 4472 τις
397 4399 507 4464 omitti
537 4399 612 4483 quia
641 4395 802 4484 praeeedit
835 4391 912 4460 ίτοιν
945 4393 1013 4475 διδρῖ
1047 4417 1105 4468 τις.
1152 4393 1381 4470 Demosthenes
