3372 5192
715 389 780 462 577
893 441 895 448 -

154 577 193 648 ὦν
216 581 283 661 έμοί
307 580 393 665 έργον
418 579 564 650 οίπύνπων
587 584 772 661 μεμνῆσθαι.
818 580 1013 649 Dieamurne
1034 584 1112 650 haec
1135 583 1341 650 declamitan-

154 693 222 754 tem
256 688 439 776 Sophistam
470 687 596 754 finxisse
619 689 659 754 de
680 685 783 754 nihilo
806 689 912 752 omnia
935 694 967 753 et
989 687 1110 754 iudicia
1132 694 1164 754 et
1190 685 1342 753 nominat

154 800 211 859 aut
232 795 381 861 habuisse
405 799 566 860 auctorem
589 814 685 880 quem
708 796 743 858 in
765 793 817 859 his
838 792 1040 878 sequeretur?
1313 865 1316 870 ,

199 901 290 981 Quod
312 906 542 968 commemorat
565 921 716 987 spurcum
739 900 967 987 Aristogitonis
990 902 1024 966 in
1047 900 1156 967 decem
1181 906 1340 987 praetores

151 1006 360 1072 maledictum
378 1028 452 1094 pag.
474 1005 548 1074 785.
572 1007 625 1073 13.
646 1006 712 1072 οὐδὲ
731 1011 791 1070 τοῖν
810 1004 963 1087 κοπρώνων
979 1005 1019 1070 ἂν
1031 1005 1186 1082 έπιςοίτας
1199 1008 1336 1085 ἑλέσύαι,

151 1118 285 1198 putesne
316 1133 335 1178 a
366 1111 516 1198 Sophiste
546 1135 614 1180 esse
640 1109 880 1200 excogitatum?
903 1117 961 1178 aut
983 1133 1063 1198 quae
1087 1114 1125 1179 de
1148 1113 1245 1181 Zobia
1270 1135 1341 1179 nar-

152 1223 263 1284 rantur
293 1240 368 1306 pag.
402 1217 477 1286 787.
512 1217 574 1283 141
604 1219 774 1284 Fictumne
796 1221 845 1282 est
867 1239 941 1305 pag.
967 1217 1044 1284 791.
1070 1217 1124 1284 25.
1148 1219 1339 1299 βουλεύσεως

152 1324 204 1390 σύν
235 1324 448 1398 Ἀλωπεκῆθεν
480 1325 629 1403 ’Λρίςωνα
661 1321 778 1388 διώκειί
823 1323 992 1391 Fiotumne
1021 1317 1175 1411 estquod
1200 1326 1238 1392 do
1260 1325 1342 1391 The-

153 1429 240 1495 oride
269 1427 409 1496 venefica
438 1431 550 1495 scribit
579 1451 653 1519 pag.
687 1428 763 1495 793.
796 1427 851 1494 25.
883 1431 936 1511 ἐφ’
968 1426 1010 1506 οίς
1036 1433 1124 1510 ὑμεῖς
1148 1433 1202 1507 την
1225 1431 1340 1510 μιαρδιν

154 1535 291 1614 Θεωρίδα
323 1536 378 1608 την
409 1538 552 1612 Λημνίαν
581 1537 636 1608 τίον
666 1534 853 1616 Φαρμακίδα
885 1535 938 1602 καὶ
975 1538 1072 1611 αύπίην
1102 1538 1154 1601 καὶ
1186 1537 1221 1600 τὸ
1253 1536 1339 1613 γένος

152 1637 240 1706 ίίπαν
272 1641 478 1706 ἀπεκτείνατε
500 1645 605 1707 ταῦτα
629 1640 737 1718 λαβὼν
760 1641 800 1704 τοί
825 1640 983 1722 Φοίρμακα
1003 1681 1044 1692 -
1062 1641 1262 1722 μαγγανεύει
1286 1640 1338 1706 καὶ

151 1747 312 1828 φενακίζει
337 1747 388 1812 καί
417 1751 564 1836 (agnosce
586 1749 620 1812 in
643 1767 709 1830 sqq.
734 1746 874 1812 facetum
894 1750 926 1812 et
946 1747 1037 1813 dicax
1057 1747 1232 1835 Hyperidis
1250 1750 1340 1836 inge·

150 1855 265 1934 nium)¹
288 1854 359 1925 τοὺς
391 1854 577 1928 ἐπιλήπτους
607 1852 703 1932 Φησίν
734 1851 837 1916 ίοῖσίαι
869 1851 964 1924 αὐτὸς
996 1851 1034 1917 ίιν
1059 1854 1229 1928 ἐπίληπτος
1252 1851 1339 1934 πύση

151 1959 287 2042 πονηρίᾳ.
336 1957 409 2025 Νοιι
430 1979 497 2024 asse
519 1959 596 2024 haec
619 1956 693 2022 ficta
714 1956 907 2023 Plutarchus
931 1959 966 2022 in
987 1958 1181 2024 Demosthene
1202 1963 1239 2025 et.
1260 1959 1338 2024 Phi·

150 2065 298 2130 lochorus
330 2065 414 2149 apud
444 2063 631 2150 Harpocrat.
662 2085 693 2128 v.
727 2063 838 2141 Θεωρίς
871 2068 967 2128 testes
997 2069 1080 2128 sunt.
1128 2063 1205 2130 Inde
1235 2067 1338 2152 igitur

151 2169 334 2255 sophistam
358 2188 416 2234 sua
438 2172 588 2235 sumsisse
613 2165 739 2234 credes?
785 2168 857 2234 Non
880 2168 992 2246 facies,
1017 2189 1080 2235 non
1103 2174 1151 2234 est
1174 2171 1258 2234 enim
1278 2169 1338 2234 hoc

150 2276 318 2341 hominum
350 2295 452 2362 genus
475 2279 543 2340 tam
567 2275 697 2339 doctum
721 2294 757 2339 ac
781 2273 928 2362 diligens.
975 2272 1157 2361 Hyperides
1179 2276 1247 2360 ipse
1268 2294 1338 2340 rem

150 2381 214 2445 sibi
236 2385 269 2446 et
292 2382 440 2447 omnibus
462 2385 572 2446 notam
594 2381 753 2446 iudicibus
774 2381 925 2446 narravit.

197 2483 350 2570 Sequitur
380 2491 418 2550 ut
445 2486 610 2553 ostendam
632 2506 669 2551 ea
691 2505 771 2569 quae
793 2486 823 2549 έν
847 2485 889 2564 τῷ
913 2487 986 2550 κατ’
1008 2485 1246 2566 Ἀριτογείτονος
1268 2486 1340 2552 nar-

151 2596 262 2656 rantur
280 2591 461 2676 aequalium
480 2593 672 2658 testimoniis
692 2589 871 2656 confirmari
891 2596 923 2656 et
942 2593 1049 2657 omnia
1066 2593 1151 2657 inter
1169 2613 1236 2658 sese
1250 2591 1338 2658 fideli

151 2697 315 2762 concordia
345 2700 532 2783 conspirare.
581 2697 704 2763 Omitto
731 2697 854 2782 reliqua
877 2699 1022 2764 tenuiora
1044 2702 1077 2762 et
1099 2700 1177 2763 satis
1200 2718 1266 2763 csse
1288 2718 1337 2763 ar·

150 2804 252 2868 bitror
274 2803 426 2868 Dinarchi
450 2805 624 2869 orationem
648 2805 720 2866 κατ’
744 2801 981 2881 Ἀριςογείτονος
1000 2805 1034 2868 in
1053 2822 1148 2869 causa
1166 2802 1339 2889 Harpalica

151 2928 231 2974 anno
260 2907 325 2972 324
348 2908 492 2972 habitam
516 2928 591 2973 cum
614 2906 799 2994 Hyperides
821 2927 1011 2993 comparare.
1061 2908 1185 2994 Nempe
1208 2930 1247 2975 ex
1268 2928 1337 2994 per·

150 3019 248 3100 petuo
278 3016 445 3100 utriusque
468 3016 559 3080 testis
584 3034 735 3080 consensu
758 3019 892 3098 utraque
915 3017 1015 3080 oratio
1038 3019 1157 3080 certam
1181 3019 1213 3079 et
1232 3013 1339 3100 explo-

150 3127 255 3188 ratam
278 3118 374 3184 fidem
396 3119 537 3185 habebit.

197 3225 303 3291 Pauca
337 3227 439 3312 igitur
473 3224 652 3290 Dinarohea
685 3223 761 3288 audi
794 3228 828 3289 et
860 3223 985 3290 videbis
1014 3224 1092 3290 haec
1122 3227 1231 3291 omnia
1261 3247 1337 3294 oum

150 3330 346 3418 Hyperidois
378 3333 539 3396 concinere
570 3331 597 3414 ξ.
627 3329 659 3394 8.
690 3331 737 3401 τίς
771 3329 852 3405 ύμῖιν
887 3330 919 3393 ού
951 3327 1104 3402 πολλοίκις
1136 3332 1265 3405 ύκιίκοεν
1290 3330 1337 3398 ίπι

149 3435 334 3515 Κυδιμάχου
365 3437 422 3511 μὲν
452 3441 506 3500 τοῦ
537 3434 652 3515 πατρὸς
679 3439 733 3500 τοῦ
758 3434 996 3515 ’Λριςογείπονος
1022 3433 1153 3500 ίαυοίτου
1177 3453 1339 3516 καταγνω-

151 3541 271 3612 σύίνπος
303 3541 355 3606 καί
387 3539 541 3621 Φνγίντος
570 3543 605 3605 ἐκ
627 3541 746 3615 ταύτης
770 3549 825 3614 τῆς
850 3539 964 3611 πόλεως
990 3539 1003 3604 ὃ
1027 3541 1140 3621 χρηςδς
1166 3540 1252 3617 ούπος
1277 3545 1338 3619 νίδς

150 3648 286 3728 περιεῖδε
318 3646 370 3711 τὸν
401 3647 495 3712 αὑτοῦ
521 3647 644 3727 πατέρα
668 3647 721 3713 καί
746 3644 844 3726 ζῶντα
867 3653 925 3710 τῶν
948 3646 1127 3724 οίναγκαίων
1150 3651 1340 3732 σπανίζοντα

151 3753 204 3818 καί
237 3753 470 3828 τελευτήσαντα
501 3754 534 3817 ού
564 3751 703 3833 τυχύντα
734 3759 793 3817 τῶν
825 3753 977 3830 νομίμωνς
996 3789 1038 3800 -
1058 3753 1152 3819 αὐτὸν
1178 3755 1210 3820 δέ
1232 3762 1340 3822 τοῦτον

149 3857 195 3925 ὅτ’
227 3859 257 3922 έν
288 3860 330 3938 τῷ
362 3857 554 3939 δεσμωτηρίῳ
577 3859 611 3926 τδ
636 3865 750 3941 πρῶτον
773 3859 903 3938 οίπιίχίη
922 3896 964 3907 -
980 3862 1112 3922 τοιαῦτα
1134 3863 1338 3938 τολμήσαντα

150 3973 247 4031 ποιεῖν
269 3965 364 4029 αύτοῖι
389 3961 441 4032 te·
461 3963 589 4037 ἐκείνους
610 3964 687 4053 (leg.
706 3949 765 4032 dise
784 3965 854 4035 τοὺς
877 3965 951 4049 ἐκεῖ)
972 3965 1236 4045 ἀποψηφίσασθαι
1255 3971 1336 4046 μιίπε

151 4075 211 4152 πῦρ
234 4069 351 4134 ἐναύειν
373 4069 469 4150 τούτῳ
493 4069 574 4144 μήτε
597 4079 752 4137 συσσιτεῖν
776 4069 893 4147 μηδένα
918 4069 1000 4147 μήτε
1024 4070 1128 4134 eversa
1152 4077 1210 4136 τῶν
1233 4097 1338 4153 γιγνο-

150 4175 248 4255 μένων
270 4183 425 4241 κοινωνεῖν.

198 4281 376 4348 Dinarchus
406 4283 424 4367 ξ
449 4279 500 4345 10.
526 4281 724 4372 Aristogiton
748 4281 890 4362 έμπορίου
915 4282 1105 4359 έπιμελητης
1128 4286 1238 4363 λαχὼν
1260 4288 1341 4354 ύπε.

155 4387 322 4465 δοκιμοίσίη
356 4387 413 4454 ὑπὸ
445 4395 503 4454 τῶν
534 4388 606 4454 πίσε
638 4388 818 4470 δικαζίντων
855 4386 963 4470 ύρχειν
996 4388 1114 4462 ταύτην
1145 4389 1201 4464 την
1232 4393 1341 4475 ύρχνίν.

154 4495 337 4582 Hyperides
359 4516 432 4582 pag.
460 4491 536 4561 790.
563 4495 614 4560 15.
641 4496 731 4562 ἀλλὰ
755 4497 789 4572 νίς
815 4496 878 4561 Δία
897 4534 940 4545 -
956 4495 1009 4560 διδ
1032 4496 1122 4560 ταῦθ’
1146 4496 1218 4573 ύμῖν
1243 4500 1344 4577 εὔνους

1167 4604 1200 4652 οι
