3372 5192
744 297 808 376 567

185 514 257 584 pag.
290 491 366 572 790.
399 491 452 558 21.
485 493 781 560 δακτυλοδεικτεῖτε.
812 514 886 582 pag.
920 492 999 564 794.
1034 493 1065 559 5.
1097 495 1111 560 d
1143 491 1250 574 λοιμίς
1272 494 1366 580 prod

184 601 317 682 θλεθρος,
341 601 355 664 θ
376 599 494 683 Φθθρος.
523 603 548 687 ι)
571 621 645 689 pag.
671 599 747 667 799.
773 597 827 667 17.
851 600 1197 684 Φυσιογνωμονήσουσιν.

230 809 310 899 Peg.
342 807 416 876 772.
449 807 505 875 26.
530 809 570 874 ad
591 809 713 875 iudices
735 811 782 874 ita
805 809 898 876 dicit:
923 817 1035 895 eportet
1056 833 1286 898 unumquenque
1304 833 1368 876 oee-

184 924 262 982 trum
302 917 356 994 τήν
389 914 604 994 ἀπαραίτητον
637 915 691 980 καί
728 917 840 994 σεμνήν
875 917 972 992 Δίκην
995 956 1035 966 ·-
1057 919 1100 992 είς
1135 919 1227 984 αὑτὸν
1261 914 1370 986 ἕκαςον

185 1022 354 1101 νομίσαντα
385 1019 516 1108 βλέπειν
547 1019 623 1086 οὕτω
654 1019 845 1101 ψηφίζεσθαι
870 1023 1106 1104 Φυλαττθμενον
1129 1023 1182 1088 καί
1207 1023 1372 1104 προορώμε·

185 1151 231 1193 νον
253 1130 298 1207 μή
321 1129 534 1208 καταισχῦναι
556 1126 691 1203 ταύτην,
716 1123 750 1202 ής
774 1127 928 1206 ἒποίνυμθι
955 1130 1017 1198 ἒςιν
1043 1130 1125 1208 ὑμῶν
1149 1126 1257 1202 ’ἑκατος
1282 1130 1295 1194 ὅ
1319 1127 1368 1192 αεὶ

185 1232 319 1314 διανίζειν
343 1233 452 1315 λαχὼν
476 1231 582 1299 πάντα
608 1233 649 1297 τοὶ
674 1234 705 1296 ἓν
728 1241 766 1314 τῇ
790 1231 879 1296 πθλει
903 1233 991 1298 καλοὶ
1014 1233 1067 1299 καί
1087 1234 1195 1298 δίκαια
1218 1234 1270 1298 καὶ
1295 1258 1373 1312 συμ-

185 1340 319 1422 Φέροντα
351 1337 552 1425 [Φυλοίττειν]
586 1340 705 1412 ταύτην
736 1339 790 1414 τήν
821 1338 937 1420 ἡμέραν
968 1342 1234 1420 παρακαταθήκην
1261 1337 1373 1420 ἔνορκον

185 1446 321 1527 εἰληφὼς
354 1445 441 1524 παροδ
470 1451 528 1508 τῶν
559 1442 657 1522 νθμων
688 1445 742 1508 καί
774 1454 829 1520 τῆς
863 1445 1022 1518 πολιτείας
1054 1447 1105 1510 καί
1136 1452 1191 1518 τῆς
1216 1446 1371 1526 πατρίδος.

185 1551 248 1617 Pr0
279 1552 453 1630 Φυλθττειν
484 1553 519 1616 in
551 1552 681 1638 optimis
706 1550 798 1616 libris
823 1557 870 1617 est
894 1551 1083 1629 Φυλθττων,
1108 1551 1162 1616 sed
1185 1553 1304 1637 siquis
1327 1551 1373 1616 lo-

186 1677 260 1722 onm
292 1655 464 1743 diligenter
495 1657 741 1723 consideraverit
765 1657 889 1723 ridebit
912 1659 1087 1739 Φυλοίττειν
1114 1657 1166 1744 (an
1189 1656 1374 1742 Φυλθττυν)

186 1783 206 1828 a
234 1760 330 1827 soiolo
362 1783 428 1828 esse
451 1761 689 1847 interpolatum.
738 1759 917 1829 Coniuncta
939 1770 1014 1829 sunt
1036 1761 1068 1839 ής
1093 1760 1249 1839 ε’πθνυμίς
1274 1763 1335 1832 ἐτιν
1359 1762 1373 1826 θ

186 1867 234 1933 aial
258 1865 389 1946 διανίζειν
413 1869 522 1946 λαχὼν
545 1868 588 1932 rol
612 1866 642 1932 ἒν
665 1877 704 1949 τῇ
729 1867 817 1932 πθλει
842 1869 928 1933 καλοὶ
951 1870 1216 1950 παρακαταθήκην
1240 1870 1374 1948 εἰληφὼς

185 1974 273 2052 παρα
303 1979 362 2037 τῶν
392 1974 497 2051 νθμων.
530 1974 614 2059 quod
643 1995 744 2058 quum
775 1973 892 2040 soiolns
922 1995 985 2041 non
1012 1974 1222 2040 intellexisset
1250 1974 1290 2040 de
1316 1995 1374 2040 suo

185 2077 356 2160 Φυλείττων
382 2079 451 2166 (alii
474 2080 664 2164 Φυλοίττειν)
688 2100 745 2166 pro
768 2080 869 2146 fulcro
892 2082 1067 2166 supposuit.

230 2185 330 2252 Plane
359 2206 488 2252 menum
520 2188 638 2251 sentire
668 2185 762 2252 video
791 2186 989 2264 Dobraeum,
1028 2186 1083 2252 sed
1118 2187 1209 2271 quasi
1241 2183 1376 2272 volgata

183 2290 279 2357 lectio
301 2291 384 2356 nihil
408 2291 607 2358 difficultatis
628 2291 761 2357 haberet
783 2291 920 2358 editores
942 2293 1033 2358 taciti
1054 2296 1266 2377 praetereunt.

230 2500 309 2589 Pag.
334 2495 410 2567 773.
432 2495 461 2566 7.
483 2501 522 2571 ὥς
543 2500 568 2564 εί
589 2537 630 2549 -
648 2499 728 2565 Ἀπδ
748 2508 803 2576 τής
824 2501 964 2576 συνήθους
984 2500 1121 2574 εὐηθείας
1142 2499 1372 2576 είσεληλυθίτες

184 2607 368 2672 καθεδεῖσθε.
415 2603 509 2671 Nihil
540 2612 588 2671 est
619 2606 681 2670 οὶπδ
710 2607 866 2692 εὐηθείας,
890 2608 1026 2673 rescribe
1049 2607 1127 2672 ’Τπδ
1150 2614 1207 2681 τῆς
1231 2607 1371 2683 συνήθους

185 2712 342 2787 εὐηθείας.
374 2717 412 2776 ut
443 2712 561 2777 dieitur
593 2712 651 2776 ὑπὸ
682 2713 805 2791 λοίπης,
839 2714 891 2777 ὑπ’
921 2713 1028 2791 οὶνίας,
1060 2710 1118 2778 ὑπδ
1152 2717 1279 2794 χαραῖς,
1317 2713 1375 2778 ὑπὸ

184 2819 308 2903 Φόβου,
336 2818 393 2883 ὑπδ
417 2821 527 2902 λιμοῦ,
549 2823 581 2883 et
597 2817 669 2915 'alia
690 2819 742 2884 hie
767 2818 888 2884 similia
907 2818 1077 2903 permulta.

229 3030 309 3119 Peg.
332 3027 408 3096 773.
434 3025 487 3094 28.
513 3019 535 3093 ii
561 3027 592 3092 δὲ
612 3027 664 3091 καί
685 3027 863 3109 λογίζεσθαι
883 3028 953 3100 τοὺς
975 3028 1048 3108 ὑπὲρ
1068 3028 1185 3100 πθλευς
1206 3027 1257 3093 καί
1278 3027 1375 3106 νθραυν

184 3134 422 3216 βουλευομένους
454 3133 596 3214 προσήκει
631 3133 697 3218 [καὶ
734 3136 911 3199 σκοπεῖσθαι
948 3134 1010 3222 δεῖ]
1048 3139 1152 3198 ταῦτα
1186 3134 1374 3214 προηροθμην

184 3244 290 3308 εἰπεῖν.
338 3238 549 3306 Consentiunt
580 3259 690 3305 omnes
721 3238 921 3305 intolerabile
952 3261 1019 3306 esse
1050 3241 1101 3306 καί
1127 3240 1306 3304 σκοπεῖσθαι
1330 3240 1379 3305 δεῖ

183 3353 272 3435 post:
297 3342 318 3412 ἃ
343 3344 521 3428 λογίζεσθαι
547 3345 700 3424 προσήκει.
745 3345 855 3430 Itaque
873 3343 999 3410 Reislrii
1019 3348 1199 3411 coniectura
1217 3347 1299 3409 ’Ael
1319 3366 1376 3431 pro

185 3463 256 3519 ΔΕῙ
289 3458 337 3518 est
367 3457 511 3538 recepta.
544 3451 599 3516 sed
630 3449 684 3517 vel
710 3453 755 3516 sio
779 3471 816 3517 sa
838 3452 936 3518 verba
957 3452 1214 3538 perincommodo
1238 3451 1307 3518 loeo
1329 3455 1376 3516 in-

182 3564 268 3626 serta
290 3559 365 3624 ferri
387 3563 549 3642 nequeunt
572 3562 605 3622 et
627 3559 756 3623 reseotis
779 3557 911 3623 demum
934 3561 1042 3624 omnia
1062 3558 1171 3624 ordino
1191 3558 1375 3643 procedunt.

229 3766 355 3833 Nobilis
386 3767 421 3830 in
445 3765 504 3831 hae
526 3767 668 3832 oratione
690 3765 778 3831 loeus
801 3772 849 3832 est
872 3771 904 3832 et
926 3787 945 3831 a
968 3765 1082 3832 multis
1104 3764 1281 3831 celebratus
1301 3786 1374 3853 pag.

184 3872 261 3942 774.
292 3873 351 3938 nbi
381 3871 496 3937 Orator
525 3871 608 3960 legis
637 3869 855 3939 definitionem
886 3872 967 3938 hano
997 3872 1101 3937 dedit:
1128 3873 1154 3936 ei
1179 3870 1211 3937 δὲ
1235 3870 1317 3949 νθμοι
1341 3883 1376 3947 τη

183 3979 357 4045 δίκαιον-
377 3975 499 4060 ζητοῦσι
525 3979 578 4043 καί
603 3977 728 4042 ἐπειδὰν
748 3977 850 4059 εὑρεθῇ
875 3978 1006 4042 κοινὸν
1030 3981 1120 4041 τοῦτο
1145 3975 1377 4055 πρίστανμα

223 4219 250 4286 1)
279 4222 481 4285 ’Auamma-sie
498 4225 575 4275 Bakk.
593 4224 683 4276 Anecd.
701 4239 755 4290 pag.
778 4224 832 4274 tofi.
852 4229 874 4272 1.
896 4222 1035 4281 Λσιμθςι
1057 4246 1090 4254 -
1111 4215 1149 4284 ἔφ’
1177 4214 1204 4270 σθ
1230 4219 1244 4278 οἱ
1268 4221 1379 4282 συνήθεια

182 4313 280 4368 τάσσει.
320 4313 472 4376 Δημσσθίνης
491 4309 515 4364 ἓν
535 4319 571 4380 τῷ
589 4307 647 4364 κατ’
670 4307 877 4378 Ἀριςοηείτσνος·
904 4305 998 4368 οὗτος
1023 4306 1073 4360 ola
1097 4308 1195 4360 αὐτὸν
1213 4306 1379 4374 ἔξαιτήσσ-

182 4423 233 4458 ται
259 4404 272 4454 d
298 4406 486 4468 Φαρμακθς,
513 4403 526 4452 θ
552 4405 685 4465 λσιμθςς
