3358 5200
900 389 942 459 46

324 580 381 660 μέν
410 579 511 657 ξένους
544 581 772 667 [μισθοφόρους]
807 580 1039 659 εἰσπέμψαντες
1067 582 1225 648 ἐκώλυσαν
1249 583 1514 663 ἐκπολιορκηθῆναι

323 689 460 769 Πέρινθον
491 726 532 736 -
558 689 617 752 νυνὶ
645 688 678 753 δὲ
710 725 751 736 -
779 687 919 765 βασιλέα
947 687 1010 775 [πθν
1035 693 1168 772 Περσῶν]
1189 690 1344 771 χρήματα
1367 697 1516 772 χορηγεῖν

325 797 398 872 ημῖν
421 795 653 875 προτρέψονται,
701 793 823 861 Melius
845 797 1005 860 omisisset
1028 798 1219 872 καθεςοῖπες,
1245 816 1308 881 quo
1331 799 1436 862 utitur
1458 817 1516 882 pro

323 899 406 975 ὄντες
436 907 561 987 praeter
590 921 686 966 usum
717 905 880 977 veterum,
913 900 968 966 aad
992 902 1190 983 μισθοφόρους
1214 923 1277 968 non
1299 905 1367 988 ipse
1390 903 1516 968 addidit

324 1008 379 1074 sed
408 1009 565 1094 magister
593 1006 709 1091 aliquis
739 1009 795 1090 qui
826 1027 889 1070 non
911 1007 1135 1074 recordabatur
1157 1007 1278 1073 milites
1302 1008 1515 1075 conducticios

324 1112 439 1179 blando
470 1115 598 1178 nomina
627 1110 728 1189 ξένους
753 1110 924 1197 appellari,
948 1113 1031 1178 unde
1054 1111 1186 1190 ξενικόν,
1211 1112 1374 1192 ξεναγεῖν,
1399 1113 1515 1190 ξενολο-

324 1228 392 1299 γεῖν
418 1225 450 1285 et
472 1221 545 1284 sim.
569 1219 764 1283 dicebantur.
812 1217 897 1297 Quos
920 1217 1060 1303 appellat
1082 1220 1179 1286 homo
1201 1240 1274 1307 pag.
1299 1219 1373 1284 155.
1388 1219 1419 1283 2.
1442 1222 1513 1291 τοὺς

324 1331 382 1391 πῶν
406 1323 495 1403 ξένιον
520 1321 677 1402 ηνεμθνας
702 1324 760 1388 hos
783 1320 932 1400 ξεναγούς
957 1329 1079 1389 vetares
1103 1325 1205 1391 dicere
1228 1324 1380 1391 solebant.
1419 1324 1515 1392 Prae—

324 1437 410 1497 terea
440 1428 603 1496 Dindorfio
633 1435 803 1516 praeeunte
833 1428 903 1495 dele
926 1429 977 1494 πον
1002 1438 1133 1511 Περσῶν.
1182 1431 1337 1516 Persaepe
1359 1432 1513 1510 βασιλεύς

323 1539 358 1600 in
389 1538 515 1621 scriptis
546 1542 694 1602 veterum
724 1534 909 1600 huiusmodi
939 1534 1099 1623 glossema
1130 1537 1244 1614 trahit,
1279 1537 1334 1602 ssd
1355 1558 1514 1624 nusquam

323 1644 464 1728 ineptius
487 1663 583 1726 quam
605 1642 637 1706 h.
661 1641 683 1706 1.
707 1644 783 1726 quia
805 1640 964 1726 praecedit
982 1643 1008 1705 oi
1028 1641 1113 1707 καπθο
1133 1645 1188 1716 την
1207 1641 1318 1708 Ἀσέαν
1339 1643 1513 1723 σατράπαι.

369 1747 459 1812 Alias
490 1768 540 1812 res
563 1748 679 1834 agebat
701 1745 852 1812 Reishius
874 1767 974 1831 quum
999 1748 1038 1812 ad
1061 1749 1159 1814 verba
1182 1749 1338 1813 ἐκώλυσαν
1362 1750 1508 1829 έκπολιορ

324 1855 448 1928 κηθιῑναι
482 1851 618 1934 Πέρινθον
642 1858 805 1918 annotaret
831 1876 871 1929 „a
893 1852 993 1929 νιοθθο,
1019 1854 1262 1931 Αθθαοοθοιιιίθιοε,
1282 1854 1390 1938 ριιθο.”
1424 1854 1514 1922 Haec

324 1967 372 2026 eat
402 1962 488 2025 anim
519 1958 577 2025 illa
599 1959 716 2025 nobilis
739 1958 861 2024 obsidio
883 1957 1047 2037 Perinthi,
1073 1980 1169 2044 quam
1192 1960 1364 2046 Philippus
1386 1982 1514 2027 summa

323 2085 381 2151 ope
420 2069 453 2130 et
487 2065 635 2131 omnibus
664 2065 787 2130 viribus
819 2084 1001 2151 expugnare
1039 2069 1169 2130 conatus
1200 2085 1300 2150 quum
1332 2067 1513 2133 incredibili

322 2171 552 2258 oppidanorum
583 2173 704 2236 virtute
729 2175 761 2234 et
784 2172 959 2234 constantia
980 2176 1052 2234 tum
1075 2169 1382 2257 Byzantinorumet
1403 2173 1514 2238 Persa·

322 2299 395 2342 rum
419 2277 540 2343 auxilio
561 2298 595 2342 re
617 2277 734 2341 infecta
753 2276 840 2341 abire
859 2281 986 2340 coactus
1006 2281 1060 2340 est.
1099 2271 1231 2360 Gopiose
1250 2297 1289 2342 ax
1309 2275 1513 2364 Theopompo

322 2382 511 2448 describitur
533 2402 552 2447 a
569 2383 707 2448 Diodoro
728 2379 835 2445 Siculo
856 2379 940 2445 XVI.
961 2379 1111 2454 74-77.
1131 2382 1187 2446 ubi
1207 2382 1281 2448 vida
1301 2403 1381 2468 quae
1393 2387 1510 2469 scripta

322 2494 398 2554 sunt
431 2509 497 2572 cap.
532 2486 583 2552 75.
618 2486 806 2565 θβασιλεὺς
830 2487 1019 2566 ὑφορώμενος
1043 2490 1097 2562 την
1121 2494 1173 2552 τοῦ
1200 2491 1355 2554 Φιλίππου
1380 2490 1510 2567 δύναμιν

323 2593 446 2675 ἔγραψε
470 2595 541 2673 πρὸς
566 2592 636 2664 τοὺς
660 2591 709 2656 ἐπὶ
735 2591 876 2673 θοολοέππη
900 2592 1067 2672 σαπροθπας
1091 2593 1211 2669 βοηθεῖν
1235 2595 1395 2673 Περινθέοις
1415 2597 1510 2661 παντὶ

323 2700 427 2765 σθένει.
464 2701 565 2779 θιθπερ
597 2701 623 2764 οἱ
659 2697 819 2778 σαπροθποοι
855 2699 1128 2779 συμφρονήσαντες
1165 2699 1350 2782 ἐξέπεμψαν
1383 2705 1425 2774 εἷς
1456 2705 1511 2778 νην

322 2805 459 2886 Πέρινθον
492 2802 679 2886 μισθοφθροιν
714 2805 837 2877 πλῆθος.
889 2804 936 2868 bx
970 2806 1021 2870 his
1055 2811 1087 2870 et
1118 2805 1280 2871 similibus
1310 2806 1390 2874 locis
1419 2809 1513 2874 facile

323 2912 456 3000 colligas
488 2897 646 2988 falsarios,
674 2913 729 2996 qui
752 2910 810 2974 has
833 2913 956 2995 spurias
980 2913 1136 2976 orationes
1159 2917 1191 2976 et
1214 2912 1363 2997 epistolas
1386 2934 1512 2998 compo·

322 3023 470 3094 suerunt,
505 3017 610 3083 multa
645 3038 684 3082 ex
719 3017 916 3103 Theopompi
950 3018 1092 3082 historiis
1122 3020 1290 3096 sumsisse,
1322 3020 1360 3084 de
1393 3041 1455 3105 qua
1478 3041 1513 3086 re

323 3123 386 3189 alio
408 3123 478 3188 loco
503 3123 541 3188 de
563 3123 720 3189 industria
743 3143 908 3208 exponam.

368 3226 538 3295 (laetorum
567 3229 641 3294 vide
672 3249 768 3314 quam
797 3227 998 3316 negligenter
1027 3228 1123 3294 bomo
1154 3229 1256 3294 dicat:
1290 3231 1315 3294 ol
1347 3231 1433 3295 καπθι
1456 3231 1512 3305 τὴν

325 3333 437 3400 Ἀσέαν
461 3334 622 3417 σατράπαι
647 3335 804 3399 έκιθλυσοιν
825 3334 1089 3413 ἐκπολιορκηθῆναι
1108 3333 1245 3412 Πέρινθον
1266 3371 1280 3384 -
1299 3335 1353 3400 καὶ
1372 3337 1513 3415 βασιλέα

320 3441 475 3520 χρήματα
499 3449 643 3521 χορηγεῖν
669 3443 740 3516 ἡμῖν
765 3439 996 3520 προτρέψονται.
1044 3440 1194 3505 Primum
1216 3443 1323 3526 inepte
1348 3443 1465 3508 dicitur
1485 3445 1511 3508 ol

321 3549 409 3613 κατα
439 3551 494 3622 νην
526 3548 637 3612 Ἀσίαν
661 3547 840 3626 σαπρθπαι,
866 3544 979 3610 deinde
1002 3546 1049 3609 ita
1071 3567 1139 3610 rem
1163 3553 1270 3611 narrat
1292 3550 1383 3632 quasi
1405 3547 1511 3616 Satra-

321 3675 380 3740 paa
411 3675 468 3720 suo
498 3653 646 3730 consilio,
675 3673 737 3718 non
761 3653 895 3736 imperio
917 3649 1032 3738 Regis,
1058 3649 1211 3716 Perintho
1234 3651 1383 3718 tulissent
1406 3675 1512 3740 opem.

320 3751 516 3825 Rectissime
543 3764 652 3825 eontra
682 3757 923 3842 Theopompus:
948 3755 1101 3833 βασιλεὺς
1125 3755 1246 3836 έρνραψε
1271 3759 1434 3837 aspiceris
1459 3761 1510 3825 ἐπὶ

321 3865 464 3947 θαλοθππη
499 3863 666 3944 σαπροθπας
700 3862 773 3947 (hoo
807 3881 920 3926 varum
955 3881 1071 3927 nomen
1106 3861 1166 3950 est)
1199 3863 1319 3941 βοηθεῖν
1351 3866 1511 3943 Περινθθοις

322 3971 416 4036 παντὶ
447 3971 551 4035 σθένει.
585 3973 632 4035 ita
661 3969 748 4033 enim
780 3967 900 4031 factum
932 3987 998 4032 esse
1030 3969 1100 4053 ipsa
1130 3970 1178 4032 rei
1208 3974 1321 4034 natura
1352 3973 1430 4036 satis
1459 3971 1511 4037 de-

321 4081 488 4142 monstrat.

366 4181 473 4247 Redeo
501 4181 541 4245 ad
571 4178 951 4266 pseudo-Demosthenem
982 4200 1055 4266 pag.
1088 4178 1161 4244 153.
1197 4177 1251 4245 27.
1276 4180 1314 4245 de
1338 4201 1412 4268 rege
1436 4180 1511 4248 Per-

322 4308 429 4352 sarum
461 4287 635 4351 dicentem:
669 4284 698 4356 θς
731 4291 871 4348 τοσοῦτον
902 4286 957 4362 μέν
983 4285 1129 4359 κέκτηται
1154 4291 1285 4351 πλοῦτον
1309 4283 1374 4351 θσον
1397 4287 1459 4351 οὐδ’
1484 4291 1510 4353 cl

322 4392 420 4457 λοιποὶ
443 4389 579 4464 παντες,
601 4393 668 4456 imo
688 4412 762 4456 vcro
781 4391 932 4455 suadente
952 4394 1108 4456 sententia
1127 4395 1151 4457 oi
1173 4392 1270 4457 λοιποὶ
1289 4402 1511 4472 ΣΤΜπανπες,

322 4500 385 4566 nisi
408 4497 488 4564 forte
511 4495 615 4562 lenius
636 4493 796 4568 Ἀπαντες
822 4501 870 4561 est
893 4497 1126 4584 corrigendum.
