3208 5158
881 367 946 439 178

367 557 447 649 Pag.
462 559 538 628 378.
563 560 598 626 τὸ
620 559 836 638 Ὀλυμπίασιν
856 557 1003 637 α’νιίίιιμα
1016 554 1160 636 Κυψέλου
1173 555 1373 638 σφυρήλατος
1384 562 1506 640 χρυσοῦς

323 665 445 744 artatae
466 667 648 744 erinae-line.
685 667 743 732 Vir
762 667 874 732 doctus
891 667 1027 732 coniecit
1046 663 1170 742 ῶιδριιὶς
1192 662 1264 735 Διίς
1285 684 1325 728 cx
1340 685 1413 752 pag.
1432 663 1506 742 353,

323 793 385 855 quo
416 777 551 840 minime
582 795 670 860 opus.
718 772 954 838 Obversabatur
985 770 1134 837 Straboni
1168 771 1369 856 epigramma
1391 773 1426 836 in
1448 771 1510 836 basi

322 879 511 965 inscriptum
542 881 626 966 apud
654 880 808 945 Photium
831 900 863 944 v.
910 879 1089 958 Κυψελιδῶν
1112 875 1261 951 ιίιοίίιιμα
1286 876 1339 959 (ex
1362 876 1507 962 Boeuq:

507 995 598 1052 ΕΙΜΙ
621 985 683 1064 ἐγὼ
706 987 839 1066 χρυσοῦς
863 984 1063 1064 σφυροῖλατίς
1088 983 1152 1061 aleae
1177 979 1343 1059 κολοσσός,

657 1088 773 1166 ἐξώλης
797 1089 842 1162 είς
866 1088 1044 1170 Κυψελιδῶν
1068 1087 1175 1168 pareri.

324 1195 381 1260 ubi
399 1196 541 1262 nondum
560 1216 614 1262 ms
633 1199 775 1282 poenitet
794 1193 873 1260 olim
889 1195 1086 1262 emendasse:
1102 1203 1141 1260 el
1153 1202 1219 1260 ΜΗ
1232 1193 1294 1272 ea
1306 1198 1438 1276 χρυσοῦς
1450 1193 1507 1258 art.

369 1402 496 1468 suumn
530 1424 605 1492 pag.
642 1402 718 1471 378.
754 1423 884 1470 narrans
920 1404 960 1468 de
993 1399 1167 1468 Corinthiis
1203 1403 1425 1470 meretricibus
1453 1424 1508 1468 non

326 1507 497 1594 illepidum
528 1513 624 1575 scorti
654 1511 776 1576 dictum
808 1511 981 1574 memoriae
1015 1508 1173 1594 prodidit:
1210 1507 1437 1586 μννςιονειίεταί
1467 1532 1508 1578 τις

328 1614 437 1694 ἑταίρα
462 1615 534 1697 πρὸς
555 1615 609 1688 τὴν
630 1616 828 1696 ὀνειδίζουσαν
850 1613 896 1679 ὅτι
915 1619 948 1680 οὐ
968 1615 1118 1696 φίλερχος
1138 1613 1183 1687 ela
1205 1614 1265 1680 οὐδ’
1286 1615 1366 1695 ἐρίων
1387 1613 1509 1682 σ’ίττοιτο

328 1721 444 1784 είτεῖν·
466 1723 527 1798 ἐγὼ
552 1721 654 1799 μέντοι
680 1724 697 1797 ἧ
722 1722 849 1793 τοιαύτη
872 1729 953 1801 τρεῖς
978 1720 1031 1798 ἤδη
1057 1721 1197 1812 καθεῖλον
1223 1720 1303 1791 iscire
1339 1721 1369 1785 ἐν
1400 1721 1511 1801 βραχεῖ

326 1825 423 1904 χρόνῳ
455 1826 561 1907 τούτῳ.
608 1825 791 1894 Meinakius
822 1828 876 1912 qui
905 1847 938 1892 sc
961 1827 1073 1892 scribit
1104 1825 1241 1911 (Vindia
1270 1847 1346 1914 pag.
1378 1826 1434 1912 42)
1460 1827 1509 1904 „de

324 1932 530 1996 subtilioribre
560 1933 689 1997 trimetri
713 1931 842 2014 legiler?
869 1953 944 1997 cum
966 1931 1170 1998 Lachmanno
1201 1953 1361 1998 sermones
1386 1933 1507 2008 habere,

324 2057 386 2102 non
416 2038 554 2105 habebat
584 2038 794 2104 diiudicandis
820 2043 853 2102 et
885 2037 1032 2103 notandis
1066 2040 1209 2104 numeris
1245 2041 1449 2104 exercitatam
1480 2043 1508 2102 et

324 2144 489 2213 subactam
517 2165 645 2222 aurem,
671 2145 698 2208 si
723 2143 852 2227 quidem
873 2145 1048 2209 orationem
1072 2143 1154 2210 hanc
1177 2143 1351 2226 τεζοτιίτιιν
1375 2145 1507 2208 numeris

324 2249 461 2337 ligatam
493 2271 560 2316 essa
584 2253 665 2316 serio
688 2248 821 2314 credidit
844 2269 1055 2335 numerosque
1086 2252 1219 2316 amissos
1241 2249 1363 2316 scilicet
1384 2251 1507 2315 minime

323 2376 490 2422 numerose
518 2355 557 2420 de
587 2375 643 2421 auo
674 2355 851 2420 substituit.
884 2354 1126 2420 Eiusdemmodi
1156 2377 1305 2422 numeros
1335 2361 1507 2422 innumeros

326 2461 469 2526 vidimus
500 2459 681 2544 Hauptium
713 2459 846 2526 Stobaao
878 2459 1028 2526 XXVIII.
1060 2458 1113 2526 17.
1141 2462 1363 2528 obtrudentam
1386 2483 1446 2528 non
1467 2480 1507 2524 re

325 2571 488 2652 pugnante
511 2566 675 2632 Meinelsio
696 2569 732 2631 in
754 2568 891 2632 Adderrd.
915 2587 990 2654 pag.
1016 2566 1100 2632 LXI.

368 2673 544 2738 Aunobarit
567 2675 654 2737 anim
678 2674 717 2738 ad
740 2673 773 2738 h.
793 2672 816 2738 1.
840 2672 1008 2740 Meinelre:
1030 2695 1111 2751 „non
1131 2674 1405 2738 animadverterant
1424 2693 1507 2758 reque

324 2779 498 2861 interpretes
533 2778 686 2842 Strabonis
719 2801 812 2863 neque
851 2778 1066 2844 Valckenarius
1101 2781 1144 2844 od
1184 2781 1333 2846 Theocriti
1372 2779 1506 2846 Adonim.

325 2903 356 2966 p.
383 2881 458 2947 338.
480 2890 626 2968 postrema
648 2884 737 2948 υσιίσ
758 2884 958 2948 οίοίίοονίίσίο
985 2885 1118 2949 veniae
1140 2885 1259 2948 inclara
1282 2909 1361 2952 ecee:

552 2989 666 3053 είσεῖν·
691 2988 751 3066 ἐγὼ
773 2989 876 3066 peirn
902 2991 1069 3065 ἡτοιαύτη
1095 2999 1174 3071 τρεῖς
1200 2991 1255 3066 ἤδη

551 3094 691 3158 καθεῖλον
717 3095 798 3166 ίςοίνς
823 3095 853 3158 ἐν
875 3095 999 3176 βραχεῖ
1019 3095 1117 3177 χρόνῳ
1139 3095 1268 3178 ‘ranivel'

371 3199 456 3266 Satis
486 3200 521 3264 in
549 3199 609 3264 hoc
631 3219 747 3287 genere
770 3206 954 3285 peccaverat
976 3199 1204 3268 Valckenarius
1228 3222 1329 3286 quum
1351 3202 1391 3267 ad
1416 3199 1505 3266 lban-

325 3307 398 3372 criti
430 3305 576 3370 Adoriicr.
608 3325 681 3390 pag.
716 3303 793 3368 261.
824 3305 1067 3372 lamentabilem
1103 3307 1271 3394 epistolam
1308 3307 1503 3374 Laconicam:

326 3410 399 3491 ἔρρει
430 3409 473 3474 τοὶ
505 3413 600 3476 κοῖλα.
650 3409 802 3489 Μίνδαρος
829 3407 1000 3476 οίτεσσοιία.
1026 3419 1163 3478 πεινῶντι
1188 3411 1325 3495 τῶνδρες.
1352 3414 1503 3492 οίτορίοαες

327 3511 345 3579 ί
371 3539 401 3580 τι
431 3519 493 3596 χρὴ
517 3515 604 3594 δριῖν,
630 3515 754 3580 duobus
776 3515 996 3584 choliambicis
1019 3520 1163 3584 versibus
1186 3520 1345 3586 inclusam
1372 3539 1435 3586 esse
1455 3537 1505 3602 pu·
1591 3515 1592 3554 ί

326 3627 409 3690 taret
431 3622 534 3688 hisce:

508 3723 580 3807 ἔρρει
604 3727 647 3791 τίς
670 3725 767 3791 καλοί.
814 3725 967 3807 Μίνδαρος
991 3727 1027 3806 γ’
1052 3728 1224 3795 οίτίσσουα.

508 3839 645 3898 πεινῶντι
668 3832 810 3910 τῶνδρες·
835 3835 1005 3913 οίποριῶςιες
1030 3831 1062 3910 ί,
1087 3858 1118 3900 τι
1141 3837 1201 3918 χρὴ
1226 3837 1307 3916 δρῶν.

369 3938 508 4005 Dabisne
538 3939 621 4004 mihi
643 3939 702 4004 bos
723 3938 896 4005 versiculos
920 3940 1061 4006 eiusdem
1086 3942 1206 4008 farinae
1230 3963 1297 4008 esse
1321 3947 1416 4028 atque
1434 3938 1504 4006 Mei·

325 4045 476 4112 nekianos
499 4051 531 4112 ot
552 4043 774 4130 Hauptianosl
821 4044 960 4129 Uterque
985 4053 1094 4112 autem

553 4147 660 4222 ἄλλοις
685 4151 714 4214 ἐν
740 4151 855 4220 ἐσθλοῖς
876 4149 957 4216 τόνδ’
982 4153 1152 4218 οίτοιίεῖται
1177 4150 1288 4232 alyne.

370 4254 569 4342 Intelligitur
599 4261 707 4322 autem
740 4276 779 4322 ex
810 4257 861 4322 his
884 4277 980 4341 quarn
1005 4261 1047 4323 sit
1070 4257 1193 4324 lubrica
1215 4279 1265 4324 res
1289 4259 1323 4324 ιἰι
1346 4260 1504 4325 subtiliora

324 4360 454 4423 trimetri
485 4361 563 4441 tepea
583 4363 759 4446 inquirere,
785 4381 861 4446 quas
886 4362 949 4426 fers
974 4361 1096 4427 videbis
1118 4371 1175 4430 aut
1198 4385 1237 4430 ex
1259 4367 1384 4432 vitiosis
1406 4365 1503 4432 lectio·

326 4465 421 4531 nibus
445 4470 501 4530 aut
524 4486 563 4530 ex
586 4467 784 4531 eruditorum
808 4468 965 4534 erroribus
989 4489 1056 4533 esse
1078 4475 1179 4534 natas.
