3208 5158
651 413 716 482 207

87 623 118 667 re
140 604 249 667 critica
271 607 304 665 et
322 603 536 688 grammatica
555 607 641 670 totus
661 625 727 671 esse
747 606 843 682 solet,
864 607 920 692 qui
939 605 1064 672 nullam
1080 606 1276 672 occasionem

86 709 207 772 omittit
236 707 363 773 dicendi
395 707 434 773 de
464 708 643 775 conditione
673 711 827 777 librorum
856 717 1021 796 veterum,
1053 711 1277 778 describendi

86 814 241 878 erroribus
271 819 304 878 et
326 813 531 880 librariorum
554 816 712 900 socordia,
736 818 775 882 de
793 819 934 905 genuina
956 819 1128 884 verborum
1152 817 1273 894 forma,

86 921 121 986 de
153 920 353 1007 syllabarum
383 925 579 1006 quantitate,
610 923 648 988 de
677 925 875 990 accentibus:
900 925 955 1009 qui
977 943 1219 1008 nonnumquam
1241 925 1276 986 in

85 1027 133 1092 bis
164 1027 326 1091 descendit
357 1026 396 1091 ad
426 1029 581 1092 minutias
604 1035 671 1092 tam
694 1028 793 1094 exiles
817 1039 853 1093 ut
876 1025 1069 1096 Criticorum
1091 1032 1202 1095 inanes
1224 1050 1276 1114 pe-

85 1135 199 1217 pererit
220 1135 414 1218 suspiciones
436 1135 564 1198 minuta
586 1136 741 1219 quaedam
765 1140 803 1198 ut
826 1133 979 1200 Strabone
1002 1134 1136 1221 indigna
1158 1155 1274 1219 expun-

85 1240 239 1324 gentium.

127 1343 296 1410 Praeterea
326 1343 534 1430 cogitandum
565 1349 613 1408 est
636 1343 783 1432 linguam
807 1343 963 1410 Graecam
986 1348 1085 1410 etiam
1107 1348 1142 1410 in
1165 1346 1276 1412 formis

88 1451 252 1515 verborum
286 1452 381 1516 certis
405 1450 595 1533 quibusdam
619 1450 746 1537 legibus
769 1453 887 1522 teneri,
912 1472 990 1536 ques
1012 1451 1132 1517 indocti
1156 1453 1276 1518 scribae

86 1559 209 1642 ignotas
247 1557 309 1622 sibi
348 1559 522 1622 sexcenties
562 1559 695 1641 impune
728 1557 900 1623 violabant.
948 1556 1026 1636 Quis
1057 1577 1186 1636 eorum,
1220 1561 1276 1643 qui

87 1658 220 1726 Graecos
262 1659 394 1727 Codices
437 1662 671 1746 describebant,
710 1664 830 1728 sciebat
863 1663 1002 1743 κοθοὶριος
1039 1685 1105 1729 esse
1139 1663 1275 1730 formam

86 1767 176 1831 nihili
209 1788 311 1852 neque
341 1767 435 1833 aliter
458 1789 553 1852 quam
578 1768 749 1852 κοιᾴοὶρείος
774 1775 896 1835 veteres
920 1790 1030 1836 omnes
1054 1790 1182 1836 summa
1205 1790 1276 1835 oon-

87 1875 199 1938 stentia
234 1870 373 1938 dixisse?
420 1873 498 1953 Quis
529 1894 637 1940 sorum
666 1879 798 1940 noverat
829 1877 958 1940 nomina
988 1877 1115 1960 propria
1146 1878 1179 1939 in
1204 1884 1276 1940 -lc

88 1983 231 2044 exeuntia
261 1979 379 2044 formas
409 1979 531 2045 Ionicus
560 1987 713 2066 perpetuo
743 1983 895 2046 retinere:
929 1985 1041 2057 σκῆψις
1074 1983 1092 2054 οἱ
1120 1981 1275 2059 πρόφασις

87 2084 178 2150 habet
204 2088 346 2162 σκήψεως
371 2091 404 2151 et
426 2087 559 2162 σκήψει,
584 2086 638 2151 sed
662 2090 783 2162 Σκῆψις
808 2089 825 2161 ἦ
850 2087 938 2156 πόλις
964 2087 1101 2164 Σκῆψὶθς
1124 2086 1221 2150 habel
1244 2090 1276 2150 Ol

89 2193 196 2270 Σκήψι.
236 2191 375 2258 Librarii
398 2193 533 2256 miscent
556 2192 776 2258 haecomnia:
799 2201 905 2262 Βοιῑτις
925 2198 963 2256 ut
981 2191 1160 2275 plurimum
1179 2191 1276 2255 habet

88 2301 202 2366 Βαίτιος
236 2305 269 2362 et
292 2301 398 2375 Βοιίτι,
423 2318 662 2383 nonnumquam
686 2306 837 2384 apparent
862 2299 982 2364 somnae
1005 2297 1165 2384 vulgares.
1210 2295 1276 2360 Ha-

88 2423 154 2468 rum
186 2407 291 2491 igitur
321 2403 465 2469 sordium
495 2409 619 2488 partem
652 2403 776 2480 cluam,
808 2403 930 2488 reliqua
960 2402 1095 2468 aliorum
1128 2422 1221 2467 curae
1245 2405 1277 2466 et

88 2509 271 2597 diligentiae
295 2509 487 2594 relinquens.

435 2732 557 2798 -10C,
584 2732 630 2786 -1
654 2743 711 2808 pro
735 2747 843 2798 -εως,
870 2746 942 2787 -ει.

128 2903 267 2970 Nomina
298 2905 426 2988 propria
452 2905 486 2967 in
512 2913 585 2968 -1c
609 2907 676 2970 sive
695 2905 864 2969 bominum
888 2908 962 2968 sunt
986 2904 1054 2968 sive
1077 2901 1219 2968 locorum
1242 2905 1277 2968 in

88 3011 226 3094 genitivo
252 3013 284 3073 et
308 3009 416 3074 dativo
440 3009 608 3074 servabant
633 3015 755 3075 veteres
779 3009 896 3074 formas
918 3009 1040 3073 lonicae
1062 3011 1095 3072 in
1121 3018 1224 3072 -1oc
1244 3014 1277 3074 et

89 3121 311 3180 ·1sreuntes.
351 3113 478 3178 Horum
497 3135 569 3200 pars
593 3115 704 3180 illaesa
727 3118 847 3188 evasit,
872 3121 994 3179 caetera
1017 3113 1137 3179 scribae
1159 3116 1194 3178 in
1216 3114 1278 3181 ior·

87 3240 168 3284 mam
191 3241 395 3288 communem
420 3226 655 3286 converterunt.
683 3220 814 3308 Integra
838 3229 928 3286 sunt:

137 3326 256 3398 Αἴσιος,
280 3345 353 3413 pag.
378 3325 455 3390 241.
737 3328 847 3406 limo,
872 3325 948 3390 418.

123 3433 271 3511 ’Λλβιος,
295 3429 372 3495 290.
737 3432 954 3511 Πασιτίγριος,
981 3429 1056 3497 729.

137 3540 277 3614 Βαίτιος,
305 3535 380 3600 140.
550 3609 555 3616 ,
737 3536 927 3617 Σοιιτοέβιος,
954 3535 1031 3602 160.

137 3653 224 3710 Baias
249 3645 319 3730 (aio)
343 3665 399 3729 pro
422 3643 528 3718 Βοίτι,
556 3642 631 3707 152.
737 3643 822 3708 Σοὶπι
856 3639 966 3730 (Codd.
998 3641 1071 3722 orcle
1095 3649 1136 3708 τῶ
1161 3643 1276 3730 lucas),

138 3751 269 3828 Δάτιος,
296 3747 373 3814 399.
781 3747 857 3814 217.

139 3857 287 3934 Δοὺβιος,
315 3853 390 3920 192.
736 3854 920 3934 asceseos,
948 3853 1022 3920 769.

138 3961 330 4040 hadafino,
356 3960 434 4027 298.
734 3961 886 4038 Τι’γγιος,
913 3958 989 4024 140.

138 4069 326 4149 Ζοριοὶόριος,
352 4065 428 4132 531.
734 4067 878 4145 Τίγριος,
905 4063 979 4131 527.

131 4174 302 4257 Ἰοποὶλιος,
330 4172 402 4238 142.
491 4175 495 4184 ’
724 4171 888 4246 Ὑπάνιος,
917 4168 992 4235 107.
1088 4185 1092 4192 ’

138 4283 313 4356 saissonis
346 4281 418 4362 (sio)
443 4299 500 4364 pro
520 4287 631 4342 Κοιλοι-
736 4278 892 4358 Ψέλχιος,
917 4273 994 4340 820.

177 4385 280 4465 γούρι,
309 4383 382 4449 162.
783 4382 937 4448 Mendosa
961 4387 1052 4448 suut:

139 4489 335 4570 Κοράμβιος,
365 4488 438 4554 125.
725 4489 922 4566 Ἀμοὶςρεως,
950 4486 1026 4552 540.
