3392 5186
748 361 814 434 385

386 545 421 621 αί
443 553 469 620 θ’
492 553 574 628 ίτοὺς
599 552 715 637 θφθωσι
738 553 792 620 καί
817 551 966 630 ῆλάκατα
989 559 1157 637 τρωφῶσιν.

197 681 337 746 namque
365 665 439 726 eunt
467 659 563 727 haee:
597 661 719 746 molere,
751 668 865 746 θεαστο,
896 683 967 726 πετο
996 661 1180 746 quotidiana
1193 662 1388 747 Ῐοιιιιιῖαονιιι

197 767 315 852 officia,
339 765 472 852 ideoque
495 769 616 853 optime
638 768 673 832 iu
696 769 854 853 praesenti
876 770 1021 854 tempore
1041 771 1212 852 ponuntur.

730 1022 848 1092 LXIX.

698 1231 875 1313 Ἀνέσαιμι.

237 1383 330 1452 iliad.
354 1394 386 1455 Ξ.
411 1383 489 1452 208.

374 1492 401 1557 εί
425 1490 510 1557 κείνω
534 1488 671 1556 σεπέεσσι
695 1491 968 1572 παραιπεπιθοῦσα
990 1489 1084 1574 φίλον
1107 1499 1162 1572 κῆρ

373 1598 416 1670 είς
439 1599 525 1672 εθνῆν
547 1595 694 1676 ἀνέσαιμι
718 1597 869 1676 ὁμωθῆναι
892 1596 1056 1680 Φιλότητι,

310 1741 314 1748 ·
370 1703 434 1769 αίεί
455 1702 490 1768 κέ
513 1709 571 1784 σφι
596 1704 674 1784 Φίλη
698 1728 734 1769 τε
759 1703 812 1768 καί
836 1702 932 1777 αίδοίη
954 1702 1134 1781 καλεοίμην.

237 1809 320 1891 Quid
350 1815 398 1876 eet
429 1815 461 1876 et
490 1809 575 1876 undo
603 1814 652 1875 est
677 1807 844 1888 ἀνέσαιμιί
878 1809 1082 1876 Aristarchus
1103 1809 1270 1896 respondet
1293 1810 1378 1897 apud

187 1913 407 2002 Hesychium:

370 2021 603 2102 ’Λνὲσαιμιτ
626 2021 834 2101 ἀναπείσαιμι
857 2021 910 2088 καί
934 2020 1176 2103 παρορμῆσαιμι.

188 2129 222 2191 et
266 2127 350 2212 apud
382 2128 607 2215 Apollonium:
643 2127 866 2207 Ἀνέσαιμιι
900 2127 1125 2206 ἀναπείσαιμι,
1161 2126 1376 2209 έποτρθναιμι,

187 2232 429 2313 προτρεψαίμην.
498 2213 503 2225 ’

412 2340 456 2411 είς
480 2340 566 2416 εθνῆν
589 2337 735 2417 ἀνέσαιμι
758 2338 909 2417 θμωθῆναι
933 2336 1092 2422 Φιλθτητι.

232 2443 364 2510 τοιοῦτθν
387 2446 433 2514 έςι
457 2444 509 2509 καί
532 2440 585 2510 τί·

412 2550 479 2616 οὐδέ
503 2575 538 2616 κε
561 2549 755 2631 Τηλέμαχον
779 2551 989 2633 κεχολωμένον
1011 2545 1061 2615 ὧδ’
1084 2549 1209 2624 ἀνιείης.

232 2655 296 2728 Sed
318 2663 374 2723 aut
393 2678 453 2745 ego
476 2655 570 2723 fallor
591 2662 648 2722 aut
669 2646 872 2724 Aristarchus
894 2657 1100 2724 vehementer
1121 2656 1255 2724 fallitur.
1294 2654 1374 2724 Gon-

184 2764 292 2828 iunxit
322 2762 468 2841 ἀνέσαιμι
499 2763 649 2840 ὁμωθῆναι
679 2768 711 2830 et
742 2764 866 2829 addidit
896 2764 993 2830 verbo
1023 2761 1169 2841 ἀνέσαιμι
1192 2765 1373 2842 notionem,

185 2889 267 2954 quae
289 2871 324 2933 in
346 2869 431 2934 huno
454 2869 561 2934 locum
584 2869 737 2954 quadrare
759 2868 938 2935 videbatur.

233 2974 322 3054 Quod
355 2976 395 3041 ad
427 2977 584 3062 originem
617 2975 733 3039 attinet
756 2975 830 3058 quie
853 2975 1015 3059 componit
1037 2971 1182 3050 ἀνέσαιμι
1206 2979 1239 3040 et
1260 2977 1373 3052 ἀνιείης

184 3080 314 3147 videtur
333 3081 370 3148 de
389 3081 485 3148 verbo
504 3078 610 3156 ἀνίημι
631 3080 789 3166 cogitare,
810 3082 842 3142 et
862 3079 907 3144 aio
927 3075 1008 3144 solet
1025 3078 1141 3143 ἀνιέναι
1160 3080 1373 3165 interpretari.

187 3195 219 3253 Ξ.
257 3184 334 3252 362.
369 3187 533 3259 ἀνῆκενε
570 3182 729 3248 ἀνέπεισεν
764 3183 781 3258 ῆ
813 3181 1030 3262 παρώρμησεν,
1064 3182 1128 3247 ἀτί
1155 3189 1214 3249 τῶν
1235 3183 1374 3264 ίππωνῆ

100 3343 107 3356 .
185 3291 355 3373 μεταφορὰ
386 3285 428 3364 οίς
459 3291 518 3364 τάς
551 3289 637 3366 ῆνίας
667 3291 798 3355 ἀνιάσιν.
829 3299 864 3355 P.
899 3286 977 3355 705.
1008 3288 1045 3354 τί
1067 3289 1100 3356 δέ
1128 3291 1276 3364 ἀνῆκεν
1306 3289 1376 3357 ἀνέ-

186 3421 307 3474 πεισεν,
330 3397 529 3477 παροίτρννεν.
550 3405 589 3461 Ε.
609 3394 686 3462 761.
710 3392 868 3475 ἀφρονα
892 3398 1036 3458 τοῦτον
1059 3393 1242 3467 ἀνέντες.
1265 3397 1376 3462 Αιιοοθ.

185 3503 326 3570 Bokkeri
348 3523 422 3592 pag.
449 3499 605 3584 39714.
629 3500 811 3574 Ἀνέντεςο
833 3498 1073 3572 ἀναπείσαντες.
1094 3500 1130 3578 β.
1151 3499 1228 3566 185.
1246 3500 1376 3576 ἀνιείηςτ

187 3608 370 3675 scholium:
402 3610 587 3686 κννημετικῆ
620 3609 637 3682 ῆ
669 3605 754 3682 λέξις
785 3601 836 3670 dra
870 3627 917 3678 τις
953 3603 1029 3669 κθνα
1065 3610 1118 3672 τοῦ
1149 3605 1262 3684 δεσμοῦ
1293 3605 1375 3680 ἀνείς

186 3715 304 3796 ἀφῆσει
329 3714 415 3779 κατά
439 3712 533 3794 θηρίς.
578 3711 766 3798 Apollonius
788 3709 828 3776 ad
852 3719 887 3776 E.
914 3707 991 3775 880.
1019 3709 1109 3774 ἀλλ’
1138 3712 1288 3784 ἀνιείςῐ
1319 3719 1375 3787 τῆς

187 3823 371 3902 μεταφοράς
405 3817 493 3894 οὔσης
525 3817 587 3883 ἀπθ
619 3825 674 3892 τῆς
706 3815 864 3895 ἀνιεμένης
896 3821 955 3880 τῶν
977 3821 1070 3880 κυνῶν
1093 3815 1178 3880 κατά
1202 3816 1262 3890 τάς
1285 3817 1377 3897 θῆρας

187 3925 342 4006 ἀφέσεως.
391 3923 476 3990 Satis
510 3945 549 3989 ex
580 3922 632 3987 hia
667 3942 816 4008 apparere
851 3921 987 3986 arbitror
1019 3921 1239 3986 Aristarchum
1273 3943 1376 4008 quum

188 4030 333 4108 ἀνέσαιμι
363 4033 624 4115 interpretaretur
653 4047 720 4093 ease
747 4024 970 4110 ἀναπείσαιμι,
993 4024 1226 4106 παρορμῆσαιμι
1249 4031 1375 4094 etaim.

189 4138 228 4204 de
250 4137 302 4202 his
325 4136 409 4221 apud
431 4135 612 4200 Homerum
636 4131 713 4198 looie
736 4132 893 4218 cogitare,
918 4130 973 4195 sed
995 4131 1055 4196 hoo
1075 4151 1199 4216 quoquo
1215 4135 1292 4198 satio
1308 4155 1376 4220 per-

190 4244 337 4329 rpiouum
360 4261 427 4306 esse
450 4241 561 4325 opinor
580 4236 724 4314 ἀνέσαιμι
748 4235 831 4300 nihil
854 4235 1029 4321 quidquam
1052 4257 1127 4302 oum
1150 4238 1247 4303 verbo
1270 4238 1377 4318 ἀνίημι

191 4367 361 4414 commune
383 4345 508 4411 habere.

238 4450 414 4536 Reliquum
434 4455 481 4516 aot
503 4449 607 4536 igitur
628 4450 667 4512 ut
689 4466 779 4513 more
800 4447 1002 4514 Αήιιίατοίιοο
1025 4468 1064 4514 ax
1084 4448 1234 4539 diligenti
1250 4449 1383 4539 linguae

1203 4561 1234 4604 as
