3410 5180
761 373 827 444 507

200 569 331 646 μνησθῶ.
400 563 561 634 Graecum
602 569 650 630 ost
684 565 753 630 ἘΝ
788 573 963 648 συμφοραῖς
999 562 1090 646 εἶναι,
1124 567 1158 630 ia
1193 568 1281 632 νισθέσ
1315 591 1388 635 eoae.

246 776 326 864 Peg.
351 773 427 841 533.
452 773 506 839 25.
531 772 565 850 ήν
590 772 622 838 δέ
645 776 710 840 ποθ’
730 777 854 854 ήγεμιῖιν
871 783 928 851 τῆς
948 781 1051 856 Φυλῆς
1073 776 1275 862 [κορυφαῖος].
1311 777 1391 843 11111-
1476 856 1480 865 Ι

201 883 308 950 blema
331 882 486 968 expunxit
507 879 680 946 Dobraeus.

246 1091 326 1178 Pag.
359 1087 435 1156 536.
469 1089 500 1156 3.
532 1096 647 1170 πρῶτον
675 1092 732 1172 μέν
762 1093 1009 1176 ἀφαιρεθήσομαι
1040 1093 1096 1168 τήν
1128 1093 1211 1170 νθιωιυ
1229 1131 1272 1143 -
1289 1091 1388 1160 ἔπειτ’

202 1199 255 1279 ἐφ’
287 1193 406 1263 ἅπασιν
441 1196 695 1274 ἐλαττωθήσομαι
731 1197 782 1263 καὶ
819 1197 1120 1282 προπηλακιζόμενος
1150 1199 1389 1267 διατελέτω.

201 1302 332 1370 Maenia
354 1304 458 1368 estin
479 1302 703 1370 Demosthenis
724 1307 864 1371 oratione
887 1307 989 1372 forma
1012 1308 1195 1391 aequiorum
1219 1304 1390 1373 (11000010

201 1430 275 1474 rum
298 1407 467 1474 διατελέσει
489 1430 547 1494 pro
570 1407 711 1474 διατελῶ.
758 1409 822 1476 Diu
844 1415 916 1496 post
937 1411 1110 1478 Alexandri
1129 1417 1267 1478 mortem
1288 1412 1390 1478 futuri

202 1515 321 1581 formae
352 1519 539 1590 συντελέσω,
572 1513 755 1592 διατελέσω,
786 1515 924 1595 καλέσω,
958 1517 1120 1596 ἐγκαλέσω
1148 1523 1181 1583 et
1203 1520 1276 1582 sim.
1297 1522 1391 1582 natae

202 1627 287 1686 eunt.
336 1618 526 1707 Saepissime
555 1621 702 1687 futurum
732 1626 817 1686 καλοῖ
853 1628 885 1689 et
914 1625 986 1689 sim.
1020 1623 1168 1690 illaesum
1199 1625 1317 1700 evasit,
1352 1625 1390 1686 ut

202 1748 276 1815 pag.
308 1724 382 1792 749.
408 1725 463 1791 22.
487 1727 674 1803 τεθαύμακα
697 1727 752 1801 τήν
776 1730 1002 1809 ιὶυαισχυντθαν
1024 1732 1079 1805 τήν
1102 1727 1208 1794 τούτου
1230 1752 1266 1792 τε
1288 1727 1393 1792 κακεῖ-

202 1857 266 1917 νου,
287 1837 340 1899 τοῖο
360 1833 417 1912 μὲν
435 1834 461 1898 εἰ
485 1839 623 1910 καλεῖ,
647 1837 702 1899 τοῦ
721 1833 748 1898 δ’
771 1837 797 1898 al
821 1834 989 1915 πάρεισι
1014 1836 1066 1900 καὶ
1087 1833 1390 1912 συναπολογήσεται.

201 1939 326 2026 Nempe
358 1961 422 2005 non
455 1937 679 2026 intelligebant
713 1936 862 2006 Graeculi
896 1947 928 2006 et
962 1948 1057 2008 καλεῖ
1087 1946 1119 2006 et
1149 1939 1271 2021 πάρεισι
1304 1940 1390 2005 futu·

202 2065 276 2111 rum
299 2067 376 2112 esso.

247 2151 337 2218 Idem
359 2151 481 2217 foetum
504 2171 571 2217 esse
595 2151 719 2218 videbis
740 2172 814 2240 pag.
840 2149 895 2216 59.
920 2150 949 2216 1.
975 2149 1067 2216 δεινὸν
1089 2149 1186 2222 εἴτις
1221 2150 1388 2227 ἐγκαλεῖ.

202 2263 236 2323 st
256 2279 330 2346 pag.
357 2255 432 2322 458.
461 2257 515 2323 25.
536 2256 669 2329 πολλοὺς
688 2251 722 2321 εὖ
741 2265 836 2322 ποιεῖν
860 2257 1123 2335 προκαλεῖσθ’
1149 2257 1241 2333 ὑμᾶς.
1262 2259 1295 2320 et
1315 2273 1389 2341 peg.

203 2363 280 2431 465.
312 2365 344 2431 2.
377 2365 391 2430 ὃ
423 2364 528 2429 πολλοὶ
561 2362 743 2442 κεκτημένος
764 2402 805 2412 -
824 2365 932 2430 πολλοὶ
963 2364 1005 2436 εἷς
1037 2367 1142 2428 ταῦτα
1174 2365 1389 2438 συντελεῖ,

202 2493 280 2558 quas
305 2471 423 2538 formas
445 2472 618 2555 praesentis
641 2472 794 2555 temporis
818 2491 885 2536 esse
909 2471 972 2534 rati
993 2471 1129 2535 intactas
1149 2470 1366 2536 servaverunt.

246 2679 326 2769 Peg.
357 2677 434 2746 588.
459 2677 513 2744 12.
535 2679 587 2744 τὸν
609 2679 666 2757 μέν
689 2687 806 2746 κακιεῖν
828 2673 871 2752 οἶς
895 2677 1031 2761 ἔπραξε,
1055 2679 1106 2744 τὸν
1130 2678 1156 2744 δ’
1178 2677 1390 2744 ἐπαινέσεσθαι

202 2787 344 2868 ἔμελλον.
390 2785 516 2851 Vitium
548 2789 596 2850 est
624 2787 659 2849 in
690 2779 743 2858 οἷς.
789 2784 827 2850 111
856 2784 1019 2852 nonnullis
1050 2784 1143 2851 libris
1173 2789 1222 2851 ost
1254 2785 1307 2865 ἐφ’
1330 2778 1389 2858 οἷς,

202 2913 282 2979 quae
311 2891 480 2956 manifesto
512 2889 639 2956 laeteris
668 2891 803 2957 alieuius
833 2896 881 2956 est
912 2893 1092 2957 coniectura
1121 2911 1184 2956 non
1215 2889 1391 2956 admodum

202 2998 279 3064 felix
310 2997 501 3083 impeditam
529 2995 592 3061 1001
621 2997 812 3081 scripturam
846 3001 1021 3082 utcumque
1052 2997 1225 3062 sancientis.
1272 2994 1391 3060 Lenius

202 3104 363 3192 agendum
392 3103 528 3168 arbitror
559 3105 592 3166 et
617 3101 852 3168 rescribendum
878 3109 996 3168 κακιεῖν
1019 3097 1068 3167 οῖ’
1092 3100 1236 3181 ἔπραξεν.
1284 3098 1390 3165 Faeile

203 3210 367 3276 errabatur
388 3211 423 3274 in
448 3214 701 3275 ΟΙΕΠΡΑΞΕΝ.

248 3420 329 3509 Pag.
360 3417 435 3484 539.
470 3417 522 3483 11.
554 3417 724 3494 ἀμύνεσθαι
758 3416 844 3494 μετὰ
872 3423 927 3492 τοῖς
950 3419 1052 3498 ὀρθῆς.
1099 3411 1391 3500 Obtemperandum

203 3526 345 3594 Dobraeo
369 3530 417 3590 est
438 3525 510 3600 μετ’
534 3524 626 3603 ὁλκῆς
650 3525 828 3608 reponenti.

248 3736 328 3825 Peg.
361 3732 435 3800 539.
469 3732 523 3798 22.
551 3733 641 3809 ήυέκα
664 3732 724 3806 τοὶς
747 3732 835 3805 δίκαι
861 3729 979 3812 ἔλαχον
1003 3739 1066 3802 τοῖς
1091 3727 1263 3809 ἐπιτρόποις
1286 3752 1393 3809 μειρα-

205 3841 328 3908 κύλλιον
345 3841 384 3907 θον
404 3838 512 3922 κομιδή
532 3839 586 3905 κα)
606 3843 712 3904 τοῦτον
733 3837 792 3903 οὐδ’
814 3839 839 3902 εἰ
857 3834 986 3915 γέγονεν
998 3836 1080 3906 εἰδὼς
1095 3836 1173 3922 [root
1185 3834 1394 3920 γιγνώσκων],

204 3951 243 4022 ὤς
273 3946 352 4026 μηδέ
383 3951 432 4012 νῦν
461 3946 590 4028 ὤφελον.
641 3945 719 4026 Quis
743 3943 799 4010 ubi
824 3943 862 4009 de
885 3943 1015 4008 homine
1037 3943 1239 4030 ignotissimo
1263 3942 1395 4007 dixisset

204 4077 287 4142 quera
317 4077 355 4118 κο
382 4060 484 4117 natum
515 4051 632 4138 quidm
661 4050 805 4133 οοιόθαοιι,
836 4048 1010 4115 addidisset
1039 4067 1192 4133 umquam
1217 4069 1310 4132 aeque
1330 4069 1394 4110 σανιι

204 4159 428 4243 σομιοιοοθασιθ
473 4157 587 4224 Risum
619 4177 656 4222 ea
677 4177 727 4222 res
748 4159 867 4223 movet.
916 4151 993 4219 Οὐδ’
1019 4153 1044 4218 εἱ
1068 4151 1196 4232 γέγονεν
1220 4149 1288 4219 οἶδα
1310 4157 1395 4219 reete

203 4265 324 4355 legitur
354 4286 429 4353 pag.
464 4262 542 4330 248.
571 4262 603 4328 6.
637 4269 670 4329 et
700 4262 786 4349 apud
808 4258 956 4327 Oomieoa
977 4278 1227 4344 nonnumquam.
1252 4259 1292 4324 af.
1316 4259 1394 4324 Νοσ.

205 4373 298 4439 mett.
321 4393 394 4460 pag.
422 4366 496 4436 107.

249 4478 356 4545 Possit
384 4477 536 4566 vulgatae
564 4475 720 4542 librorum
751 4473 882 4542 lectioni
911 4469 1106 4560 praesidinm
1134 4468 1265 4556 aliquod
1287 4471 1395 4556 quaeri
