3372 5192
896 332 962 412 570

380 527 465 618 Ergo
488 528 645 611 ούωριοτέτο
667 527 832 596 dicebatur
854 527 1016 611 παροίρειν
1039 531 1072 594 et
1094 526 1254 614 Hyperidi
1276 519 1298 592 t
1322 527 1375 594 καί
1402 525 1530 612 παροί-

336 636 433 715 ξειεν
457 631 497 700 ἄν
520 657 567 706 τις
591 633 799 701 reddendum.

380 843 461 931 Peg.
495 838 569 908 778.
602 840 659 908 25.
691 841 716 905 εί
748 838 811 921 γοίρ
840 865 888 914 τις
919 841 997 908 είποι
1027 845 1066 916 ὣς
1097 843 1131 910 εἰι
1163 848 1222 908 τῶν
1245 841 1403 910 νεωτοίτων
1427 843 1444 920 ἢ
1470 849 1530 908 τῶν

336 944 576 1015 πλουσιωτάτων
593 948 672 1022 -ἢ
703 952 762 1011 τῶν
788 946 932 1012 τοιούτων
954 947 1034 1019 τινὸς
1058 954 1154 1028 μερῶν
1178 947 1248 1020 τοὺς
1271 947 1427 1026 λέγοντας
1451 947 1530 1014 εἶναι

336 1057 385 1122 δεῖ
404 1052 617 1120 ἀποκτείναιτ’
641 1050 680 1117 ύιν
703 1051 797 1117 αὑτὸν
819 1055 858 1124 ὡς
883 1053 1071 1118 καταλύοντι
1094 1054 1145 1119 τὸν
1169 1056 1279 1139 δῆμον,
1303 1057 1421 1140 quibus
1453 1057 1531 1122 haee

339 1162 486 1250 opponit:
518 1159 571 1224 καί
602 1159 664 1238 μὲν
688 1152 707 1222 ύ
726 1180 756 1221 τι
780 1158 930 1236 βούλεσθε
954 1157 1069 1225 τούτων
1092 1154 1182 1232 >irre
1204 1160 1250 1228 ε’ςι
1275 1159 1366 1225 δεινθν
1389 1162 1406 1236 ἢ
1433 1161 1462 1225 εί
1483 1187 1531 1233 τις

340 1266 388 1352 [ἐξ
419 1262 456 1331 ὧν
488 1261 574 1336 ούτθς
609 1264 654 1332 ἔτι
685 1263 796 1348 μερῶν]
827 1263 905 1330 είποι
937 1273 1000 1337 τοῖς
1029 1262 1224 1346 βιαζομένοις
1247 1263 1360 1342 ἐξεῖναι
1384 1267 1531 1346 λέγεινῆ

340 1381 403 1447 τοῖς
428 1374 463 1437 ἔνι
486 1377 539 1436 τοῦ
563 1369 770 1450 δεσμωτηρίου
795 1369 812 1444 ἢ
838 1378 902 1442 τοῖς
926 1367 964 1435 ὦν
988 1372 1168 1435 οίπέιοτεινεν
1193 1371 1206 1434 ὁ
1231 1371 1324 1447 δῆμος
1342 1373 1413 1442 τοὺς
1435 1373 1532 1439 πατέ-

340 1505 394 1563 ρας
431 1481 495 1544 κτὲ.
543 1475 579 1542 ei
614 1479 686 1564 quis
720 1495 784 1540 non
818 1478 916 1542 sentit
946 1474 1106 1541 emblema
1136 1477 1196 1542 hoe
1226 1481 1260 1542 in
1291 1481 1439 1566 margine
1467 1501 1533 1546 esse

341 1582 562 1652 collocandum
593 1584 735 1670 cogitato
765 1601 873 1646 seeum
906 1603 946 1647 en
977 1582 1127 1648 alieniore
1158 1582 1227 1649 loco
1246 1604 1342 1669 quem
1370 1585 1426 1650 ubi
1449 1607 1533 1650 nune

342 1699 390 1757 est
420 1692 495 1776 poni
524 1689 678 1773 potuerit.
726 1685 859 1751 Prorsus
890 1707 956 1751 esse
980 1707 1249 1772 supervacaneum
1273 1691 1348 1774 qnia
1370 1694 1531 1778 seqnitur:

343 1796 449 1862 ποίντα
473 1793 536 1874 γαρ
560 1792 648 1857 ταῦθ’
673 1789 808 1874 ύποίρχει
833 1791 948 1874 τούτῳ,
973 1796 1045 1878 quis
1068 1816 1131 1861 non
1154 1793 1264 1861 videt?

388 2001 469 2091 Peg.
504 2001 580 2070 779.
615 1999 645 2070 7.
678 2001 786 2067 ποίντα
815 2001 880 2080 γὰρ
908 2004 997 2067 ταῦθ’
1030 2002 1165 2083 ὑποίρχει
1197 2003 1293 2086 τούτῳ
1324 2009 1377 2069 καί
1410 2005 1533 2085 πρίσεςι

343 2116 406 2180 τοῖς
439 2103 558 2189 οίθσπερ
582 2105 668 2181 ούτθς
692 2107 738 2175 ἐτι
760 2109 815 2183 τὴν
838 2109 945 2189 Φύσιν.
994 2107 1152 2195 Impedite
1175 2112 1330 2175 sententie
1354 2113 1402 2175 est
1425 2116 1459 2175 et
1481 2112 1535 2177 vix

343 2235 427 2280 sene.
476 2214 561 2296 Quid
594 2215 622 2279 si
653 2213 788 2278 dixerit:
822 2213 958 2295 ὑπάρχει
987 2213 1084 2296 τούτῳ
1114 2215 1166 2279 ιιαθ
1200 2223 1261 2289 τοῖς
1294 2213 1425 2296 οἵοισπερ
1450 2212 1534 2288 οὗτος

343 2319 522 2403 τὴνφύσιν.
558 2318 606 2384 De
626 2321 813 2386 attractione
831 2327 895 2392 τοῖς
915 2316 1045 2401 οἵοισπερ
1064 2317 1149 2394 οὗτος
1169 2321 1244 2388 vide
1263 2321 1304 2388 ed
1323 2342 1398 2409 pag.
1413 2319 1490 2386 613.
1503 2320 1534 2386 8.

389 2532 468 2619 Peg.
495 2528 570 2598 779.
596 2531 649 2594 16.
673 2532 718 2606 μὴ
742 2529 823 2608 γὰρ,
844 2523 865 2592 ὦ
887 2533 948 2593 Ζεῦ
967 2528 1019 2594 καί
1040 2529 1116 2608 θεοί,
1137 2529 1274 2605 τοσαύτη
1294 2529 1406 2603 σποίνις
1426 2529 1535 2610 ἀνδρῶν

344 2638 461 2717 γένοιτο
485 2647 523 2719 τῇ
548 2635 637 2700 πθλει
661 2633 720 2702 ὅτε
744 2632 820 2713 παρ’
846 2636 1082 2716 Ἀριςονείτονος
1106 2641 1166 2700 τῶν
1187 2643 1290 2701 καλῶν
1312 2659 1342 2700 τι
1368 2643 1533 2702 nolen-

345 2745 425 2807 σθαι.
472 2741 657 2808 Absurdum
690 2740 749 2805 hoo
785 2738 915 2824 quidem
948 2746 997 2805 eet
1031 2741 1218 2815 ποιήσασθαί
1251 2765 1280 2804 τι
1317 2741 1413 2806 καλθν
1448 2741 1534 2821 παριί

342 2872 433 2921 τινος.
480 2845 624 2913 timendo
648 2847 874 2912 ΠΟΡΙοοσθαι.
921 2845 972 2910 Sie
995 2848 1126 2925 τάγαθὰ
1148 2848 1331 2930 πορίζεσθαι.
1357 2853 1389 2914 et
1411 2847 1533 2913 similis

342 2956 462 3040 poesim
486 2953 615 3041 legitur.

345 3067 349 3074 ’
390 3060 461 3126 Non
483 3059 675 3144 infrequenti
698 3080 801 3126 errore
824 3061 860 3124 in
881 3059 973 3124 libris
997 3057 1118 3138 πορίσαι
1142 3061 1175 3122 et
1193 3065 1332 3132 ποιῆσαι,
1353 3057 1534 3136 πορίσασθαι

344 3172 377 3232 et
400 3166 584 3240 ποιήσασθαι
608 3169 692 3232 inter
713 3187 747 3232 ee
770 3165 1018 3234 eonfunduntur.

390 3377 471 3464 Peg.
498 3373 574 3444 780.
599 3373 655 3446 16.
679 3378 736 3442 είσί
761 3385 832 3448 ταῖς
855 3375 964 3440 πίλοσι
989 3372 1108 3447 τοίσαις
1130 3371 1231 3450 βωμοί
1258 3372 1309 3438 καί
1335 3373 1388 3454 νεῲ
1413 3371 1535 3438 ποίντων

345 3490 404 3550 τῶν
435 3484 521 3561 θεῶν,
554 3483 583 3548 ἐν
614 3483 645 3547 δὲ
675 3482 791 3554 τούτοις
824 3481 876 3546 καὶ
908 3489 1129 3546 HPONOIAC
1162 3478 1296 3554 Ἀθηνᾶς
1315 3515 1356 3526 -
1377 3477 1452 3542 ἀλλ’
1481 3479 1535 3578 οὖν
1660 3501 1661 3528 1

346 3592 584 3656 'AIIONOIAC
606 3588 666 3656 ose·
689 3586 858 3660 αναιδτίας.
894 3586 943 3652 Ex
966 3588 1162 3672 oppositione
1185 3592 1309 3652 eertum
1329 3591 1378 3650 est
1398 3584 1534 3663 προνοίας

347 3695 514 3764 Oratorem
537 3695 672 3773 dixisse,
695 3714 759 3761 non
782 3692 940 3773 προναίας.
975 3691 1035 3758 nst
1053 3691 1112 3756 hoo
1132 3691 1344 3771 ταριίιιονσμα
1366 3689 1536 3768 δομοτιιιθν.

347 3804 530 3888 Antiqnerii
567 3802 707 3867 sciebant
744 3798 890 3879 προναίαν
932 3799 1023 3863 unioe
1052 3818 1166 3863 verum
1196 3817 1280 3875 esse,
1316 3796 1371 3861 sed
1400 3795 1537 3881 populns

348 3909 485 3988 πρόνοιαν
510 3907 669 3994 appellere
692 3904 823 3975 solebat.
869 3905 982 3990 Itaque
1004 3923 1067 3970 non
1091 3907 1139 3968 est
1161 3922 1278 3989 magno
1302 3921 1395 3987 opere
1421 3904 1538 3966 miren-

348 4017 426 4082 dum
445 4013 645 4102 Hyperidem
668 4012 850 4100 quotidiano
869 4009 980 4098 populi
998 4029 1142 4076 sermone
1160 4013 1305 4074 utentem
1325 4009 1360 4073 in
1377 4026 1414 4076 ee
1429 4028 1464 4072 re
1475 4026 1537 4074 non

349 4145 424 4190 oum
446 4122 548 4188 doctis
570 4139 646 4186 vere
668 4120 802 4196 sentire,
825 4116 880 4184 sed
905 4137 979 4184 eum
1001 4115 1119 4202 populo
1141 4135 1253 4180 errare.

394 4331 473 4418 Peg.
508 4329 583 4398 781.
608 4328 641 4395 2.
674 4327 719 4397 ἔτι
751 4327 782 4394 δὲ
814 4325 907 4393 πάντ’
938 4327 1022 4408 αύτῷ
1057 4328 1162 4423 ταῦτα
1195 4321 1306 4404 ὲοίνπερ
1338 4323 1426 4398 ὑμεῖς
1451 4321 1535 4403 ὀρθῶς

348 4433 481 4510 ανούντε
503 4435 651 4516 ἀδόκιμα.
688 4433 773 4516 Quid
796 4453 912 4522 quaeso
936 4438 984 4498 est
1007 4432 1092 4516 ὀρθῶς
1118 4426 1258 4498 οὶκοθεινί
1293 4429 1427 4516 Fuerat,
1447 4427 1537 4501 eredo
