3358 5200
727 391 878 462 51-

138 583 198 650 ύπδ
230 581 340 650 τούτου
368 583 440 659 νῦν,
472 581 568 660 μικριδ
599 581 755 662 πρθψασιι
778 583 831 649 καί
854 583 891 648 ri
914 583 1012 664 τυχθν
1035 588 1187 659 πταῖσμα
1209 577 1334 662 ταχέας

137 686 274 755 ἅπαντα
304 688 431 754 διίσεισε
464 688 516 752 καί
548 689 729 755 κατέλυσεν.
776 689 902 756 Addam
925 690 1081 758 alterum:
1105 687 1336 756 Demosthenes

137 817 216 883 pag.
249 794 306 860 22.
337 793 369 858 2.
400 791 477 866 θλιος
508 794 564 872 μὲν
598 794 660 876 γὰρ
693 797 710 869 ἦ
741 795 935 872 Μακεδονικὴ
967 795 1094 874 δύναμις
1119 794 1172 858 καί
1195 794 1279 872 ύρχίρ
1303 794 1334 858 ἒν

138 903 198 978 μὲν
230 900 400 981 προσθιίκνς
432 898 514 980 μέρει
547 899 595 968 ἒτί
626 924 672 974 τις
705 903 737 965 ού
768 899 883 980 μικροί,
918 939 960 950 -
985 901 1065 975 adri
1090 900 1121 965 δὲ
1145 900 1212 964 καθ’
1235 899 1333 973 αύτῖρν

137 1007 268 1081 ῶσθενῖρς
297 1005 351 1070 καί
383 1011 503 1070 πολλῶν
537 1012 639 1071 κακῶν
669 1007 715 1074 ἐπὶ
745 1008 837 1082 μεςνί.
885 1006 1045 1073 Feleerius
1074 1026 1148 1093 pag.
1175 1003 1250 1070 154.
1277 1002 1332 1072 17.
1456 1015 1461 1026 '

137 1108 217 1184 ίίλιισ
242 1110 384 1191 μὲνγὰρ
410 1112 428 1186 si
451 1111 644 1186 Μακεδονικὴ
666 1110 794 1190 δύναμις
820 1112 850 1175 ἐν
872 1112 929 1188 μὲν
948 1113 1116 1193 προσθήκης
1135 1109 1219 1198 μέρει
1238 1109 1329 1191 ψοπίιν

137 1217 210 1300 ἔχει
242 1218 312 1282 τινὰ
343 1216 395 1284 καί
426 1223 553 1298 χρῆσιν,
588 1217 669 1292 adri
691 1218 723 1282 δὲ
746 1217 816 1282 καθ’
840 1219 935 1293 αύτίρν
959 1218 1085 1293 οὶσθενιίς
1111 1217 1157 1285 ἔτι
1180 1217 1233 1281 καί
1257 1215 1330 1294 πρὸς

137 1329 274 1389 τοιοῦτον
303 1321 394 1402 ίγκον
423 1321 620 1402 πραγμύτιον
649 1323 927 1405 εὐκαταφρόνητος.
976 1322 1056 1388 Vide
1086 1323 1238 1388 tertium:
1270 1321 1334 1386 De·

139 1429 325 1496 mosthenes
354 1449 427 1516 pag.
460 1426 514 1492 23.
537 1427 592 1495 27.
618 1433 668 1494 νῦν
691 1430 747 1506 μὲν
770 1429 929 1495 ἐπισκοτεῖ
949 1428 1066 1500 τούτοις
1090 1431 1124 1493 τὸ
1149 1430 1329 1507 κατορθοῦν·

140 1523 189 1600 αῖ
208 1535 272 1615 γὰρ
303 1532 468 1614 εὐπραξίαι
500 1535 595 1600 δειναί
627 1535 805 1616 συγκρύψαι
837 1536 881 1602 τοὶ
912 1535 1030 1601 τοιαῦτ’
1054 1535 1169 1610 ίνείδιι·
1195 1538 1220 1600 εί
1245 1533 1277 1599 δέ
1300 1558 1331 1600 τι

137 1641 270 1706 πταίσει
301 1639 367 1705 τθτ’
400 1641 533 1720 ύκριβῶσ
565 1643 660 1706 αύτοῦ
682 1643 774 1707 ταῦτ’
798 1640 1051 1718 ἐξετασθήσεται.
1078 1680 1121 1691 -
1144 1639 1244 1722 ῶσπερ
1267 1641 1331 1724 γὰρ

137 1749 170 1814 ἔν
202 1755 267 1820 τοῖς
297 1746 437 1824 σῶμασιν
466 1749 550 1825 ἡμῶν
574 1747 672 1828 (mele
695 1745 718 1814 S
743 1767 804 1813 om.
832 1747 928 1835 ἡμῶν)
952 1745 1007 1821 ἕσις
1029 1749 1086 1826 μὲν
1110 1746 1149 1814 ῶν
1171 1746 1330 1830 ἐρρωμένος

138 1853 156 1936 ᾗ
177 1877 227 1926 τις
246 1851 329 1918 ούδὲν
350 1851 570 1918 ἐπαισθάνεται
590 1859 650 1920 τῶν
669 1853 739 1920 καθ’
760 1849 863 1923 inca
882 1855 1013 1933 σαθρῶν,
1029 1855 1108 1920 ἐστὶν
1120 1854 1152 1920 δὲ
1164 1853 1331 1936 ύρριίτνιμα

137 1984 169 2024 τι
202 1959 312 2042 συμβῇ
344 1959 451 2023 ποίντα
481 1965 631 2036 κινεῖται,
663 1957 722 2024 κᾶν
749 1963 859 2042 ρ’ίῖγμα
882 1957 940 2025 κῶν
964 1959 1091 2040 τρίμμα
1115 1957 1173 2024 κῶν
1195 1958 1277 2025 ἄλλο
1299 1984 1330 2025 τι

135 2073 199 2130 τῶν
233 2063 434 2146 ύπαρχθντιιν
466 2066 572 2144 σαθρὸν
604 2062 639 2144 ᾖ,
670 2063 747 2131 ιύτοι
771 2066 824 2130 καί
848 2072 907 2130 τῶν
930 2063 1046 2129 πθλεοιν
1069 2063 1121 2129 καί
1144 2071 1204 2130 τῶν
1224 2067 1332 2146 τυρῶν-

137 2196 212 2245 νιον,
239 2167 293 2244 ἕως
316 2171 374 2248 μὲν
398 2168 437 2234 ῶν
460 2168 517 2246 ἔξω
540 2179 714 2250 πολεμῶσιν
732 2173 841 2254 ύψανιῖ
861 2171 905 2237 τθι
925 2171 1010 2236 κακῶν
1028 2179 1092 2244 τοῖς
1109 2179 1235 2245 πολλοῖς
1255 2173 1330 2240 teo.

183 2276 348 2344 Felsorius
377 2295 452 2364 pag.
479 2273 552 2342 165.
581 2276 636 2342 22.
661 2283 711 2342 νῶν
734 2279 791 2356 μὲν
814 2277 851 2342 τί
875 2279 1036 2357 κατορθοῦν
1059 2278 1153 2344 αύτδν
1174 2281 1334 2345 ἐπισκοτεῖ

135 2389 219 2451 τοῖσι
262 2390 326 2455 τοῖς
366 2381 529 2456 τοιούτοις·
565 2384 598 2447 αἱ
633 2382 696 2462 γαρ
731 2382 893 2464 εὐπραξίαι
929 2382 1023 2448 δειναί
1059 2383 1240 2466 συγκρύψαι
1275 2385 1329 2452 καῖ

135 2489 308 2556 συσκιοίσαι
338 2489 397 2561 τὰς
429 2487 587 2569 οὲμαρτίας
618 2494 677 2552 τῶν
707 2489 867 2570 ῶνθρῶπιον
898 2489 990 2554 είσίν·
1022 2489 1047 2553 εί
1077 2487 1110 2555 δέ
1141 2515 1171 2555 τι
1201 2491 1328 2556 πταίσει

135 2595 206 2663 τρίτ’
246 2594 381 2676 ύκριβῶτ
423 2594 713 2674 διακαλυφθήσεται
758 2599 864 2661 παῖσα
899 2595 1022 2660 πάντα·
1063 2596 1230 2674 συμβαίνει
1266 2597 1329 2678 γὰρ

136 2703 239 2779 ῶσπερ
275 2702 306 2766 ε’ν
340 2708 403 2768 τοῖο
437 2701 577 2778 σῶμασιν
612 2702 713 2777 ἡμῶν·
748 2696 822 2766 ὅταν
850 2700 907 2778 μὲν
937 2699 1094 2782 ἐρρωμένος
1125 2699 1142 2784 ᾖ
1173 2726 1220 2775 τις
1247 2703 1330 2770 οὐδὲν

136 2805 364 2874 ἐπαισθάνεται
395 2811 454 2871 τῶν
486 2807 554 2870 καθ’
586 2803 687 2875 ἕκαςα
718 2808 849 2886 σαθρῶν·
882 2806 962 2872 trev
988 2807 1020 2872 δὲ
1043 2808 1201 2888 ύρρυςύσρ
1224 2807 1329 2874 ποίντα

135 2922 268 2982 κινεῖται
301 2913 360 2980 κῶν
391 2915 499 2994 ρ’νῖγμα
530 2911 590 2976 κᾶν
616 2911 744 2992 τρίμμα
767 2910 825 2976 κᾶν
848 2910 929 2978 ἄλλο
952 2936 983 2978 τι
1006 2919 1065 2977 τῶν
1087 2911 1330 2995 ύπαρχθντιινύ

135 3024 181 3102 μίν
213 3021 328 3092 τελέας
360 3019 514 3097 ὑγιαῖνον·
548 3025 674 3084 orm
706 3019 758 3084 καί
791 3023 849 3084 τῶν
876 3019 1043 3097 βασιλειῶν
1066 3019 1119 3084 καί
1144 3021 1251 3085 πασῶν
1272 3027 1332 3086 τῶν

136 3129 319 3204 δυυαςειῶν,
359 3122 413 3195 ίοιι
448 3124 505 3202 μὲν
538 3121 576 3188 θον
607 3125 638 3188 ἐν
668 3132 731 3196 τοῖς
763 3124 908 3202 πολέμοις
939 3127 1119 3205 κατορθῶσιν
1148 3127 1257 3204 οδφανῆ
1288 3127 1331 3192 τίν

137 3234 225 3298 κακοὶ
256 3239 320 3305 τοῖς
351 3237 478 3300 πολλοῖς
503 3229 566 3299 ίσίν
590 3229 653 3294 κτὲ.
701 3228 805 3310 Quem
828 3232 893 3296 sint
915 3231 1136 3297 huiuseemodi
1157 3231 1221 3297 loei
1243 3236 1333 3299 simi·

136 3340 185 3406 les
209 3345 243 3405 et
267 3337 428 3404 advorss
442 3335 594 3402 lectiones
616 3335 815 3422 reperiendae
838 3341 871 3402 et
894 3337 934 3402 ed
956 3336 1082 3402 fraudes
1101 3337 1334 3422 deprehenden-

138 3448 197 3512 das
227 3443 326 3510 utiles
355 3447 465 3528 sponte
487 3440 692 3528 intelligitur.
739 3441 931 3507 Mendorum
953 3442 1112 3528 originem
1134 3447 1167 3507 et
1189 3464 1334 3532 progres-

138 3571 214 3618 sum
245 3555 412 3634 tamquam
443 3546 545 3613 oeulis
575 3549 745 3613 neruimes.
793 3547 926 3612 Dixerat
955 3545 1185 3612 Demosthenes
1215 3546 1332 3614 ἅπαντ’

140 3657 364 3736 σίνεχαίσισεν,
397 3656 431 3718 in
461 3651 555 3718 libris
585 3659 633 3718 est
663 3651 848 3734 ἀνεχαίτισε
879 3651 931 3716 καῖ
964 3651 1144 3717 κατέλυσεν.
1200 3652 1334 3722 Dixerat

143 3761 240 3828 δειναί
281 3759 480 3841 συγκρύψαι,
519 3757 596 3823 libri
634 3757 812 3839 συγκρύψαι
843 3757 895 3822 καί
928 3755 1104 3823 συσκιιίσαι.
1156 3756 1210 3824 Βία
1239 3766 1334 3829 vetus

139 3871 262 3938 vitium
293 3866 397 3933 latens
427 3885 500 3952 pag.
527 3861 603 3928 155.
627 3861 682 3928 27.
706 3863 961 3949 deprehenditur.
1007 3862 1139 3929 Editur:
1164 3866 1332 3944 συμβαίνει

140 3977 205 4057 γὰρ
240 3971 341 4053 ῶσπερ
374 3972 404 4036 ἓν
430 3977 494 4044 τοῖς
519 3969 658 4048 σῶμασιν
683 3970 783 4044 ἡμῶν·
808 3965 883 4034 ὅταν
906 3969 963 4046 μὲν
986 4005 1029 4018 ·-
1053 3965 1128 4034 ούτοι
1153 3971 1227 4047 καί,
1252 3993 1333 4059 quae

137 4083 257 4150 vitiose
279 4085 328 4145 est
352 4078 548 4162 compositio.
596 4075 646 4140 Dr
668 4074 892 4142 Demosthenis
914 4073 985 4140 loeo
1007 4079 1138 4159 epperet
1158 4075 1332 4164 legendum

140 4209 208 4256 esse
238 4183 339 4262 ῶσπερ
367 4191 445 4248 ΓΛΡ
470 4183 501 4246 ἒν
522 4189 586 4254 τοῖς
610 4185 750 4257 σώμασιν
773 4183 857 4260 ἡμῶν
880 4174 955 4245 ύταν
978 4214 1022 4228 -
1047 4187 1174 4245 ΟΤΤΩ
1198 4183 1334 4251 καὶτῶν

141 4295 309 4374 βασιλειῶν
330 4288 396 4354 κτὲ.
416 4293 574 4373 expuncto
588 4286 755 4364 συμβαίνει
769 4287 843 4368 γοίρ.
876 4285 983 4366 Quum
996 4286 1030 4348 in
1042 4287 1148 4352 verbis
1160 4283 1259 4368 ῶσπερ
1270 4291 1334 4373 γάρ

141 4401 289 4488 periisset
305 4393 422 4462 vocule
440 4393 503 4474 γιίρ
523 4399 678 4460 corrector
695 4393 813 4480 aliquis
824 4392 992 4470 συμβαίνει
1004 4388 1068 4470 γιίρ
1081 4389 1119 4456 de
1131 4412 1189 4458 suo
1201 4394 1333 4464 eddidit.

187 4503 251 4572 Sed
272 4499 365 4568 nulls
385 4501 419 4566 in
441 4520 476 4566 re
497 4499 645 4568 fdserine
667 4499 786 4567 melius
809 4499 848 4565 de
866 4497 1080 4564 Demosthene
1098 4501 1219 4570 meruit
1236 4521 1334 4585 quem
