3208 5158
662 415 726 486 1³95

112 605 161 671 ύτδ
194 609 261 669 τοῦ
296 602 457 685 σατροίπου
488 614 546 672 τῶν
577 611 708 688 Περσῶν.
761 607 885 674 Sumsit
915 608 1029 676 Strabo
1059 611 1228 676 historiam
1256 611 1289 676 et

111 719 244 798 satrapae
265 732 382 778 nomen
404 734 443 779 ex
465 712 621 781 Herodoti
646 715 728 781 libro
751 714 808 780 III.
835 715 900 781 120
924 736 989 802 sqq.

148 920 225 1008 Peg.
251 918 327 985 652.
358 921 538 998 δνμοιιηδεῑς
561 923 587 988 δ’
604 923 687 987 'sirio
710 926 736 989 ci
762 924 865 990 Ῥύδιοι
889 925 998 1004 καίπερ
1022 927 1054 990 ού
1081 925 1288 1005 δημοκρατού-

111 1050 195 1104 μενοι.
221 1065 261 1076 -
287 1028 313 1091 oi
336 1026 451 1108 εὔποροι
476 1028 547 1100 τοὺς
571 1028 679 1100 ἐνδεεῖς
702 1029 976 1110 ὑπολαμβάνουσιν
998 1027 1055 1096 ides
1076 1032 1133 1096 τινὶ
1154 1031 1287 1111 πατρίῳ,

112 1133 289 1210 λειτουργίαι
319 1133 355 1198 τί
385 1135 462 1204 τινὲς
494 1135 568 1199 εἰσιν
599 1136 864 1217 ίύωνιαζύμενΟΙ.
911 1136 1031 1202 Haeret
1061 1139 1096 1200 in
1126 1137 1185 1202 hoc
1220 1134 1289 1202 loco

111 1237 230 1315 Editor,
262 1239 317 1303 sed
344 1239 426 1304 nihil
449 1243 531 1304 inest
555 1235 753 1307 difficultatis
777 1246 804 1306 si
827 1240 936 1308 Oorais
960 1244 1185 1308 correctionem
1208 1244 1290 1322 ὀψω-

112 1343 287 1424 νιαζίμενλΙ
317 1348 479 1430 receperis.
526 1345 587 1410 llla
616 1354 719 1413 aetate
749 1348 831 1414 nihil
862 1351 994 1414 interest
1015 1351 1099 1414 inter
1120 1349 1236 1428 ὀψώνια
1259 1350 1292 1412 et

112 1449 225 1524 μιτύίςε
256 1453 364 1536 itaque
393 1451 581 1531 λειτουργίαι
613 1453 857 1534 ύψιονιαζίμεναι
881 1459 955 1520 sunt
978 1455 1042 1518 ἀνθ’
1067 1451 1104 1518 ὧν
1128 1455 1232 1530 μισθὸς
1257 1453 1292 1517 ἐκ

112 1559 158 1619 τοῦ
181 1555 323 1631 δνμοσίον
347 1555 477 1635 δίδοται,
503 1564 536 1622 et
558 1560 603 1622 sic
626 1561 801 1624 rectissime
824 1560 968 1626 additur:
994 1555 1063 1623 cici*
1086 1556 1157 1637 ίίμα
1180 1560 1233 1624 τίν
1255 1583 1290 1622 τε

112 1659 222 1736 πένητα
265 1661 349 1741 ἔχειν
391 1666 446 1738 τὴν
489 1661 655 1746 διατροφὴν
697 1665 749 1729 καί
792 1668 848 1741 τὴν
889 1663 979 1729 πίλιν
1012 1671 1072 1730 τῶν
1105 1672 1214 1747 χρειῶν
1247 1666 1291 1744 μίι

114 1770 289 1848 occepso.

151 1975 228 2064 Peg.
261 1972 338 2040 660.
370 1977 404 2041 εἰν
433 1977 541 2044 τούτου
574 1978 606 2044 δὲ
638 1977 823 2066 (Labienus)
856 1980 906 2045 ἐπὶ
939 1982 993 2055 τὴν
1025 1979 1114 2045 πόλιν
1139 1979 1293 2067 (Mylasa)

111 2079 234 2161 ὅρμησε
263 2081 424 2158 τοίγμοιτα
457 2082 538 2164 ἔχων
570 2086 623 2159 ἤδη
656 2084 896 2162 συντεταγμένα
927 2085 1084 2161 Ῥωμαίων
1115 2093 1173 2150 τῶν
1202 2087 1232 2150 ἐν
1254 2095 1292 2168 τῇ

112 2187 212 2271 Ἀσία,
259 2189 434 2273 interpres:
461 2238 477 2267 „
504 2193 634 2255 οοίιοιίει
655 2215 749 2255 secum
772 2192 931 2256 ιἰιιίτιιοίαι
949 2193 1057 2256 τίνουσαι
1076 2193 1292 2274 Romanorum,

111 2295 157 2378 qai
186 2296 219 2358 ιἰι
248 2295 323 2359 Asia
355 2295 466 2359 aaut?
516 2297 656 2362 Οοίονίοι
680 2318 699 2362 a
720 2297 872 2363 Strabone
894 2299 1013 2383 ubique
1036 2303 1215 2363 constanter
1237 2318 1293 2382 ap·

112 2398 263 2484 pellantur
292 2409 435 2480 σπεῖραι,
469 2403 642 2488 eademque
667 2388 843 2468 constantia
866 2402 1026 2480 τοίγματα
1050 2404 1168 2488 ubique
1192 2405 1293 2468 nomi-

112 2513 161 2571 nat
191 2508 327 2588 lepicnec.
358 2515 396 2572 ut
425 2530 498 2596 pag.
534 2507 609 2576 167.
637 2512 653 2585 ἡ
679 2509 771 2582 λοιπὴ
798 2508 979 2594 (Hispania)
1006 2509 1064 2573 ὑπὸ
1087 2511 1129 2588 τῷ
1155 2508 1293 2588 ὑπατικῷ

114 2611 232 2688 ἡγεμόνι
256 2613 386 2692 τρατιοίν
409 2640 443 2679 τε
467 2613 569 2696 ἔχοντι
594 2614 756 2692 οίξιίλογον
780 2621 866 2692 τριῶν
887 2639 946 2678 που
966 2622 1220 2680 ΤΑΓΜΛΤΩΝ
1241 2613 1294 2678 καὶ

113 2719 301 2794 πρεσβευτὰς
324 2727 421 2796 τρεῖς·
450 2717 488 2783 ὧν
513 2721 527 2784 ί
555 2721 610 2796 μὲν
640 2719 689 2783 δύο
717 2717 797 2800 ἔχων
829 2719 1053 2804 τοίγματοο,
1084 2725 1298 2800 παραφρουρεῖ

113 2827 161 2897 τὴν
188 2823 282 2903 πέραν
314 2831 367 2889 τοῦ
394 2827 536 2903 Δονρίου,
564 2865 606 2875 -
630 2828 685 2898 τὴν
710 2825 737 2889 δ’
764 2825 833 2902 ἑξῆς
857 2828 1017 2905 παρύρειον
1040 2825 1134 2907 μέχρι
1160 2825 1294 2903 Πυριίννς

113 2929 280 3008 ίδεύτερος
304 2937 361 2995 τῶν
385 2932 581 3008 πρεσβευτῶν
605 2932 690 3007 μετὰ
715 2936 768 2994 τοῦ
794 2930 893 3007 ἐτέρου
925 2931 1160 3008 τοίγματος,
1194 2937 1226 2996 et
1249 2933 1295 2996 sic

111 3036 222 3120 ubique
242 3037 386 3124 legiones
409 3038 569 3103 Romanae
592 3037 754 3114 τάγματα
776 3039 990 3101 nominantur.
1038 3036 1212 3114 Labienus,
1238 3040 1295 3122 qui

113 3139 199 3227 Syria
222 3145 344 3227 potitus
367 3140 515 3208 Ciliciam
540 3145 707 3229 occupavit
729 3142 857 3216 καὶτῆς
882 3141 995 3214 Ἀτίας
1016 3143 1075 3211 τὰς
1096 3142 1295 3221 ἠπειρώτιδας

113 3247 212 3319 πόλεις
242 3251 459 3325 παρετήσατο,
491 3247 599 3337 legato
625 3251 756 3313 Antonii
780 3247 898 3312 Planco
922 3269 960 3312 ex
983 3249 1060 3312 Asia
1082 3246 1189 3332 pulso,
1213 3249 1295 3321 πλὴν

114 3355 358 3429 Στρατονικείας·
392 3355 434 3419 τὰ
465 3357 522 3430 μὲν
554 3362 672 3422 πλεΐςα
702 3353 774 3418 ἄνευ
807 3353 961 3430 πολέμοιο,
997 3355 1142 3417 Μύλασα
1178 3353 1209 3417 δὲ
1240 3353 1293 3416 καί

114 3459 295 3536 ’λλοίβανδα
329 3460 381 3524 διδ
411 3461 549 3526 κινδύνων
581 3460 671 3533 ἑλών,
704 3465 784 3526 teste
815 3458 916 3524 Dione
940 3456 1048 3524 Cassio
1072 3457 1215 3522 XLVIII.
1240 3456 1294 3523 26.

113 3568 211 3630 tantas
232 3588 280 3632 res
303 3569 404 3654 gessit
426 3587 488 3632 non
514 3568 665 3643 „cohortes
689 3567 852 3629 instructae
874 3588 970 3629 aecum
994 3563 1119 3628 ιίιισετιο”
1143 3565 1197 3630 sed
1216 3563 1296 3652 legi-

112 3688 180 3735 ones
209 3675 330 3738 civium
362 3672 578 3737 Romanorum
611 3693 649 3737 ex
682 3671 776 3758 Syria
806 3677 839 3735 ct
870 3672 948 3735 Asia
981 3669 1138 3734 collectas.
1185 3668 1295 3752 Itaque

112 3779 201 3858 periit
229 3801 368 3842 νιναιοτιιο
390 3779 574 3865 legionum,
596 3799 693 3864 quem
715 3781 750 3842 in
773 3777 890 3841 ultima
912 3776 1006 3840 litera
1031 3777 1141 3840 aoristi
1163 3772 1295 3854 ὥρμησε

112 3877 204 3947 latere
234 3888 393 3969 suspicor,
425 3889 463 3948 ut
494 3882 607 3950 Strabo
638 3885 816 3968 scripserit:
849 3878 968 3961 ὥρμησε
999 3869 1032 3944 ἒ
1063 3879 1182 3960 (πέντε)
1212 3878 1295 3958 τοίγ-

113 4006 198 4058 ματα
222 3985 310 4069 ἔχων.

156 4195 235 4285 Pag.
267 4196 345 4264 667.
373 4235 415 4247 -—
440 4201 499 4278 οὐχ
525 4197 757 4274 ὁμολογούμενα
780 4197 923 4273 λέγουσιν
947 4195 1088 4274 Ὀμνίρφ·
1114 4195 1294 4273 βελτίΟΤΟ

113 4304 136 4368 δ’
165 4307 189 4370 ci
218 4305 393 4375 Φύσκοντες
425 4303 572 4381 λε’γεσίαι
604 4305 764 4380 Σολύμους
795 4342 835 4352 -
861 4304 931 4374 τοὺς
955 4305 1004 4366 νῦν
1029 4301 1166 4374 Μιλύας.
1215 4301 1293 4389 Lag.

113 4410 273 4484 βίλτιΟΝ.
298 4411 364 4478 vid.
389 4411 429 4476 ad
453 4431 526 4498 pag.
552 4409 582 4475 7.
619 4409 740 4474 Iterum
761 4411 806 4474 sic
826 4416 967 4475 erratum
986 4410 1110 4475 videbis
1129 4429 1203 4497 pag.
1218 4406 1293 4472 696.

115 4515 287 4592 βελτίΟΤΕ
319 4516 345 4582 δ’
369 4518 393 4581 οί
418 4518 469 4581 τὸν
494 4516 575 4592 ίίλιον
598 4517 769 4594 αίτιύμενοι
793 4515 845 4579 καί
869 4519 923 4592 τὴν
947 4513 981 4592 ἐξ
1004 4517 1102 4581 αὐτοῦ
1123 4515 1294 4580 ε’πίιιαυσιν.
