3358 5200
355 1209 805 1300 attractare
843 1209 1140 1299 celrici.
1267 1323 1269 1327 ι

612 1515 892 1551 ψ

586 1778 629 1825 nn
651 1759 904 1826 Dnnosrnnnma

684 1998 761 2086 (lap.
784 1998 811 2065 Ι.

532 2213 583 2280 Dr
605 2209 726 2279 Oonrca
746 2211 902 2279 Paarsnm
925 2212 957 2278 S.

195 2457 304 2538 Quum
338 2476 439 2541 nuper
468 2454 601 2520 feriatus
633 2455 734 2520 animi
764 2453 927 2520 relaxandi
957 2460 989 2520 et
1019 2455 1217 2523 exhilarandi
1246 2480 1341 2526 causa

147 2563 290 2630 Parisios
331 2564 468 2628 viserem
511 2558 755 2626 celeberrimum
796 2581 899 2625 unum
937 2562 1083 2627 omnium
1116 2561 1340 2630 Demosthenis

148 2666 302 2735 Godicam
336 2670 436 2734 otiose
469 2685 542 2732 meo
572 2666 729 2731 arbitratu
757 2685 813 2749 per
842 2665 910 2731 dies
940 2666 1173 2752 complusculos
1202 2661 1372 2738 versaris

146 2773 221 2840 Non
272 2773 462 2859 quaerebam
512 2791 610 2838 noras
662 2771 831 2849 lectiones,
887 2793 967 2856 quae
1012 2771 1093 2838 forte
1139 2778 1338 2860 superiorum

147 2883 251 2946 aciem
285 2878 452 2966 fugissent.
503 2876 583 2944 'Pam
616 2874 775 2961 praeclare
809 2882 841 2942 et
874 2875 1051 2943 luculenter
1086 2881 1224 2946 eximius
1257 2880 1338 2948 liber

146 2983 449 3066 contemptionem
483 2988 515 3049 et
545 2987 635 3048 tanta
668 3002 743 3048 cura
772 2981 937 3048 Bekherus
966 3003 1104 3049 messem
1135 2989 1168 3050 et
1197 2989 1231 3050 in
1260 2987 1338 3053 Din-

146 3090 241 3157 dorlii
270 3091 408 3176 gratiam
439 3088 624 3153 Fredericus
654 3087 823 3154 Duhnerus
852 3109 962 3166 meus,
995 3091 1071 3173 (quc
1100 3110 1201 3174 nequa
1232 3092 1337 3158 candi-

145 3197 279 3263 diorem
305 3213 498 3281 quemquam
531 3212 633 3278 neque
665 3195 772 3280 magis
803 3193 998 3258 industrium
1032 3200 1064 3260 et
1099 3197 1133 3259 in
1167 3193 1337 3264 Codicibus

145 3299 346 3368 excutiendis
388 3297 595 3364 oculatiorem
628 3297 792 3364 hominem
826 3298 934 3365 videre
967 3320 1020 3364 me
1053 3301 1199 3386 memini)
1236 3306 1338 3387 spicas

145 3406 282 3493 collegit
304 3403 387 3470 nihil
409 3404 639 3489 propemodum
661 3408 699 3468 ut
722 3403 796 3469 eddi
819 3423 908 3489 posse
926 3405 1089 3484 rideatur,
1111 3407 1167 3472 sed
1185 3408 1336 3496 hosage-

144 3515 223 3580 bam
256 3513 460 3597 potissimum
491 3511 634 3594 primum
663 3514 701 3574 nt
731 3530 770 3574 ex
802 3505 927 3575 Codicis
957 3512 1057 3595 ipsius
1078 3514 1273 3596 ¹inspectione
1295 3516 1335 3581 ad

142 3616 396 3685 Demosthenem
438 3612 672 3681 emendandum
712 3619 820 3679 mente
859 3613 1006 3681 liberiore
1044 3622 1076 3682 et
1108 3621 1335 3704 perspicaciore

141 3730 255 3791 uterer
287 3721 357 3810 (qui
391 3722 529 3786 eximius
562 3719 684 3784 fructus
719 3723 767 3784 est
796 3719 1075 3807 palaeographicae
1104 3722 1266 3790 facultatis
1297 3747 1336 3792 ex

141 3831 300 3895 diuturna
339 3827 497 3892 librorum
529 3831 677 3891 ratarum
710 3824 845 3890 lectione
877 3829 986 3910 partae
1022 3831 1054 3891 et
1088 3828 1333 3917 corroboratae),

141 3932 260 4000 deinde
281 3935 319 3998 ut
341 3937 551 3998 correctorum
575 3935 710 3995 artaret
732 3929 858 3995 fraudas
880 3951 976 4014 quam
1000 3930 1245 4019 diligentissime
1263 3956 1332 4022 pos·

140 4060 213 4106 sem
236 4039 484 4124 investigarem,
508 4036 547 4101 de
570 4035 686 4120 quibus
707 4036 766 4100 erit
788 4035 871 4100 inira
892 4034 1018 4102 dicendi
1039 4035 1138 4104 locus.
1341 4119 1344 4129 ,

188 4145 341 4210 Primum
375 4145 409 4206 in
441 4143 580 4229 gratiam
616 4144 648 4205 et
683 4139 887 4206 commodum
922 4160 1048 4214 eorum,
1081 4143 1196 4227 quibus
1225 4155 1334 4232 postea

138 4249 455 4338 praestantissimum
485 4247 631 4311 omnium
657 4244 778 4310 librum
802 4245 888 4310 adire
911 4251 944 4310 et
967 4247 1127 4314 consulere
1150 4255 1330 4342 continget,

138 4355 221 4444 qnid
257 4356 292 4418 in
326 4372 363 4417 eo
393 4354 591 4418 contineatur
623 4353 670 4415 ita
704 4350 850 4416 indicabo
884 4357 921 4416 ut
952 4351 1045 4418 facile
1079 4355 1122 4418 sit
1156 4358 1333 4440 quemlibet

137 4457 369 4528 Demosthenis
391 4456 498 4522 locum
520 4458 632 4520 statim
655 4457 790 4541 reperire
813 4460 846 4521 et
869 4454 1040 4540 explorare.

1177 4570 1187 4612 1
