3208 5158
828 327 894 395 288

265 525 321 586 aut
344 521 440 588 verba
463 523 739 605 interpretaretur,
765 517 871 594 eles„
897 517 952 584 sed
974 523 1013 583 ut
1036 519 1133 584 etiam
1157 517 1232 582 bino
1255 515 1457 603 dialogorum

264 630 406 694 suavitas
431 632 595 712 tamquam
620 626 685 692 sale
708 625 835 692 condita
858 625 938 690 foret
990 623 1112 690 Melius
1132 625 1235 710 igitur
1253 625 1362 687 omnia
1379 621 1461 688 haee

266 732 524 819 pbilosophorum
555 731 695 798 ludibria
723 739 755 797 et
777 734 862 796 ineos
886 731 1099 818 Porphyrius,
1125 732 1181 816 qui
1205 727 1290 794 solus
1311 732 1461 794 omnium

261 843 303 907 iis
331 842 450 914 utitur,
477 840 653 914 omisisset,
678 841 753 924 quia
777 837 815 903 ad
840 842 950 923 podiae
973 838 1266 922 interpretationem
1289 835 1371 898 „aar
1391 857 1460 899 eoa·

253 947 369 1032 serant
401 965 503 1028 neque
539 943 617 1009 adeo
652 947 732 1010 serio
767 949 842 1008 aunt
876 942 972 1008 dieta
1019 942 1128 1008 Etiam
1162 941 1462 1006 Grammatioorum

262 1055 554 1136 interpretationes.
587 1049 696 1134 quales
726 1047 848 1114 multas
879 1047 1092 1134 protulimus,
1123 1049 1201 1114 satie
1235 1049 1366 1132 apparat
1395 1065 1463 1112 non

264 1161 429 1223 assereris
452 1157 603 1241 scriptas,
628 1156 684 1221 aad
707 1160 764 1220 aut
786 1156 909 1242 ingenii
933 1153 1111 1220 ostentandi
1134 1155 1240 1241 gratia
1262 1154 1464 1240 excogitatas

265 1267 322 1329 aut
344 1262 384 1327 ad
409 1263 549 1346 impetus
573 1261 825 1327 adversariomm
843 1264 935 1352 acute
954 1265 987 1324 et
1004 1258 1135 1325 solerter
1153 1257 1337 1324 eludendos.
1368 1257 1464 1326 Haeo

264 1371 367 1456 igitur
396 1368 505 1434 omnia
535 1368 593 1445 iis,
625 1368 681 1451 qui
712 1364 844 1432 Potitam
869 1386 944 1431 vere
967 1371 999 1430 et
1021 1365 1146 1431 utiliter
1166 1367 1368 1450 interpretari
1391 1369 1464 1430 atu·

266 1474 358 1558 dent,
382 1472 559 1558 seponenda
585 1477 660 1537 sunt
682 1477 714 1537 et
734 1471 978 1538 contemnenda:

447 1575 558 1655 ψεῦδός
583 1602 635 1643 κεν
660 1583 782 1657 Quinta
805 1578 858 1642 καὶ
884 1574 1100 1658 νοσφιζοίμεθα
1123 1581 1259 1656 μᾶλλον.

312 1687 395 1752 Ante
427 1686 535 1748 omnia
556 1703 632 1750 vero
655 1683 849 1750 abiiciendaa
871 1689 946 1749 sunt
968 1683 1213 1772 Etymologiae,
1238 1683 1356 1770 quibua
1377 1684 1467 1750 nihil

267 1797 315 1858 est
345 1790 558 1869 arpensem
589 1810 665 1855 nam
696 1797 918 1875 praeterquam
946 1790 1029 1876 quod
1060 1790 1157 1856 salsae
1187 1795 1262 1855 sunt
1289 1811 1399 1856 omnes
1426 1811 1467 1856 ae

266 1897 349 1962 nulli
379 1899 426 1963 rei
454 1894 570 1970 utiles,
603 1916 642 1961 ne
671 1900 767 1960 aeriae
789 1895 918 1981 quidem
942 1901 1017 1962 eunt
1039 1897 1094 1962 sed
1116 1897 1240 1982 ingenii
1261 1895 1465 1962 lascivientis

265 2003 423 2089 ludusque
453 2003 612 2086 ioousque.
666 2001 731 2065 Une
764 2007 893 2066 tantum
925 2008 974 2067 est
1003 2004 1037 2066 in
1061 1999 1198 2067 Seboliis
1221 2001 1260 2066 ad
1283 2001 1467 2088 Odysseam

267 2108 466 2197 etymologia
497 2125 591 2174 vera:
624 2107 743 2181 treviae
768 2127 834 2172 esse
858 2107 987 2184 taetrae,
1012 2107 1109 2192 idque
1130 2106 1227 2172 homo
1254 2127 1328 2173 casu
1353 2111 1469 2196 magis

266 2235 363 2301 quam
386 2217 507 2280 ratione
528 2216 655 2300 reperit.
690 2213 844 2298 Reliquae
865 2225 940 2278 aunt
957 2234 1046 2279 mera
1065 2213 1218 2291 aalysiae.
1238 2219 1270 2280 et
1289 2233 1466 2300 aegrorum

267 2323 391 2387 somnia
422 2326 454 2385 et
484 2320 714 2403 deliramenta,
744 2318 847 2384 veluti
882 2321 977 2398 Φερνῆ
1012 2313 1057 2384 ὅτι
1089 2317 1206 2397 Φέρει
1237 2321 1292 2391 ele
1326 2321 1465 2398 ederis,

268 2425 449 2510 similiaque
482 2433 637 2492 sexcenta.
685 2425 807 2510 Lepido
837 2422 947 2490 Cicero
970 2425 1116 2491 deridens
1138 2423 1318 2491 Stoicorum
1343 2427 1377 2490 in
1400 2425 1469 2492 boo

267 2553 382 2620 genere
413 2533 550 2617 ineptias
582 2533 620 2596 de
649 2531 724 2596 Nat.
756 2530 848 2597 Deor.
872 2529 927 2596 III.
954 2532 972 2616 ᾖ
996 2529 1049 2598 62.
1074 2537 1209 2617 quonium
1233 2530 1423 2596 unumne
1447 2557 1468 2596 a

267 2655 374 2703 nanno
407 2638 586 2721 appellatum
610 2644 703 2720 petua
733 2637 850 2700 nultum
881 2638 939 2700 erit
968 2659 1071 2702 aenaea
1101 2637 1180 2722 qaod
1203 2659 1262 2700 noa
1278 2637 1379 2720 porois
1401 2661 1467 2702 aaa

269 2745 370 2807 littera
401 2743 550 2824 aplicare
580 2744 658 2806 aride
691 2744 810 2808 ductam
832 2743 884 2808 ait.
934 2743 974 2807 Ia
997 2744 1192 2828 quoquedeest
1215 2743 1308 2823 saepia
1331 2749 1365 2806 ta
1389 2746 1469 2810 nihi

268 2855 374 2914 notem
402 2847 483 2912 olaus
515 2869 545 2912 ee
575 2871 661 2932 qream
693 2848 757 2932 ipse
778 2849 946 2936 Neptaaua.
994 2847 1173 2914 Salslasime
1197 2857 1305 2914 autem
1329 2867 1368 2914 ea
1391 2852 1469 2916 imi-

269 2953 364 3020 tando
392 2953 531 3029 deridet,
556 2960 593 3018 ut
616 2956 654 3018 de
680 2955 762 3038 Offie.
787 2953 813 3018 l.
838 2956 856 3040 ᾖ
879 2953 933 3019 23.
959 2957 1120 3019 audeamus
1142 2954 1259 3018 imitari
1282 2955 1398 3019 Stoicos
1423 2995 1467 3006 -

268 3063 473 3146 credamusque
500 3061 572 3145 quie
595 3079 647 3125 rra
673 3062 752 3145 quod
774 3077 896 3125 orarunt
920 3069 962 3126 est
985 3061 1163 3145 appellatum
1188 3077 1297 3125 elnon.
1345 3062 1469 3148 Aperte

268 3169 390 3233 iooatur
420 3187 521 3251 neque
552 3166 604 3230 lris
635 3165 808 3250 quidquam
840 3165 955 3250 eredit,
990 3168 1180 3250 omninoque
1212 3164 1291 3230 tales
1323 3169 1468 3254 ineptiae

268 3275 302 3338 in
324 3275 410 3338 ritae
433 3271 504 3337 luce
527 3277 560 3337 et
582 3270 765 3337 celebritate
790 3271 829 3336 ab
852 3271 1038 3338 homiuibus
1061 3272 1262 3360 elegantibus
1285 3277 1318 3337 et
1337 3271 1467 3339 festivis

267 3378 372 3446 multo
402 3377 529 3444 lucilius
559 3377 794 3465 redarguuntur
823 3397 918 3462 quam
953 3381 987 3442 in
1019 3376 1143 3444 sobolae
1175 3381 1240 3443 otio
1272 3383 1304 3444 et
1333 3379 1465 3445 umbra.

268 3485 361 3550 Nune
394 3504 478 3550 nova
507 3483 788 3570 Etymologiamm
822 3503 872 3548 ars
901 3481 1000 3561 salet,
1035 3483 1107 3567 sed,
1131 3505 1171 3549 ne
1195 3483 1299 3549 dicam
1323 3483 1420 3560 dolo,
1448 3486 1465 3559 si

270 3596 319 3655 νῦν
351 3592 447 3670 τέχνη
481 3597 536 3663 τῆς
566 3589 707 3665 πρότερον
738 3588 890 3666 drsxalac
920 3590 952 3654 οὐ
978 3587 1059 3654 πάνυ
1083 3613 1113 3654 τι
1138 3589 1325 3671 πιθανώτερα
1350 3592 1465 3657 τίκτει.

268 3695 389 3763 Melina
419 3694 603 3763 Ciceronem
633 3695 838 3760 imitabimur
867 3693 925 3780 qni
959 3694 1201 3783 Etymologiam
1236 3715 1255 3761 a
1287 3717 1321 3762 se
1353 3697 1467 3764 flotam

268 3823 415 3888 promens
446 3800 570 3867 addidit
594 3800 773 3866 subridens:
797 3801 905 3864 lusisse
922 3807 1061 3884 putemur
1082 3802 1111 3865 ai
1133 3801 1216 3865 siste
1235 3806 1275 3866 eit
1299 3802 1340 3890 ¹),
1366 3803 1467 3890 idque
1599 3865 1600 3869 ,

269 3909 417 3974 omnibus
450 3906 674 3972 huiuscemodi
708 3906 895 3973 veriverbiis
929 3907 1145 3972 aoeinendum.
1203 3907 1344 3974 Putasne
1382 3911 1467 3975 serio

306 4206 330 4267 1)
349 4205 401 4255 cre.
422 4206 489 4255 Tere.
510 4205 616 4270 Quem.
636 4207 687 4258 lll.
706 4211 766 4269 5¹8.
785 4220 958 4266 renuamus,
975 4212 1002 4257 at
1018 4209 1116 4272 opiner,
1133 4227 1150 4259 a
1166 4221 1264 4268 rauna,
1282 4225 1329 4275 qu
1343 4211 1410 4260 aidi!
1422 4227 1466 4260 aaa·

268 4287 315 4336 tiae
337 4302 351 4334 e
372 4289 452 4334 terra.-
474 4299 598 4346 usquam
621 4289 651 4337 ab
668 4305 696 4336 eo
714 4287 773 4355 (etei
790 4289 836 4336 erit
851 4289 895 4338 hoe
909 4291 1020 4353 sortasse
1035 4291 1133 4346 durias,
1152 4291 1198 4340 aed
1211 4295 1343 4346 tentemus,-
1362 4305 1467 4341 suarm

269 4381 403 4425 ruranua,
428 4381 450 4416 er
477 4380 552 4416 arura
576 4367 638 4435 arr.)
661 4370 691 4418 at
713 4386 754 4428 eo,
778 4371 842 4434 qaod
863 4384 1038 4433 sequanos-arr
1055 4377 1094 4422 ert
1108 4373 1134 4420 ia
1151 4373 1196 4421 tati
1211 4373 1310 4423 hmine.
1346 4373 1413 4444 Ergo
1430 4376 1468 4424 lu·

269 4451 326 4506 sisae
341 4463 407 4500 nune
425 4450 529 4499 iaeoaunr
546 4449 625 4500 virum
641 4449 786 4522 putabimus.
