3232 5176
847 329 890 398 96

270 537 407 606 pcnnesc
437 520 598 611 scripserit
623 543 699 611 pag.
723 517 801 590 334.
825 520 873 588 δεῖ
893 520 919 588 δ’
944 519 1007 586 νίτδ
1030 527 1086 596 τῆς
1110 517 1264 600 ἕλαχίςνς
1287 515 1468 599 speeiem,

271 623 506 705 ἒπιφανεςιίτής
529 624 573 693 δέ.

316 731 388 798 Non
416 738 483 799 erat
506 754 618 819 operae
648 738 789 822 pretium
813 733 985 800 iocularem
1008 732 1093 798 hunc
1117 733 1192 798 boni
1214 731 1362 798 monachi
1381 747 1468 795 arro-

270 858 338 904 rem
368 838 573 927 redarguere.
606 843 668 906 nisi
698 842 809 908 eadem
839 861 932 926 opera
954 860 1075 928 magna
1095 837 1183 904 labes
1203 839 1295 904 initio
1317 836 1393 902 libri
1415 833 1469 900 lx

270 944 462 1030 deprehendi
489 951 607 1030 posset.
655 946 769 1013 Strabo
793 967 873 1032 quae
895 945 977 1012 libro
999 943 1085 1010 VIII.
1108 964 1182 1032 pag.
1208 942 1274 1009 334
1295 945 1469 1028 scripserat

270 1050 309 1116 de
337 1057 463 1136 ραοίυον
494 1052 689 1137 paeninsulis
713 1052 824 1119 eadem
848 1053 881 1116 in
903 1050 986 1117 libro
1006 1050 1055 1116 IX
1076 1049 1245 1136 repetenda
1267 1069 1334 1116 essa
1356 1050 1467 1114 cajati-

268 1158 382 1221 mavit.
430 1157 477 1223 De
497 1163 596 1242 priene
619 1164 652 1225 et
674 1163 794 1222 αι’κήιω
817 1156 1012 1236 absolverai3
1037 1159 1269 1222 commemorat
1289 1155 1464 1232 ιοωυιᾱωιι,

269 1260 358 1326 addit
385 1267 518 1341 ιονιίαοι,
551 1263 589 1330 ds
624 1265 741 1349 quibus
772 1263 883 1329 eadem
912 1262 990 1328 dicii
1020 1283 1100 1347 quae
1122 1281 1218 1348 supra
1238 1264 1305 1327 iam
1327 1260 1464 1326 dixerat.

268 1366 390 1434 Deinde
420 1369 605 1455 necopinato
629 1371 747 1435 omues
774 1375 899 1454 quarta,
932 1388 1012 1455 quae
1035 1373 1102 1434 erat
1131 1370 1277 1440 emnium
1299 1369 1464 1444 maxima,

272 1471 418 1560 (τετιίρτιρ
453 1473 481 1539 δ’
512 1477 529 1550 ή
561 1473 625 1540 απὸ
657 1481 711 1541 τοῦ
745 1473 962 1555 Ἀμβρακικοῦ
992 1473 1107 1540 κίλπου
1134 1473 1185 1539 διδ
1208 1482 1263 1550 τῆς
1287 1471 1383 1546 Οίτκς
1408 1471 1464 1537 καὶ

269 1582 325 1651 τής
355 1579 532 1659 Τραχινίαις
564 1581 607 1652 είς
637 1580 689 1645 τδν
720 1581 889 1646 Μαλιακὸν
919 1579 1033 1646 κίλπον
1065 1581 1236 1654 καθήκοντα
1269 1577 1385 1659 ἔχουσα
1409 1577 1465 1642 τὸν

270 1683 375 1761 ίτίμδν
405 1686 457 1750 καί
488 1687 547 1758 πῶς
576 1687 782 1768 Θερμοπύλας
807 1686 929 1752 adiecta
947 1687 1133 1772 paeninsula
1155 1688 1250 1752 teriia
1271 1707 1345 1772 pag.
1370 1682 1464 1768 334.)

270 1789 409 1855 creditur
439 1793 616 1877 scripsisse:
649 1791 707 1862 ῶςε
737 1792 789 1858 τὸν
818 1799 1007 1872 Κρομμυῶνα
1036 1792 1208 1872 Μεγαρέων
1240 1775 1392 1856 εἶναικαὶ
1416 1793 1463 1868 μή

272 1894 435 1975 Κορινίίων.
481 1898 607 1978 Nonne,
637 1901 664 1964 si
687 1900 758 1985 quis
781 1899 841 1964 hcc
864 1900 950 1986 agii,
973 1897 1045 1964 luca
1068 1898 1183 1964 clarius
1206 1903 1254 1964 est
1275 1918 1378 1962 unum
1400 1898 1465 1961 mi-

270 2004 398 2067 nimum
428 2003 543 2070 folium
573 2006 787 2083 intercidisse,
816 2007 851 2070 in
883 2025 945 2089 quo
969 2005 1008 2072 de
1031 2012 1137 2090 quarta
1158 2001 1344 2090 paeninsula
1365 2005 1463 2088 scrip

270 2114 354 2174 serat
377 2113 410 2174 ai
432 2109 544 2177 deinde
567 2112 606 2178 de
628 2111 772 2200 Megaris
796 2115 829 2176 et
851 2131 928 2199 agre
950 2111 1134 2199 Megarensi
1157 2115 1302 2196 coeperat
1319 2129 1462 2192 narrare,

269 2236 332 2301 quo
358 2214 428 2282 loco
458 2215 570 2283 verba:
602 2213 658 2286 ῶςε
684 2216 735 2281 τὸν
759 2223 948 2296 Κρομμυῶνα
973 2216 1145 2298 Μεγαρέων
1165 2212 1242 2281 είναι
1265 2215 1331 2280 ιιτὲ.
1353 2217 1462 2280 rectis-

268 2322 350 2387 sime
380 2326 469 2387 erant
498 2324 615 2407 posita,
644 2343 724 2408 quae
752 2344 836 2388 nunc
859 2327 1027 2408 tamquam
1051 2323 1089 2388 dc
1113 2321 1199 2389 coelo
1223 2319 1352 2406 delapsa
1372 2322 1461 2386 inax-

267 2425 445 2492 iricabilem
469 2426 690 2494 difficultatem
713 2431 850 2512 pariunt.
898 2426 1065 2494 Perieruni
1087 2431 1122 2494 in
1144 2448 1182 2494 ea
1204 2427 1319 2494 lacuna
1340 2427 1459 2512 partim

268 2530 311 2596 sci
342 2529 527 2611 Μεγαρικοί,
558 2537 590 2598 at
619 2553 700 2619 quae
731 2554 814 2598 nunc
843 2541 1011 2618 supersunt
1034 2535 1071 2600 ad
1097 2535 1217 2598 tertiam
1239 2531 1458 2618 paeninsulam

267 2639 426 2722 pertinent
455 2638 511 2711 τήν
541 2639 613 2718 πρὸς
642 2646 681 2720 πή
713 2640 931 2718 Πελοποννήσῳ
961 2639 1013 2705 καί
1045 2649 1083 2722 πή
1115 2637 1271 2716 Μεγαρίδι
1294 2652 1460 2717 προολαμ·

268 2741 426 2820 βαίνουσαν
448 2745 505 2820 τήν
526 2743 673 2818 Ἀττικήν
696 2743 749 2809 καί
773 2745 828 2820 τήν
853 2745 997 2810 Βοιωτίαν
1022 2747 1073 2810 καί
1097 2751 1153 2821 τής
1172 2743 1302 2817 Φωκίδος
1321 2767 1352 2809 τι
1371 2743 1466 2824 μέρος-

271 2847 396 2913 καὶτῶν
420 2851 656 2929 Ἐπικνημιδίων
680 2856 814 2931 Λοκρῶν.

313 3058 383 3139 Quo
405 3060 521 3126 melius
542 3068 692 3148 appareat
713 3062 827 3129 lacuna
850 3065 883 3128 ei
905 3063 981 3147 quid
999 3065 1033 3128 in
1054 3082 1091 3128 aa
1109 3064 1239 3148 perierit
1257 3060 1460 3151 intelligatur

267 3166 427 3232 considera
450 3167 533 3232 mihi
554 3168 639 3234 hunc
670 3167 778 3235 locum
799 3171 833 3233 in
859 3167 941 3234 libro
964 3167 1029 3243 IX,
1053 3189 1128 3256 pag.
1155 3166 1239 3246 391,
1263 3169 1320 3233 ubi
1344 3166 1460 3233 Strabo

268 3272 392 3340 Atticae
414 3270 491 3338 fines
514 3274 714 3340 determinat.
762 3273 911 3338 Indicaiie
941 3273 1066 3340 duobus
1087 3273 1242 3340 lateribus
1263 3275 1310 3338 ita
1332 3276 1457 3360 pergit:

266 3377 302 3443 πδ
326 3378 357 3444 δὲ
389 3379 494 3445 λοιπδν
525 3378 580 3456 ήδή
607 3379 642 3444 τί
667 3376 866 3460 προτιίρκτιίν
888 3380 933 3446 ἔτι
957 3378 1102 3457 πλευρίν,
1128 3379 1190 3445 cirri
1213 3387 1269 3454 τῆς
1293 3379 1458 3459 Ὠρωπίας

267 3482 318 3548 ἐπὶ
350 3483 433 3550 διίπιν
465 3493 648 3565 παρατεῖνον
679 3485 772 3566 μέχρι
805 3493 859 3560 τής
891 3485 1067 3566 Μεγαρίδος
1092 3487 1109 3561 ή
1135 3486 1264 3559 Ἀττική
1289 3485 1381 3561 ίρεινίρ
1405 3508 1458 3549 πο·

265 3587 422 3669 λυῶνυμίς
455 3615 501 3662 τις
534 3591 707 3672 διείργουσα
736 3593 791 3664 τήν
823 3590 968 3656 Βοιωτίαν
999 3591 1061 3657 απὸ
1093 3597 1148 3664 τῆς
1181 3591 1347 3674 Ἀττικῆς,
1378 3588 1458 3668 ῶτί,

264 3692 389 3762 “ones
436 3706 568 3764 einos
599 3700 667 3763 'eu
699 3705 803 3763 T01c
838 3705 1055 3781 neocaes,
1089 3696 1194 3775 λιμὸν
1228 3696 1371 3773 γενέσια
1402 3697 1459 3770 τὴν

266 3801 409 3868 Βοιωτίαν
428 3802 674 3882 ιὶμΦιίιίλαττον
696 3798 788 3867 οὖσαν
804 3811 860 3876 τῆς
880 3811 1038 3868 TPITHC
1058 3803 1242 3882 χερσονήσου
1262 3810 1318 3876 τῆς
1337 3803 1460 3884 λεχθεί-

266 3931 321 3981 τής
355 3907 629 3987 ἀπολαμβάνοντα
672 3907 754 3980 ἐντὸς
791 3916 850 3974 ΤΛ
890 3910 962 3989 πρὸς
1005 3918 1043 3991 τῇ
1078 3907 1296 3988 Πελοποννήσῳ
1331 3909 1388 3985 τήν
1422 3934 1459 3974 τε

266 4013 436 4094 Μεγαρίδα
468 4015 522 4080 καί
554 4017 609 4090 τήν
639 4014 798 4090 Ἀττικήν.
823 4051 865 4063 -
889 4014 1012 4083 ταύτας
1036 4010 1086 4080 οὖν
1110 4013 1243 4093 διέξιμεν
1265 4014 1458 4100 saciamin-

265 4142 316 4191 πες
327 4166 564 4186 .............
575 4120 768 4205 π)αραλίας,
793 4120 854 4202 αφ’
879 4117 974 4201 ήτπερ
1001 4120 1206 4198 ἀπελίπομεν.

310 4224 407 4290 Μετὰ
432 4235 491 4291 ΔΗ
523 4233 714 4307 Κρομμυῶνα
744 4225 935 4307 ὑπέρκεινται
959 4235 1013 4302 τῆς
1037 4228 1183 4302 ’Λττιιιής
1207 4228 1241 4291 αἱ
1266 4228 1457 4308 Σκειρωνίδες

266 4327 376 4410 πέτραι
401 4331 466 4396 κτὲ.
515 4332 584 4413 Quo
607 4337 725 4400 rectius
747 4333 807 4398 hoc
830 4334 899 4400 loco
923 4337 1055 4400 uiamur
1077 4336 1165 4418 prius
1188 4334 1393 4400 eximendum
1410 4343 1459 4402 est

263 4438 437 4524 scripturae
469 4439 590 4504 vitium
625 4444 658 4506 et
681 4437 857 4524 supplenda
877 4437 1001 4505 lacuna.
1049 4439 1241 4506 Manifestus
1263 4440 1349 4504 enim
1373 4461 1459 4508 error
