3208 5158
725 419 791 490 24³

160 633 240 699 quae
274 611 331 678 alii
362 611 400 677 dc
423 611 603 694 ρανοκίίύνι
634 609 719 676 dicta
751 611 963 695 accipiebant,
998 612 1037 679 de
1060 614 1164 699 procia
1192 611 1266 697 alii,
1299 607 1354 678 secl

163 717 310 801 ἕπεοίαο,
340 715 375 781 id
406 721 454 783 est
485 718 676 794 ύκολουίείν,
707 715 798 782 nullo
823 717 887 785 alic
910 739 1004 785 sensu
1027 722 1127 807 accipi
1150 723 1268 808 potest,
1293 720 1356 785 nisi

159 831 198 891 ut
228 824 271 890 rot
306 821 393 888 ἔεδνα
424 842 540 889 novam
562 829 697 909 nuptam
720 830 882 908 οορνααίνν
905 831 938 890 et
959 827 993 890 in
1015 829 1124 892 mariti
1147 826 1278 892 domum
1303 824 1356 890 de·

162 930 314 997 ferantur.
360 927 480 993 Eadem
512 934 560 994 est
593 931 776 994 etiamnunc
808 929 952 1017 vulgaris
985 933 1092 1018 opinio
1122 929 1193 997 ἕδνα
1223 931 1262 996 de
1288 930 1354 994 οίοίε

162 1055 287 1121 quoque
317 1033 402 1121 apud
421 1032 602 1100 Homerum
627 1032 692 1098 dici
715 1032 830 1099 solere:
855 1033 910 1100 sed
934 1038 1129 1122 quicumque
1151 1036 1353 1102 testimonia,

161 1161 242 1227 quac
254 1160 351 1226 supra
361 1141 478 1224 scripta
490 1145 580 1217 sunt,
594 1137 766 1226 diligenter
777 1139 1022 1207 consideraverit
1034 1141 1123 1208 dabit
1132 1142 1231 1220 mihi,
1244 1140 1353 1223 credo,

162 1246 204 1313 τδι
236 1243 308 1311 ἕδνα
334 1264 397 1311 nou
419 1253 490 1318 ταῖς
515 1241 690 1326 παρύύνοις,
715 1252 787 1315 ταῖς
810 1244 1046 1326 ναμονμέναις,
1070 1255 1141 1322 ταῖς
1164 1243 1354 1327 μνηςευομί-

162 1376 228 1426 ναις
262 1352 343 1418 dono
377 1349 463 1429 dari,
498 1350 554 1417 sed
584 1357 647 1423 τοῖς
678 1356 737 1415 τῶν
768 1349 997 1429 μνηεευομύνιον
1028 1353 1182 1432 παρύίναν
1213 1350 1351 1431 πατροίσι

163 1464 195 1526 et
225 1461 331 1545 patres
352 1477 426 1522 suas
447 1455 531 1522 filias
552 1456 603 1522 illi
625 1455 749 1522 madere
772 1451 835 1530 ίςις
859 1456 1044 1538 περιβύλλοι
1067 1456 1216 1531 ἅπαντας
1239 1465 1354 1537 μνηπῦ·

163 1587 217 1644 ρας
240 1562 369 1643 δώροισιν
376 1609 385 1640 ,
409 1562 444 1628 id
466 1561 586 1627 catilli
609 1567 662 1648 qui
684 1562 813 1626 dediscat
829 1563 1014 1648 plurimum:
1040 1565 1149 1649 itaque
1172 1584 1236 1630 uno
1257 1564 1354 1632 verbo

162 1676 268 1758 patres
291 1690 363 1736 suas
386 1666 468 1734 filias
491 1685 638 1734 σύνολον
661 1675 725 1740 τοῖς
750 1667 858 1740 ettam
883 1673 917 1734 st
938 1690 1048 1755 procos
1072 1673 1131 1735 τῶν
1152 1668 1240 1736 ἕδνον
1264 1672 1354 1751 ὑπερ-

163 1777 244 1858 βολῇ
268 1774 410 1863 puellam
432 1795 450 1839 a
472 1779 561 1860 patre
585 1794 643 1840 suo
666 1791 784 1840 maa.
829 1773 867 1839 In
890 1775 964 1841 aula
986 1775 1245 1844 Ptolemaeorum
1272 1779 1356 1842 inter

164 1886 354 1968 purpuratos
377 1879 416 1947 dc
438 1879 496 1945 illo
517 1899 606 1945 mare
629 1881 848 1965 antiquitatis.
873 1883 929 1965 qui
949 1881 1028 1946 olim
1047 1881 1208 1968 plurimus
1225 1885 1261 1949 in
1279 1883 1357 1949 Asia

166 1994 198 2054 et
220 1985 298 2054 alibi
320 1984 399 2052 locis
422 1991 590 2051 consuetus
614 1986 736 2064 fuerat,
762 1986 924 2073 cogitabat
943 2007 1045 2052 nemo.
1084 1987 1221 2074 Sponsae
1240 1988 1357 2054 mittere

165 2115 287 2157 πανοπα
317 2096 349 2156 at
379 2092 532 2175 οροποαίία
565 2092 644 2156 dora
662 2091 740 2176 quid
764 2095 846 2156 essct
866 2091 963 2178 probs
985 2098 1156 2169 noverant,
1179 2093 1234 2159 sed
1254 2091 1355 2158 liliam

166 2199 318 2265 armentis
342 2201 375 2262 et
396 2198 550 2284 gregibus
572 2197 779 2280 (νομίσματος
802 2195 887 2261 ούπιο
911 2196 1084 2279 εὑρημένον)
1108 2219 1127 2263 a
1148 2204 1238 2284 patre
1266 2219 1358 2263 emere

166 2302 244 2391 quid
273 2307 356 2369 esset
384 2323 562 2387 numquam
588 2302 785 2369 audiverant.
833 2301 894 2368 Sed
916 2301 1105 2369 Aristotcles
1127 2304 1161 2369 id
1184 2303 1281 2390 probe
1304 2323 1358 2368 no·

166 2415 273 2493 verat,
297 2410 353 2494 qui
376 2409 488 2475 scribit
512 2411 547 2472 in
569 2407 668 2474 Ροίίί.
693 2407 735 2474 11.
757 2429 822 2494 cap.
846 2407 875 2474 5.
897 2407 967 2482 τούς
987 2408 1138 2490 ἄρχαίους
1158 2408 1265 2486 νίμους
1286 2407 1358 2473 λίαν

167 2517 286 2586 οίπλοῦς
317 2509 394 2579 εἶναι
425 2513 478 2578 καί
510 2513 739 2595 βαρβαρικούς·
774 2513 1035 2596 ἐσιδηροφοροῦντο
1064 2516 1127 2596 γὰρ
1159 2516 1184 2580 οί
1204 2515 1358 2589 Ἕλληνες

168 2621 220 2686 καί
243 2621 302 2693 τὰς
327 2628 480 2698 γυναῖκας
505 2625 767 2686 ἘΩΝΟΤΝΤΟ
793 2622 868 2699 παρ’
891 2621 1049 2696 ύλλνίλοον.
1099 2619 1152 2687 sie
1175 2622 1279 2709 igitur
1297 2621 1358 2686 ior·

167 2747 274 2794 mosae
304 2725 431 2813 puellae
459 2745 521 2790 non
553 2726 614 2790 sibi
646 2731 735 2791 erant
765 2725 990 2808 οίλφεσίβοιαι,
1022 2727 1077 2792 sed
1107 2726 1253 2813 patribus
1280 2729 1356 2792 suis.

168 2832 254 2900 Audi
275 2837 401 2919 potitam
426 2830 539 2918 Odyss.
565 2843 605 2898 A.
631 2829 709 2898 287.

303 2945 381 3002 τοῖσι
403 2935 431 3003 δ’
456 2936 508 3002 ἐπ’
533 2938 663 3018 ίφύίμην
688 2938 775 3017 Πηρὼ
799 2935 871 3002 τίκε
895 2936 1004 3014 ύαῦμα
1026 2936 1179 3017 βροτοῖσι,

303 3044 359 3117 την
381 3042 497 3116 πάντες
522 3043 654 3120 μνώοντο
677 3041 869 3122 περικτίται·
894 3041 961 3108 otti
984 3066 1014 3108 τι
1039 3043 1162 3118 Νηλεύς

303 3148 347 3229 τῷ
371 3145 465 3215 ίδιδου
489 3145 521 3222 te
544 3150 589 3227 μίν
613 3145 720 3221 ἕλικας
744 3147 819 3226 βοῦς
844 3147 1072 3229 εὐρυμετώπους

305 3255 339 3318 ἐκ
363 3262 508 3330 Φυλακιῑς
532 3253 656 3319 ίλοίσειε
679 3254 752 3333 βίης
777 3253 980 3331 Ἰφικληείης.

170 3363 290 3448 optime
312 3359 486 3426 Pausanias
509 3359 548 3426 de
572 3380 609 3425 aa
631 3379 665 3424 re
687 3361 732 3424 sic
758 3358 870 3428 scribit
891 3355 946 3422 lv.
970 3355 1023 3423 36.
1044 3356 1076 3423 ίδ.
1099 3357 1222 3430 ταύτας
1240 3359 1303 3437 γὰρ
1323 3357 1359 3432 δίο

170 3469 229 3539 τοὶς
260 3466 337 3546 βοῦς
370 3467 494 3540 Νηλεὺς
523 3465 658 3530 ἘΔΝΑ
692 3465 743 3530 ἐπί
776 3473 814 3543 τῇ
839 3463 967 3542 occaect
994 3464 1059 3546 ᾔτει
1084 3463 1154 3534 τοὺς
1177 3463 1359 3543 μνωμένους.

171 3569 273 3654 Quidl
301 3577 433 3657 putesne
455 3571 593 3637 Neleum
615 3571 751 3636 eximias
772 3590 811 3634 ex
834 3567 1000 3634 Thessalia
1020 3568 1118 3635 boves
1140 3568 1256 3654 Iphicli
1277 3565 1362 3635 filiae

172 3699 246 3744 suae
269 3685 375 3763 petere
398 3697 439 3743 an
461 3677 578 3741 sibimet
600 3676 682 3760 ι’ρείί
705 3675 843 3742 Minima
867 3674 1038 3740 obscurum
1062 3675 1121 3740 boc
1144 3672 1276 3759 quidem
1294 3678 1361 3752 est,

171 3790 204 3850 et
225 3783 399 3850 Pausanias
422 3783 539 3849 diserte
561 3783 579 3866 ἓ
603 3781 634 3847 3.
659 3779 783 3856 Νηλεύς
804 3780 947 3859 γενέσθαι
966 3781 992 3846 οί
1011 3780 1088 3859 βοῦς
1109 3779 1281 3857 ἐπεθύμησε
1302 3779 1362 3854 τὰς

171 3890 331 3971 Ἰφίκλου,
356 3891 452 3954 etsie
472 3887 688 3975 pulcherrima
705 3886 886 3973 puellarum
907 3885 987 3952 Pero
1007 3887 1090 3971 patri
1109 3903 1183 3963 suo,
1203 3885 1359 3962 nonsibi,

172 3996 235 4062 fuit
257 3995 463 4076 ύλφεσίβοια.
509 3993 599 4061 Haec
621 3994 685 4060 sibi
707 3997 799 4079 pater
818 3989 890 4057 ἕδνα
915 3991 965 4056 ἐπί
989 4000 1027 4073 τῦ
1052 3990 1181 4071 ίυγατρί
1206 3991 1305 4064 circi,
1330 3995 1363 4056 st

171 4122 235 4168 uno
262 4101 359 4169 verbo
390 4100 600 4167 ίεδνοῦται
631 4101 686 4176 την
718 4097 891 4178 ύννατίρκ,
923 4096 957 4163 id
988 4101 1035 4164 est
1065 4095 1116 4161 ίπί
1147 4094 1263 4170 τούτοις
1297 4102 1361 4168 τοῖς

173 4205 264 4280 ἕδνοις
307 4208 361 4282 την
398 4203 554 4286 ύννατίρα
589 4208 631 4286 τῷ
667 4211 796 4284 μνηςῆρι
831 4204 959 4270 δίδωσιν.
1017 4201 1103 4268 Hinc
1135 4205 1228 4268 uxori
1259 4203 1362 4268 iratus

171 4314 329 4394 Ἥφαιεος
351 4310 466 4400 Odyss.
492 4321 531 4378 0.
557 4309 623 4377 317
647 4314 694 4377 ita
717 4311 811 4376 dicit:

490 4417 579 4484 οίλλοί
603 4424 690 4500 σφιοε
714 4415 799 4489 δύλος
823 4415 876 4480 καί
900 4415 1014 4490 δεσμὸς
1039 4411 1151 4492 ίρύξει,

311 4524 410 4591 είσύκε
434 4547 486 4602 μοι
509 4523 603 4603 μύλα
627 4521 735 4598 ποίησα
759 4525 862 4602 πατὴρ
886 4520 1036 4602 ἀποδῷσιν
1060 4518 1165 4600 ἔεδνα,
