3410 5180
743 369 807 440 517

179 584 299 648 cumque
321 562 473 627 incedebat
496 563 614 630 dicitur
636 563 732 629 homo
756 565 959 649 importunus
982 566 1029 630 aa
1052 566 1086 630 ιἰι
1100 563 1245 651 papatem
1268 567 1368 632 ccatcc

179 667 277 732 mettis
295 691 356 732 cccc
374 691 453 733 ιιιυι.
490 668 709 757 intelligerem
730 673 849 755 optime
868 671 976 736 locum
996 675 1042 739 sic
1062 676 1232 760 scriptum:
1253 675 1368 739 τοιαῦθ’

181 773 308 856 ὑβρίζων
340 775 537 857 περιέρχεται
567 775 618 840 καί
651 777 705 850 την
736 775 799 841 cirri
829 785 884 851 τῆς
916 782 1024 858 ψυχῆς
1049 780 1172 861 πικρίαν
1196 781 1247 847 καί
1274 778 1366 845 κακθ-

180 903 277 958 νοιαν,
310 879 344 954 ἣν
376 881 462 946 κατθι
492 887 550 947 τῶν
583 887 704 974 πολλῶν
737 884 819 961 ὑμῶν
850 880 931 966 ἔχων
962 884 1132 972 (διατελεῖ)
1161 889 1270 969 οῖφανῆ
1295 890 1368 967 παρ’

168 986 297 1070 “ἑαυτῷ,
328 988 468 1069 φανερὰν
500 989 551 1052 ε’πί
574 992 627 1053 τοῦ
651 992 754 1070 καιροῦ
779 991 922 1062 καθιςοίι.
972 991 1250 1074 Quemadmodum
1281 996 1368 1058 enim

179 1092 205 1156 οἱ
235 1091 401 1174 φιλόδημον
431 1094 580 1159 dicuntur
612 1095 726 1160 εθνοιαν
758 1092 882 1177 ἔχοντες
909 1097 1061 1165 διατελεῖν
1085 1101 1127 1181 τῷ
1152 1099 1257 1182 δήμῳ,
1283 1099 1366 1168 siet

179 1197 346 1277 μισόδημος
369 1195 454 1272 οὗτος
478 1202 653 1266 rectissime
677 1200 795 1266 dieitur
818 1201 977 1268 κακθνοιαν
1000 1205 1086 1270 ιιατδι
1110 1211 1162 1270 τοῦ
1187 1205 1284 1285 δήμου
1305 1205 1368 1270 δια-

180 1313 282 1371 τελεῖν
315 1303 405 1388 ἕχυν.
464 1305 573 1371 Etiam
604 1306 683 1371 dicti
713 1310 869 1374 sententia
904 1307 1059 1376 διατελεῖν
1091 1311 1251 1397 postulat:
1283 1332 1370 1396 ρνονι

180 1413 257 1476 ccicc
289 1429 416 1479 suerrus
437 1413 471 1476 ιἰι
493 1414 591 1478 caasa
615 1415 757 1478 occultam
777 1416 898 1496 ροιοθοθ
919 1417 1059 1482 adversm
1073 1419 1219 1501 ρορυίυιιο
1241 1417 1368 1480 mcteao·

179 1519 320 1598 lecticas,
344 1541 407 1583 eam
429 1535 513 1585 Nurro
528 1521 634 1602 ροθυιιυ
657 1521 808 1585 ostendere
831 1524 987 1608 arguitur.

223 1729 303 1817 Peg.
337 1728 414 1796 580.
449 1729 501 1796 12.
535 1728 586 1794 καί
618 1730 814 1808 βοηθήσουσιν
846 1734 870 1797 ct
901 1733 1046 1811 λέγοντες
1081 1736 1153 1815 ὑπὲρ
1185 1737 1281 1800 αὐτοῦ
1309 1736 1369 1816 οὐχ

178 1833 254 1902 οὕτω
285 1838 380 1918 τούτῳ
410 1837 601 1918 χαρίσασθαι
627 1837 675 1914 μα
698 1839 768 1911 τοὺς
792 1839 874 1912 θεοὺς
897 1839 1099 1924 βουλόμενοι,
1124 1843 1163 1912 ὥς
1189 1839 1367 1923 ἐπηρεάζειν

180 1941 244 2021 ἐμοί
270 1940 321 2006 διὰ
345 1945 399 2018 την
424 1942 504 2008 ίδίαν
528 1940 658 2024 ἔχθραν,
685 1934 718 2016 ἣν
745 1953 890 2010 OTTOC
913 1945 996 2027 αὑτῷ
1021 1945 1093 2024 πρὸς
1118 1947 1172 2023 ἐμὲ
1194 1946 1232 2012 ἄν
1252 1951 1281 2012 τ’
1307 1947 1368 2024 ἐγὼ

178 2051 228 2132 φῶ
260 2046 298 2112 ἄν
324 2073 360 2114 τε
383 2050 428 2127 μὴ
452 2047 530 2135 [φῶ]
558 2049 653 2131 φησίν
678 2044 753 2115 εἶναι
777 2050 829 2115 καί
853 2048 1001 2131 βιάζεται
1026 2053 1079 2116 οὐκ
1102 2052 1200 2132 ὀρθῶς.
1248 2052 1367 2117 Misere

179 2159 346 2239 corruptus
378 2155 431 2220 hic
461 2153 548 2220 locus
578 2160 626 2220 est
655 2175 756 2240 neque
785 2153 853 2221 ulla
883 2158 1071 2222 emendandi
1106 2179 1176 2242 spes
1207 2177 1368 2243 superesse

178 2260 315 2326 videtur.
363 2259 500 2326 Omnino
531 2260 652 2339 multa,
685 2267 723 2325 ut
753 2261 831 2327 olim
862 2262 1007 2328 homines
1029 2262 1115 2328 docti
1137 2263 1368 2330 animadverte-

181 2371 274 2444 runt,
309 2367 342 2429 in
374 2367 519 2431 Midicca
550 2365 635 2433 male
665 2367 807 2432 mulcato
837 2372 869 2433 et
895 2369 1024 2434 confusa
1048 2373 1080 2434 et
1103 2367 1225 2434 lacunis
1247 2369 1370 2434 hiantia

180 2471 351 2538 lectoribus
373 2475 503 2560 negotia
525 2471 691 2539 iacessunt.
740 2473 860 2553 Locus,
884 2495 947 2559 quo
969 2474 1008 2539 de
1032 2477 1177 2563 agimus,
1201 2474 1369 2542 lacunosus

181 2583 228 2644 est
252 2584 284 2643 et
307 2579 472 2664 complura
494 2578 695 2665 exciderunt,
719 2599 856 2664 quorum
876 2581 1067 2645 sententiam
1090 2581 1221 2646 obscure
1244 2603 1369 2648 cernere

180 2683 295 2770 aliquis
325 2685 455 2750 fortasse
477 2687 595 2770 possit,
620 2686 787 2751 restituere
811 2690 843 2751 et
866 2685 991 2771 explere
1014 2707 1076 2752 non
1100 2689 1207 2772 possit.
1256 2685 1369 2773 Coepit

177 2789 406 2856 Demosthenes
436 2791 539 2856 dicere
570 2791 608 2857 de
641 2793 817 2858 oratoribus
849 2795 904 2877 qui
930 2813 982 2858 reo
1008 2812 1100 2878 opem
1124 2797 1228 2859 essent
1250 2793 1366 2873 laturi,

179 2895 217 2961 de
241 2897 356 2981 quibus
379 2896 487 2981 paullo
511 2903 584 2963 ante
611 2897 734 2964 dixerat
757 2919 831 2985 pag.
847 2895 923 2963 576.
938 2895 990 2963 12.
1015 2897 1111 2972 οὐδείς
1135 2901 1196 2967 ε’ςιν
1220 2895 1282 2971 irre
1302 2901 1368 2979 ε’μοί

177 3007 236 3066 τῶν
266 3004 421 3081 λεγόντων
452 3004 708 3084 συναγωνίζεται,
728 3041 769 3052 -
789 3004 878 3070 ἄλλα
909 3003 1007 3083 τοθτιρ
1037 3004 1160 3078 σιίντας
1193 3006 1308 3070 αὐτίκα
1332 3006 1367 3082 δίη

177 3105 271 3186 μοίλα
294 3107 583 3190 συνεξεταζομένους
607 3109 676 3182 τοὺς
701 3109 826 3191 ῥήτορας
853 3107 959 3190 ὄψεσθ’
984 3107 1107 3190 ἐφεξῆς.

221 3213 313 3279 Dixit
343 3216 462 3302 igitur:
487 3215 684 3290 βοηθήσουσιν
708 3217 733 3279 οἱ
757 3215 904 3292 λέγοντες
929 3215 1025 3290 ***‚
1051 3214 1162 3281 deinde
1186 3218 1299 3303 ingens
1321 3216 1365 3283 la·

177 3340 257 3385 cuna
288 3321 444 3386 absorbsit
473 3320 628 3406 quidquid
659 3321 697 3386 ds
728 3319 860 3406 reliquis
893 3321 1041 3386 omnibus
1073 3327 1140 3386 erat
1171 3320 1310 3405 dictum,
1335 3329 1366 3387 ct

177 3445 257 3510 quae
292 3428 326 3490 in
360 3426 450 3492 libris
483 3430 599 3491 nostris
634 3432 809 3513 sequuntur
844 3428 952 3491 omnia
985 3429 1019 3490 in
1053 3447 1155 3491 unum
1190 3431 1363 3506 oratorem,

175 3531 358 3609 Eubulum,
392 3535 509 3618 scripta
541 3537 614 3597 sunt
646 3536 690 3598 sio
722 3532 786 3598 iere
818 3532 1019 3619 corrigenda:
1049 3534 1186 3617 (praeter
1208 3533 1292 3596 hosce
1309 3555 1367 3616 pro

177 3637 279 3702 Mida
309 3638 508 3703 dictumest
532 3639 681 3725 Eubulus)
707 3640 766 3720 οὐχ
790 3635 865 3703 οὕτω
889 3637 984 3718 τούτῳ
1010 3637 1200 3719 χαρίσασθαι
1224 3639 1272 3716 μα
1296 3637 1367 3710 τοὺς

176 3743 258 3816 θεοὺς
289 3743 502 3822 βουλίμενΟΟ
533 3748 571 3817 ὡς
603 3741 777 3827 ἐπηρεάζειν
811 3743 876 3822 ἐμοὶ
910 3743 961 3809 δια
993 3744 1047 3818 την
1074 3744 1153 3810 ι’δίαν
1178 3742 1308 3825 ἔχθραν,
1334 3733 1367 3816 ἣν

176 3845 272 3935 (οὗτοι
301 3849 377 3930 del.)
402 3850 484 3932 αὐτῷ
510 3851 581 3931 πρδρ
604 3851 661 3930 ε’μὲ
681 3889 722 3898 -
741 3849 835 3932 φησίν
860 3845 945 3914 εἶναι.
994 3849 1165 3915 Manifesto
1188 3855 1259 3936 post
1281 3849 1367 3915 loeu-
1481 3837 1483 3842 ’

175 3977 251 4022 nam
279 3960 384 4022 nescio
415 3958 487 4041 quis
518 3957 556 4022 de
587 3978 644 4022 suo
676 3952 762 4030 οὗτος
786 3958 931 4021 inseruit.
978 3955 1026 4020 De
1050 3976 1113 4021 uno
1136 3961 1221 4022 certo
1245 3960 1366 4021 oratore

175 4062 253 4128 haec
280 4062 344 4127 dici
372 4065 405 4126 et
434 4082 507 4126 sum
540 4083 607 4127 esse
630 4060 795 4127 suenum
817 4083 856 4127 ex
876 4063 917 4126 iis
941 4081 1020 4146 quae
1044 4066 1219 4146 sequuntur
1242 4066 1364 4126 certum

175 4173 233 4234 est.
257 4167 400 4233 Laconas
422 4169 487 4233 iam
508 4169 542 4232 in
563 4169 795 4254 antiquissimis
814 4164 1002 4243 (indicibus,
1024 4167 1138 4251 quibus
1161 4165 1367 4232 Alexandrini

177 4269 290 4339 Critici
320 4275 508 4352 utebantur,
540 4275 638 4340 fuisse
660 4277 738 4340 satis
762 4277 895 4339 constat.
941 4270 1103 4337 Vocabant
1127 4270 1366 4351 διαλείμματα,

176 4385 208 4444 et
229 4380 426 4457 πληρώματα
443 4385 518 4446 sunt
538 4379 731 4448 criticorum
751 4379 960 4463 ιυρηιίοιυαιίο.
982 4377 1015 4442 cf
1029 4375 1134 4443 Schol.
1152 4377 1191 4442 ad
1207 4378 1368 4468 Aristoph.

175 4487 231 4552 Aa.
258 4481 358 4554 1342.
