3358 5200
885 399 929 468 26

314 593 449 672 auxilio,
475 613 626 677 quaeres
649 595 689 656 iis
712 591 812 657 simul
835 590 1040 656 commodum
1060 579 1382 664 demolumentum,
1404 585 1505 652 simul

314 700 547 784 turpitudinem
570 704 602 763 et
623 698 756 762 dedecus
774 697 944 762 attulerat:
966 701 1148 779 receperent
1165 694 1347 771 Boeotiam,
1370 695 1424 760 scd
1444 713 1505 779 ope

315 805 425 870 aliene.
475 804 584 890 Itaque
609 803 838 868 Demosthenes
862 804 922 867 hoc
947 802 1046 866 dixit:
1072 803 1117 863 ite
1139 802 1269 864 domines
1292 802 1378 882 οοοίρο
1402 801 1504 863 eristi-

314 917 413 987 ment,
444 913 512 974 sive
543 911 615 972 hacc
645 909 793 972 domicum
815 909 909 993 foma
936 915 994 984 est,
1021 908 1081 970 eici
1103 907 1264 990 Philippus
1287 907 1320 969 οόν
1347 907 1505 969 Graeciam

307 1023 492 1102 penetrasset
531 1014 679 1078 Thebanos
713 1037 812 1078 eorem
845 1035 920 1099 quoe
955 1037 1034 1076 οινοοο
1067 1013 1206 1076 deberent
1242 1012 1322 1074 nita
1351 1012 1506 1075 dedituros

306 1123 429 1208 feisse,
460 1121 555 1204 idque
587 1117 706 1185 Graece
728 1127 835 1184 sonet:
859 1121 941 1193 οὐδὲν
966 1118 1004 1184 ἂν
1028 1120 1161 1182 δοκοῦσιν
1185 1119 1287 1198 ἔχειν,
1311 1121 1396 1182 sive:
1421 1118 1506 1181 οὐδὲν

315 1229 354 1292 ἂν
377 1229 482 1298 αὐτοῖς
507 1228 601 1291 boxel
626 1222 713 1290 εἷνοοο.
752 1225 1029 1305 Quemadmodum
1052 1224 1130 1289 alibi
1151 1226 1288 1300 ἦγοῦμοοο
1308 1225 1343 1287 in
1365 1223 1505 1298 ἡγούμην

315 1335 525 1418 deprevatum
548 1332 712 1409 videmus,
737 1317 782 1396 sio
805 1331 835 1395 h.
862 1331 884 1395 l.
908 1332 990 1396 δοκεῖ
1012 1333 1045 1394 in
1070 1329 1182 1406 ἐδόκεε,
1208 1331 1370 1414 quoderat
1387 1329 1506 1391 σεοοοοο-

316 1440 471 1504 streedem
494 1442 532 1502 ut
553 1437 727 1521 loquuntur
750 1437 981 1501 metiternctici.

361 1543 463 1609 Affine
485 1563 586 1630 genus
608 1544 682 1606 vitii
705 1544 897 1626 conspicitur
919 1561 991 1628 pag.
1020 1539 1094 1604 142.
1123 1539 1175 1605 10.
1200 1541 1256 1605 ubi
1280 1540 1402 1604 editur:
1430 1539 1504 1608 τοὺς

316 1651 372 1724 μὲν
397 1649 494 1711 τοίνυν
517 1645 656 1726 εὐπόρους
681 1648 781 1726 ταύτῃ
805 1648 978 1728 χρωμένους
1002 1656 1039 1724 τῇ
1065 1648 1172 1724 γνώμῃ
1195 1647 1228 1708 οὖ
1253 1643 1341 1721 μόνον
1366 1646 1505 1722 ἡγοῦμαι

318 1756 360 1818 τοὶ
385 1753 490 1817 δίκαιον
514 1762 609 1816 ποιεῖν
632 1753 720 1816 istic
744 1753 796 1816 sci
816 1753 858 1815 rei
878 1757 1042 1824 turicensi,
1065 1759 1097 1815 et
1116 1753 1214 1814 sicin
1234 1749 1504 1833 soloSsoriptum

318 1869 383 1936 est,
419 1863 453 1922 in
489 1860 621 1923 coeteris
654 1859 802 1922 omnibns
834 1867 929 1921 ποιεῖν
963 1857 1012 1920 ἄν.
1061 1854 1143 1920 Utra
1173 1855 1268 1921 lectio
1298 1857 1402 1921 verior
1432 1849 1505 1918 esti

319 1964 418 2032 Nullo
447 1963 542 2028 modo
567 1962 604 2027 ab
628 1963 735 2028 abesse
758 1967 880 2048 potnit:
905 1966 981 2028 setis
1005 1965 1091 2027 enim
1115 1962 1323 2026 manifestum
1347 1964 1395 2024 est
1417 1957 1506 2022 iocu-

320 2070 419 2156 pletcs
441 2090 502 2134 non
524 2068 648 2134 laudari
671 2070 753 2152 quod
777 2072 824 2132 ita
847 2069 1000 2145 fecerent,
1021 2068 1076 2134 sed
1095 2073 1132 2131 ut
1150 2067 1184 2132 id
1205 2067 1342 2132 fecerent
1353 2065 1507 2151 prudenti

319 2174 450 2240 oonsilio
475 2175 644 2239 admoneri.
694 2174 726 2236 Si
748 2174 792 2236 cic
806 2175 952 2258 facient,
976 2175 1099 2258 inquit,
1124 2194 1183 2236 νον
1207 2179 1321 2236 teritum
1343 2171 1422 2256 quod
1442 2171 1508 2234 ice-

317 2288 379 2344 tum
400 2280 441 2342 sit
460 2281 513 2343 ced
535 2279 623 2342 etiem
646 2280 726 2362 quod
747 2303 763 2341 e
785 2302 818 2342 rc
841 2303 897 2343 cca
918 2279 959 2344 et
981 2294 1144 2344 onerosos
1166 2279 1313 2353 arbitror,
1334 2275 1388 2340 scd
1410 2279 1507 2351 ἡγοῦ-

317 2409 375 2463 μοο
412 2385 455 2448 σοὶ
487 2383 593 2447 δίκαιον
617 2391 712 2446 ποιεῖν
737 2382 774 2447 ἄν
798 2405 861 2450 non
885 2390 932 2449 est
955 2385 1064 2449 Attice
1086 2385 1282 2467 compositio.
1329 2380 1506 2446 Dicebant:

320 2493 455 2566 ἡγοῦμαι
479 2488 522 2552 τὰ
546 2487 640 2551 δίκαι’
661 2483 735 2552 ”AN
761 2499 863 2554 ποιεῖν.
912 2490 1030 2555 Tenuis
1048 2488 1165 2554 lineola
1181 2490 1216 2551 in
1236 2475 1509 2554 nrusrddiscri-

318 2615 392 2660 men
417 2595 502 2659 fecit.

364 2698 426 2778 Qui
457 2698 678 2764 huiuscemodi
701 2699 785 2764 locos
809 2699 908 2766 semel
931 2701 1145 2766 observaverit
1169 2702 1292 2784 passim
1316 2703 1350 2764 in
1374 2698 1509 2766 Graccis

318 2803 416 2870 Oodd.
449 2803 528 2868 elios
559 2809 739 2890 reperturus
769 2815 817 2871 est
844 2809 964 2893 partim
994 2802 1163 2870 eOriticis
1186 2811 1360 2882 correctos,
1384 2807 1507 2890 partim

316 2911 419 2976 adhuc
455 2909 683 2975 inemendatos.
731 2909 819 2975 Idem
855 2913 937 2976 hene
977 2930 1105 2975 omnem
1135 2908 1281 2974 lectionis
1311 2915 1506 2975 vadctctem

316 3018 412 3091 δοκοῖ,
438 3015 552 3091 δοκοίη,
578 3014 648 3095 δοκῇ
667 3020 705 3080 et
728 3019 800 3080 sim.
826 3019 934 3081 omnic
953 3036 1015 3079 non
1034 3035 1101 3080 esse
1122 3017 1215 3080 unius
1237 3017 1315 3079 ossis
1331 3013 1504 3100 intelliget

316 3122 388 3188 Non
418 3121 588 3185 mirabitur
619 3123 722 3208 igitur
750 3143 824 3209 pag.
857 3119 933 3186 642.
967 3121 998 3184 2.
1031 3119 1146 3192 educes
1181 3119 1375 3199 οὶσθενέςερον
1407 3118 1444 3183 ἂν
1468 3121 1507 3184 τὸ

314 3229 429 3294 δίκαιον
452 3227 546 3305 εὑρεῖν
566 3228 742 3303 irritent,
763 3229 796 3290 in
813 3247 877 3292 nno
899 3224 1014 3291 Codice
1034 3227 1162 3301 ἡγοῦντο
1184 3247 1346 3311 apparere,
1370 3224 1509 3309 etquid-

318 3333 395 3420 quid
418 3338 466 3398 est
489 3331 673 3398 huiusmodi
696 3352 752 3417 pro
775 3330 876 3396 nihilo
901 3332 1005 3396 ducet.
1321 3325 1327 3334 “

363 3545 444 3625 Quia
467 3546 634 3623 χρῆοθοιο,·
647 3541 845 3625 χρήσοισθοοο,
870 3546 1043 3625 χρήσασθε,
1069 3545 1238 3625 χρήσεσθε,
1260 3545 1415 3624 χρήσνσθε
1436 3565 1509 3630 per·

318 3657 414 3738 petuo
438 3653 521 3716 inter
543 3672 576 3716 se
599 3651 835 3716 confunduntur
858 3653 975 3737 corrigi
998 3649 1091 3715 facilc
1114 3652 1232 3735 poterit
1249 3649 1337 3715 locus
1356 3670 1429 3737 pag.
1449 3645 1506 3728 37,

320 3755 373 3822 19.
402 3756 457 3821 ἐὰν
480 3752 530 3820 οὖν
553 3757 641 3821 deici
666 3761 715 3819 νῦν
743 3793 784 3804 -
810 3757 972 3829 ἐθελήσητε
996 3753 1199 3835 secretioria!
1221 3778 1255 3819 τε
1280 3755 1331 3817 eci
1357 3755 1508 3832 πράσσειν

317 3861 409 3939 ἀξίως
435 3863 516 3937 ὑμῶν
540 3860 715 3925 adriensi
739 3869 809 3930 σοοῖς
839 3863 1021 3936 reprovehere
1045 3871 1116 3933 τοῖς
1142 3861 1213 3925 οἷκον
1239 3897 1280 3908 -
1293 3865 1507 3939 χρήσΗΟΘΕ,

316 3968 386 4041 ἴσως
423 3967 461 4033 ἂν
490 4004 532 4015 -
555 3965 670 4030 τέλειόν
706 3991 734 4029 το
767 3966 819 4030 sei
852 3966 942 4044 μένοι
974 3967 1140 4041 erinaceis
1171 3967 1301 4044 syuodo.
1333 3971 1399 4031 imo
1431 3989 1510 4032 vero

315 4078 467 4163 χρῆσθαι,
499 4093 560 4138 non
591 4071 763 4150 χρήσησθεε
797 4072 913 4156 pendet
946 4075 1032 4137 enim
1053 4077 1090 4135 ut
1113 4071 1237 4156 relique
1261 4093 1299 4136 ex
1322 4073 1509 4148 ἐθελήσητε,

314 4189 353 4248 ut
375 4182 494 4266 possim
517 4178 717 4257 eoecsdsctxs
741 4176 794 4243 vel
813 4175 923 4250 ε’ἕοένοοο
946 4179 995 4239 xci
1018 4175 1167 4258 εἰσφέρειν
1194 4179 1431 4264 coniunguntur
1451 4179 1513 4244 ubi

316 4285 545 4361 Demosthenes
575 4284 613 4348 de
644 4286 766 4348 civium
795 4282 937 4347 socordis
969 4288 1001 4348 et
1025 4286 1140 4348 inertia
1164 4285 1315 4367 queritur.
1362 4282 1434 4346 Non
1458 4304 1512 4348 co-

273 4407 288 4438 )
316 4395 406 4484 pice,
441 4409 502 4455 non
527 4408 601 4474 opes
624 4389 871 4454 Atheniensibus
896 4387 1082 4454 deficiebant
1107 4391 1135 4452 si
1157 4387 1253 4454 modo
1275 4389 1323 4452 nti
1347 4404 1512 4458 vemens.
