3372 5192
742 374 808 444 525

227 567 307 655 Pag.
339 565 416 632 611.
449 562 481 629 2.
516 563 647 646 προσῆκέ
678 589 723 632 σοι
748 567 804 642 την
827 568 918 649 όργην
942 568 995 635 οὐκ
1018 567 1061 642 είς
1082 575 1142 635 τῶν
1165 575 1297 635 πολιτῶν
1320 567 1372 636 τόν
1473 564 1478 573 ’

181 672 321 754 τυχόντα
354 670 480 754 αφιέναι
509 672 569 737 οὐδ’
601 672 644 746 είς
670 671 731 764 τὰς
755 673 941 756 θμοτέχνους
971 673 1129 762 [πόρνας],
1154 677 1229 740 ἀλλ’
1254 677 1296 750 είς
1320 677 1371 742 τόν

181 785 286 846 τοῦτον
309 779 361 844 τόν
384 777 491 859 τρόπον
515 802 549 843 σε
572 777 739 859 θρέψαντα.
787 778 825 844 In
847 779 939 846 libris
962 791 1011 846 est
1034 781 1217 861 ὁμοτέχνους
1239 805 1283 847 σοι
1305 806 1373 862 πορ-

182 885 254 962 νοίς,
288 889 322 952 in
348 884 371 950 S
401 883 584 964 ὁμοτέχνους
618 883 746 970 πόρνας,
775 885 830 951 sed
853 889 961 972 inepta
984 892 1059 952 sunt
1081 887 1158 953 haec
1180 887 1374 956 emblemata

182 1013 221 1058 ex
243 1012 315 1080 pag,
345 991 422 1058 610.
449 989 502 1057 17.
542 994 680 1067 Σινώπην
703 993 950 1074 προσηνεχύραζε
975 993 1027 1058 καί
1053 992 1249 1073 Φανοςρότην
1266 995 1374 1076 οὶνθριθ-

182 1121 255 1171 πους
288 1097 410 1178 πόρνας.
458 1095 574 1164 Omnis
604 1104 680 1163 sunt
708 1101 743 1163 in
774 1099 880 1165 verbis
904 1100 947 1173 είς
969 1099 1030 1172 τὰς
1053 1100 1251 1182 όμοτέχνους.
1299 1101 1371 1167 Non

181 1209 305 1290 poterat
326 1204 505 1270 mordacius
527 1224 623 1290 qnam
647 1206 693 1271 sic
716 1205 830 1271 dicere.

228 1413 309 1501 Peg.
334 1410 408 1478 611.
436 1413 489 1479 15.
515 1413 565 1479 διὰ
587 1416 643 1489 την
666 1415 761 1480 αὐτοῦ
785 1414 950 1496 βδελυρίαν
970 1417 1023 1482 καί
1047 1419 1122 1492 θεοῖς
1147 1418 1283 1499 ἕχθρίαν.
1318 1417 1373 1485 Sic

183 1521 303 1605 optime
334 1522 475 1605 optimus
506 1522 651 1586 omnium
683 1521 765 1587 libor
795 1520 827 1587 S.
875 1521 912 1587 In
935 1524 1066 1590 castoris
1089 1527 1136 1589 est
1160 1525 1235 1597 θεοῖς
1260 1523 1372 1603 ἐχθρὰν

183 1623 439 1706 αίσχροκέρδειαν.
499 1625 577 1693 Erat
618 1629 653 1692 in
695 1632 822 1694 vetusto
865 1626 998 1708 Codice,
1037 1630 1121 1696 unde
1154 1628 1177 1694 S
1210 1633 1372 1708 manavit,

185 1741 514 1811 ΘΕΟΙΟΕΧΘΡΙΑΝ,
540 1733 623 1818 quod
645 1753 709 1800 uno
728 1735 824 1800 verbo
843 1739 910 1800 erat
929 1735 1129 1802 scribendum
1152 1736 1373 1818 θεοισεχθρίαν,

182 1859 244 1904 non
276 1839 399 1906 duobus
430 1840 505 1912 θεοῖς
532 1839 677 1922 έχθρίαν,
702 1845 739 1904 ut
762 1839 944 1908 Dindorfius
967 1841 1077 1907 edidit.
1124 1842 1183 1907 Est
1205 1843 1310 1925 onim,
1334 1844 1373 1906 ut

182 1947 387 2032 grammatici
417 1945 608 2031 loquuntur,
634 1945 669 2010 έκ
694 1945 745 2010 δύο
769 1942 817 2020 ἕν,
843 1967 881 2012 cx
905 1948 1100 2032 appositione
1124 1949 1312 2032 compositio
1335 1953 1372 2012 ut

182 2052 216 2114 in
242 2052 360 2130 Ἄρειος
394 2051 498 2129 ποίγος
528 2051 769 2131 Ἀρεοπαγίτης,
801 2050 941 2129 Μεγόλη
971 2051 1060 2124 πόλις
1085 2053 1370 2132 Μεγαλοπολίτης,

184 2157 256 2236 θνηρ
280 2157 397 2236 ἀγαθός
422 2156 635 2238 οίνδραγαθία,
662 2155 756 2230 καλός
782 2156 921 2235 καγαθός
946 2157 1181 2242 καλοκαγαθία,
1205 2159 1373 2246 sicigitur

183 2285 221 2328 ex
253 2263 328 2337 θεοῖς
361 2262 467 2345 ἐχθρός
500 2269 613 2329 notum
648 2269 696 2330 est
726 2263 924 2345 θεοισεχθρία.
970 2262 1153 2330 Dindorfios
1177 2267 1244 2350 ipse
1266 2266 1373 2330 rectis-

182 2371 262 2434 sime
285 2370 492 2456 Aristophani
514 2370 654 2435 reddidit
683 2370 767 2455 Verp.
792 2367 868 2435 418.

453 2471 473 2540 ὦ
498 2474 586 2548 πόλις
612 2475 664 2540 καί
691 2479 807 2570 Θεώρου
829 2475 1054 2556 θεΟΙΟεχθρία.

180 2602 237 2666 pro
260 2581 448 2662 θεοσεχθρία.
496 2580 565 2662 Quo
585 2583 691 2670 magis
711 2585 810 2649 miror
830 2603 957 2669 prorsus
976 2583 1063 2648 idem
1083 2583 1237 2649 mendum
1259 2583 1371 2649 eodem

180 2687 275 2752 modo
304 2691 417 2753 natum
448 2686 652 2755 eDindorfio
673 2709 735 2754 non
758 2710 825 2756 esse
850 2689 1108 2756 animadversum
1141 2690 1226 2776 spnd
1256 2689 1373 2756 Domo·

181 2793 325 2858 athonem
348 2815 422 2881 pag.
449 2791 525 2861 761.
553 2791 604 2858 14.
631 2794 776 2872 οὐδεμίαν
800 2794 864 2875 γόιρ
886 2795 924 2860 όν
949 2795 1045 2878 εἰπεῖν
1070 2793 1153 2876 έχοις
1177 2793 1277 2871 ἄλλην
1302 2793 1374 2875 πρό·

182 2902 299 2980 Φασιν,
332 2898 370 2963 δι’
402 2897 436 2974 ἣν
469 2904 601 2964 τοιοῦτον
631 2899 759 2980 ε’πνίρθης
793 2902 977 2979 εἰσενεγκεῖν
1008 2898 1096 2978 νόμον
1127 2902 1144 2976 ἢ
1175 2903 1230 2977 την
1257 2906 1372 2967 σαυτοῦ

183 3003 256 3075 θεοῖς
288 3004 401 3085 ε’χθρόον
434 3003 691 3086 αίσχροκέρδειαν.
747 3005 856 3070 Etiam
888 3007 942 3071 hic
976 3005 1080 3071 fuerat
1111 3004 1189 3071 olim
1218 3009 1252 3070 in
1282 3007 1374 3072 libris
1451 3079 1456 3088 ¹

184 3117 516 3188 ΘΕΟΙΟΕΧΘΡΙΑΝ,
550 3111 633 3196 quod
658 3131 755 3196 quum
782 3131 843 3176 non
869 3113 945 3176 satis
969 3115 1116 3196 caperent
1139 3112 1213 3182 θεοῖς
1238 3112 1372 3193 ἕχθρΑΝ

183 3214 353 3302 dederunt,
373 3223 405 3282 et
424 3219 499 3302 quia
517 3219 562 3282 sic
581 3237 696 3283 nomen
717 3215 845 3301 aliquod
865 3217 973 3282 abesse
991 3215 1175 3294 videbatur,
1196 3215 1373 3299 αίσχροιιέρ·

183 3318 265 3385 δειαν
299 3323 337 3387 de
368 3343 425 3388 suo
458 3321 657 3387 addiderunt.
706 3321 828 3386 Passim
854 3323 928 3391 θεοῖς
953 3320 1058 3402 ἐχθρός
1082 3325 1115 3387 et
1138 3323 1245 3387 ascicis
1269 3320 1373 3401 ἐχθρός

181 3428 317 3516 legitur,
350 3428 403 3495 sed
435 3449 560 3514 semper
586 3433 618 3493 ot
642 3428 760 3513 ubique
785 3427 823 3494 do
846 3427 962 3493 horrico
985 3426 1120 3504 dicitnr,
1143 3447 1206 3492 non
1231 3427 1269 3493 de
1291 3430 1373 3494 vitio

181 3533 287 3620 aliquo
311 3533 363 3601 vel
386 3535 525 3622 flagitio,
551 3555 631 3619 qnae
654 3536 762 3598 omnia
784 3533 914 3618 perinde
936 3532 998 3596 diis
1021 3532 1088 3597 odio
1110 3533 1206 3598 fuisse
1229 3536 1306 3598 satis
1334 3524 1372 3599 er

181 3642 249 3726 ipsa
279 3661 313 3706 ro
344 3645 476 3707 constat.
523 3639 632 3704 Etiam
665 3641 816 3721 θεοφιλεῖς
849 3643 881 3704 et
912 3640 1061 3714 θεομισείς
1085 3645 1118 3703 et
1139 3638 1231 3719 φίλος
1254 3638 1372 3703 οίθανοί-

179 3769 256 3810 τοισι
288 3747 377 3810 θεοῖσι
409 3767 533 3832 semper
566 3745 604 3810 ds
634 3745 801 3811 ίιοιιιίοόθνε
823 3743 887 3811 dici
910 3741 1029 3829 solent,
1057 3747 1095 3808 ut
1117 3765 1191 3832 pag.
1217 3740 1292 3809 687.
1319 3743 1371 3809 19.

180 3852 230 3918 διόι
260 3854 316 3928 την
347 3855 406 3918 τῶν
439 3851 622 3931 καταροίταν
656 3851 709 3916 καὶ
741 3853 816 3924 θεοῖς
848 3852 960 3932 ἐχθρῶν
991 3848 1115 3931 θητόροιν
1148 3850 1308 3928 πονηρίαν,
1341 3855 1373 3916 et

180 3960 353 4026 sexcenties
376 3959 464 4026 alibi.

224 4171 305 4260 Pop.
329 4170 405 4238 612.
427 4170 455 4236 2.
480 4191 666 4238 enumerans
687 4168 871 4247 maledicta,
895 4169 1011 4254 quibus
1030 4169 1233 4253 importunus
1250 4169 1369 4236 Andro

181 4279 247 4343 tion
272 4281 357 4343 cives
379 4278 570 4344 incessebat:
595 4276 744 4354 τὸνμὲν,
770 4277 892 4360 inquit,
918 4274 1022 4339 δοῦλον
1046 4269 1107 4352 έΦη
1132 4273 1184 4337 καί
1207 4274 1242 4338 ἐκ
1259 4273 1370 4340 δοθλαν

180 4378 272 4462 εἶναι,
294 4422 335 4433 -
353 4386 395 4465 τῷ
420 4383 452 4448 δὲ
476 4382 594 4454 παῖδας
618 4383 653 4446 έιι
678 4381 786 4460 πόρνης
809 4375 903 4464 εἶναι,
928 4383 982 4444 τοῦ
1009 4377 1040 4442 δέ
1064 4376 1115 4442 τόν
1139 4379 1260 4458 πατέρα
1284 4381 1370 4453 ἡται-

178 4487 315 4570 ρηκέναι,
343 4494 397 4556 τοῦ
420 4491 453 4556 δέ
478 4489 534 4564 την
557 4486 677 4568 μητέρα
702 4488 939 4569 πεπορνεῦσθαι,
958 4523 1000 4535 -
1018 4484 1070 4550 τόν
1093 4482 1123 4548 δὲ
1155 4483 1228 4551 πόδ’
1261 4482 1367 4552 είναι.
