3392 5186
740 363 805 432 429

236 566 276 624 0.
300 555 376 624 251.
402 555 529 640 ἐφιέμην
551 554 691 638 θύεσθαι.

293 661 368 732 700.
394 659 520 744 ἔφασαν
543 662 722 745 Φεύξεσθαι.

236 784 266 835 λ.
294 768 369 836 430.
396 765 473 852 ἔφην
497 809 541 821 -
566 768 756 834 ἐλεύσεσθαι.

236 900 267 942 σ.
292 873 369 941 132.
392 876 470 957 Φησὶ
496 913 537 924 -
562 875 731 942 πεύσεσθαι.

236 987 273 1062 ψ.
300 980 353 1050 71.
378 978 500 1064 ἔφησθα
524 1019 566 1030 -
591 980 780 1047 ἐλεύσεσθαι.

235 1089 308 1155 Nou
326 1093 472 1174 poterant
489 1089 568 1154 haee
586 1091 653 1155 siue
671 1089 867 1154 barbarismo
885 1090 919 1152 in
940 1123 960 1137 -
973 1088 1073 1152 Ασθαι
1093 1087 1252 1169 converti,
1271 1105 1381 1171 quom-

192 1215 286 1279 quum
318 1195 400 1259 nihil
424 1215 461 1259 eo
483 1215 532 1259 res
555 1194 698 1260 indoctos
722 1195 840 1260 scribae
863 1194 1037 1276 retinebat,
1062 1194 1117 1277 qui
1141 1193 1325 1275 saepissime
1347 1193 1383 1256 in

191 1299 310 1365 talibus
338 1321 463 1391 quoque
496 1337 516 1349 -
529 1301 621 1364 ασθαι
653 1301 727 1366 dure
759 1299 878 1374 solent,
908 1305 947 1363 ut
970 1301 1006 1363 iu
1028 1295 1165 1362 Scholiie
1188 1295 1318 1364 Venetis
1341 1306 1380 1362 Α.

195 1401 269 1470 105.
302 1406 577 1482 ιἰναπλεύσασθαι,
604 1416 628 1470 Ι.
665 1405 740 1472 167.
764 1403 994 1488 ε’νπενξύμενιι,
1019 1413 1058 1468 Ο.
1084 1399 1161 1469 700.
1185 1403 1360 1484 Φεύξασθαι

192 1520 234 1576 Ψ.
260 1508 335 1576 792.
360 1509 571 1592 ἕριζιὶσασθαι,
596 1517 629 1578 oi
651 1512 772 1578 similia
796 1513 847 1576 his
871 1511 958 1576 alibi.

237 1615 335 1682 Recte
358 1617 480 1706 legitur
502 1620 637 1683 oorietue
661 1617 720 1683 Od.
745 1642 773 1682 σ.
800 1615 876 1683 342.

465 1724 532 1805 φύν
555 1723 618 1803 γύρ
642 1746 695 1801 μιν
720 1723 840 1797 ύλνθέα
863 1722 1074 1800 potionatus.

192 1831 268 1915 quie
289 1832 447 1896 sententie
469 1835 532 1896 est:
556 1831 628 1915 quia
652 1852 715 1894 eom
737 1853 808 1894 σανα
826 1846 954 1895 museo
971 1829 1131 1912 putabant.

238 2083 355 2165 011.χ.
380 2081 457 2149 408.

603 2188 700 2255 ύθνσθν
723 2188 749 2271 θ’
774 2187 931 2264 θλιλύξαι.

192 2297 299 2363 omniu
329 2295 427 2362 verbu
458 2291 580 2361 Graeco
610 2297 644 2360 in
676 2294 791 2379 -ύζα,
825 2293 909 2375 -Ιζω
937 2299 970 2360 et
993 2331 1013 2343 -
1027 2291 1085 2373 ύζω
1109 2296 1257 2360 exeuntia
1281 2313 1381 2379 quum

191 2399 373 2489 significant
401 2423 496 2466 vocem
527 2407 583 2466 aut
612 2401 739 2464 sonitum
771 2402 856 2466 edere
886 2401 1005 2466 habeut
1037 2403 1210 2485 ancipitem
1247 2402 1380 2482 looqam,

191 2527 271 2591 quae
301 2508 336 2570 in
368 2509 499 2572 caeteris
532 2509 681 2572 omnibus
711 2527 835 2593 semper
865 2507 970 2572 brevis
1003 2510 1060 2570 est.
1107 2506 1229 2572 liudem
1263 2507 1382 2573 habent

190 2611 335 2677 futurum
362 2615 396 2676 in
421 2612 555 2689 -ξσμαι,
603 2612 758 2678 Dicebant
785 2612 904 2693 γρύζιι,
935 2609 1108 2692 γρύξομαι,
1138 2610 1272 2692 γρῦξαι,
1305 2637 1379 2693 γρυ-

192 2717 280 2793 ιιπθν;
303 2739 342 2783 ex
361 2717 462 2783 θτιτιῖ
477 2721 617 2782 naseitur
635 2717 766 2798 θπιτύζω
790 2723 822 2784 et
841 2717 1044 2796 θπστύξιμαι,
1065 2739 1105 2783 ex
1124 2719 1168 2784 iot
1186 2717 1230 2782 ue
1244 2719 1380 2784 verbum

192 2829 240 2890 est
263 2822 333 2904 ἰύζω
358 2828 390 2888 et
413 2845 529 2890 nomeu
552 2825 635 2901 Ξυγθ.
681 2824 768 2889 Hinc
791 2825 932 2903 κέκραγα
952 2825 1060 2889 media
1083 2823 1180 2912 longa
1200 2830 1232 2891 et
1252 2823 1383 2904 σέτριγα

193 2935 225 2994 et
255 2927 403 3008 κέκριγα,
432 2928 550 2994 etalio
574 2930 740 3014 quaedem.
786 2928 898 3014 Itaque
919 2932 954 2993 in
977 2928 1111 3009 θλιλύζω
1135 2929 1271 3017 longum
1295 2935 1383 2995 esto

192 3039 225 3100 et
249 3031 392 3109 θλιλῡξαι
418 3035 635 3112 scribendum,
657 3039 696 3099 ut
717 3033 839 3115 γρῡξαι.
876 3034 997 3100 Indicio
1021 3040 1069 3100 est
1093 3035 1228 3114 ὀλολυγή
1252 3035 1382 3121 paenul-

193 3141 275 3205 tima
296 3138 393 3226 longa
416 3149 450 3205 Z.
476 3138 552 3206 301.

373 3241 408 3311 αἳ
431 3245 459 3312 δ’
484 3247 619 3328 ὀλολυγῇ
644 3249 745 3310 πῖισαι
771 3244 882 3326 Ἀθήνῃ
905 3252 1016 3327 χεῖρας
1040 3247 1183 3325 ἀνέσχον.

194 3356 227 3416 et
250 3353 417 3431 θλσλυγύν.
442 3359 473 3418 ei
497 3353 570 3430 Ξυγιὶ
594 3351 776 3438 penultimo
797 3351 905 3439 longa.

329 3731 374 3796 oei
400 3729 451 3806 δέ,
476 3729 588 3809 γύναι,
614 3729 686 3796 τύδ’
712 3729 877 3796 ἕπιΤὲλλιι
902 3738 1011 3812 πινυτῇ
1037 3753 1094 3809 περ
1118 3727 1216 3810 θιύσιι.

237 3836 425 3924 Ampieotor
445 3839 636 3903 senteutiam
656 3839 725 3902 eius
745 3837 801 3922 qui
816 3836 1018 3902 scribendum
1031 3837 1166 3902 coniecit
1177 3835 1385 3915 ἑπιΟΤέλλω,

192 3943 227 4008 id
258 3942 341 4027 quod
373 3945 487 4028 cuique
517 3945 551 4007 iu
579 3947 721 4008 mentem
744 3944 853 4009 uenire
879 3941 973 4007 debet
995 3943 1051 4026 qui
1073 3943 1108 4005 in
1130 3940 1265 4028 vulgata
1289 3944 1384 4027 sonip-

193 4055 266 4111 tum
295 4053 437 4112 metrum
467 4049 575 4113 vitiari
598 4050 714 4114 sentiat
737 4052 769 4112 et
791 4046 880 4112 nullo
903 4046 998 4112 modo
1021 4056 1035 4110 Ι
1059 4049 1093 4110 in
1117 4045 1269 4110 ἐπιτέλλω
1294 4068 1384 4132 posse

193 4151 335 4237 produci.
380 4151 575 4220 Ἐπιςέλλειν
607 4158 640 4218 et
671 4154 814 4220 ἐπισιλαί
839 4153 923 4238 opud
945 4154 1202 4236 antiquissimum
1225 4173 1383 4239 quemque

194 4263 322 4344 pettam
345 4279 382 4324 eo
405 4279 498 4324 sensu
521 4262 635 4324 tritum
658 4265 722 4336 eet,
745 4259 839 4322 utin
865 4255 1029 4322 Promethei
1050 4259 1157 4322 initio:

416 4365 577 4446 Ἥφαιςε,
602 4363 645 4428 ool
674 4364 703 4429 δὲ
727 4366 788 4445 χρὴ
812 4360 917 4441 μέλειν
942 4361 1110 4440 ε’πιςιλύς,

419 4468 458 4544 ἃς
482 4493 526 4537 σιι
550 4471 652 4553 πατὴρ
678 4471 794 4551 ἐφεῖτο.
