3208 5158
892 369 959 438 210

333 581 390 649 pro
413 562 533 636 etitem
559 567 591 627 et
614 563 686 627 sim.
733 559 810 628 Erat
834 563 921 626 enim
945 559 1023 624 oiim
1047 561 1080 624 in
1106 557 1198 624 libris
1224 565 1461 623 ΑΝΤΙΠΛΘΙΛ
1483 559 1510 620 et

336 677 505 734 εΤΗΘΙΛ.
552 665 616 732 Sed
646 668 724 735 satis
747 671 795 732 est
817 668 852 732 in
872 667 924 732 his
947 665 1095 731 omnibus
1124 663 1252 728 sutilem
1283 663 1437 728 librorum
1465 682 1512 726 an·

334 776 515 842 ctoritatem
545 789 743 839 contemnere
774 773 898 838 audere.
946 772 1031 852 Quid
1063 790 1177 836 verum
1208 771 1252 834 sit
1281 771 1363 834 rutio
1387 773 1418 834 et
1445 787 1510 832 usus

334 879 474 966 dicendi,
508 879 670 966 analogia.
694 881 878 946 testimonia
901 883 1047 945 veterum
1072 873 1283 961 Oriticorum,
1307 883 1445 942 metrum
1466 873 1510 940 de·

334 989 431 1072 nique
453 985 631 1071 patefaciet.

378 1093 481 1181 Affine
503 1092 612 1158 mendi
635 1113 736 1178 genus
759 1094 899 1158 cernitur
923 1093 956 1156 in
981 1089 1106 1160 τελείως
1125 1109 1182 1174 pro
1202 1086 1325 1160 τελέως.
1364 1085 1509 1172 Quidquid

333 1201 474 1264 nascitur
498 1221 536 1264 cx
559 1198 744 1263 nominibus
766 1199 800 1261 in
825 1233 844 1246 -
860 1205 957 1260 eloe
980 1201 1013 1260 et
1037 1231 1057 1244 -
1072 1204 1140 1259 eIA
1163 1193 1283 1258 ultima
1300 1193 1390 1259 brevi
1409 1213 1510 1258 exeun·

335 1305 422 1370 tibus
451 1311 621 1389 postquem
651 1303 869 1389 diphthongus
903 1310 941 1365 ei
973 1303 1042 1365 ictu
1072 1300 1259 1364 destituitur
1282 1305 1409 1366 exemto
1430 1299 1509 1364 litera

338 1419 350 1474 1
381 1413 415 1474 in
450 1418 477 1474 Ε·
503 1411 686 1494 corripitur:
708 1412 828 1489 ”Apesas
852 1408 954 1487 πάγος
978 1405 1075 1472 habet
1098 1407 1337 1483 ’Λρθοποογίτης
1361 1411 1394 1472 et
1414 1409 1511 1483 'spee-

337 1513 504 1593 superinde
512 1536 520 1593 ;
565 1517 639 1588 θεῖος
684 1513 863 1594 {ardeatino
905 1513 960 1579 sed
1003 1512 1211 1583 e’mtffloioofl
1247 1519 1329 1582 λεῖος
1364 1511 1508 1586 issue,

338 1621 547 1690 ἐπιλεκίνειος
577 1621 692 1691 τέλειος
724 1621 933 1695 resecata,
964 1619 1178 1691 τελεωθῆναι,
1202 1615 1326 1689 τελέως.
1368 1616 1417 1685 nr
1439 1615 1510 1694 ute

336 1739 407 1788 λειοο
436 1724 593 1789 formatur
621 1724 830 1805 Μυρλεανός,
862 1745 901 1790 ex
931 1723 1100 1800 Ἡράκλεια
1131 1722 1404 1801 Ἠρακλθωτοκός,
1428 1727 1458 1786 et
1478 1721 1511 1784 ad

336 1829 472 1894 eundem
506 1831 638 1896 modum
671 1833 706 1896 in
740 1829 902 1897 similibus
935 1829 1091 1894 omnibus
1140 1827 1372 1912 Saepenumero
1406 1829 1439 1892 in
1468 1827 1511 1891 his

337 1935 458 2013 sambae
482 1937 637 2001 titubant:
662 1937 715 2002 hic
734 1936 803 2002 iilic
822 1933 1013 2012 Μυρλειοινός
1032 1935 1183 1998 scribitur
1201 1937 1234 1998 et
1253 1933 1509 2013 Ἠροοκλειωτικὸο,

242 2063 244 2068 ’
335 2043 518 2125 saepissime
546 2041 659 2114 τελέως
692 2047 776 2108 recte
800 2041 967 2117 scribitur,
992 2039 1123 2106 sedhic
1146 2038 1215 2106 illic
1238 2043 1362 2110 τελείως
1386 2038 1508 2122 irrepsit

338 2145 517 2231 Stephanus
540 2147 674 2233 Byzant.
699 2147 818 2212 Γύθειον
842 2149 890 2210 -o'
911 2145 1040 2217 πολίτης
1061 2143 1225 2217 Poterisne
1246 2143 1298 2210 nai
1322 2145 1357 2210 τὸ
1376 2146 1409 2208 ἐκ
1428 2142 1509 2206 τόπου

336 2253 502 2326 Γυθείηθεν.
550 2251 669 2318 Verum
702 2258 751 2320 est
780 2251 935 2325 Γυθέηθεν.
982 2249 1036 2316 Sic
1071 2271 1110 2316 ex
1141 2251 1295 2331 οτοορῶρεοοι
1327 2247 1509 2329 πορορεοὶτοο

334 2360 475 2423 nascitur
495 2363 528 2422 et
549 2359 583 2422 in
607 2363 693 2426 carta
713 2357 860 2446 analogia
882 2377 1052 2443 possumus
1071 2357 1191 2444 ubique
1210 2357 1386 2424 scribarum
1403 2373 1509 2421 errores

237 2533 240 2538 ,
334 2469 545 2531 contemnere.

644 2743 663 2758 -
678 2715 816 2772 OTCCA
838 2706 988 2773 mendose
1011 2725 1068 2792 pro
1094 2711 1214 2772 -οῦσοι.

381 2890 418 2955 in
449 2890 631 2954 nominibus
662 2887 805 2954 locorum
836 2886 914 2952 olim
937 2889 972 2950 in
997 2924 1017 2936 -
1030 2896 1128 2952 oelc
1151 2891 1339 2953 exeuntium
1362 2883 1509 2968 coste,

336 2993 490 3071 Μολδειο)
519 2997 552 3059 et
574 2995 609 3057 in
631 3027 651 3042 -
666 3002 802 3063 066οΑ
827 2992 1027 3078 (nescisses)
1053 2992 1160 3060 Ionica
1183 2999 1216 3058 et
1238 2996 1349 3063 Attica
1370 2991 1510 3063 dinamus

335 3121 392 3186 pro
417 3137 436 3150 -
450 3107 643 3165 OTNTIOC
663 3099 766 3166 lenius
790 3135 810 3148 -
824 3107 980 3164 OTCIOC
1004 3099 1236 3183 substituebat,
1260 3105 1299 3164 ut
1322 3103 1356 3164 in
1378 3095 1511 3174 Ῥαμνού-

334 3230 416 3282 σιος,
443 3205 632 3276 teutonicos
658 3211 730 3270 cett.
756 3209 788 3270 et
807 3225 846 3270 cx
865 3204 976 3270 formis
996 3204 1177 3268 faemininis
1198 3207 1369 3282 contractis
1387 3204 1509 3271 derum

334 3315 439 3391 σίγμα
463 3312 640 3395 eximebat,
665 3319 703 3376 ut
725 3313 758 3374 in
784 3315 1001 3389 tepentium,
1027 3308 1242 3389 'Apyoodcae,
1268 3313 1339 3376 sim.

379 3415 497 3485 Contra
526 3419 645 3483 scribac
676 3417 857 3504 analogiam
889 3415 1049 3501 quandem
1080 3419 1181 3480 secuti
1216 3427 1341 3501 praeter
1374 3409 1509 3501 loquendi

333 3547 429 3590 nsum
459 3525 564 3602 σίγμα
596 3522 714 3609 duplex
743 3523 942 3600 retinebant,
978 3522 1063 3587 unde
1099 3521 1184 3606 opud
1218 3521 1406 3590 Strabonem
1434 3538 1511 3586 men·

334 3633 408 3697 dose
431 3631 555 3695 editur:

365 3735 576 3815 Ἐλοοοοῦοοοο,
609 3742 641 3803 et
663 3739 755 3823 peius
776 3739 874 3802 etiam
978 3738 1167 3800 Ποτυοῦοοοιι

423 3840 608 3908 Ἐλεοῦοοο.
980 3845 1208 3921 xantonenses

365 3951 556 4029 Ἐρικοῦοσοο.
982 3951 1172 4011 Σκοτοῦοοο.
1272 4007 1282 4024 ,

376 4055 597 4122 Λοπαδοῦσσαι.
970 4054 1138 4130 'rapotone

366 4162 553 4240 Ὀφοοῦοοοο.
982 4161 1228 4236 deportatione.

377 4267 581 4337 ssetnxcdcom
594 4269 626 4332 ot
638 4266 882 4340 ssttnxovooaior.
981 4267 1190 4331 Φοινικοῦοοοο.

331 4391 570 4454 nonnumquam
596 4377 629 4436 et
651 4373 884 4450 'Apronianum
907 4376 1002 4456 atque
1022 4371 1099 4438 adeo
1119 4372 1334 4450 Συοοοκοῦοοοιο
1355 4366 1510 4436 dederunt·

329 4485 361 4546 et
389 4478 546 4544 vitiosum
582 4477 804 4557 Συρακούσιος,
837 4496 937 4560 quum
965 4477 1042 4541 setis
1067 4479 1189 4543 constet
1213 4475 1398 4556 Evpeec'croc
1421 4469 1511 4538 solnm
