3404 5192
743 379 807 452 ιιι
930 351 933 362 '

387 577 487 654 οῖννιὶ·
511 574 558 648 τῖς
583 572 614 639 δέ
637 597 672 637 κε
695 570 772 654 τθξοο
796 575 975 654 τιτοοθνοιτ’;
1001 575 1089 642 οῖλλθι
1113 576 1228 652 εὲκνλοι

386 681 528 747 κοῖτθετε.

216 812 256 870 χ.
305 784 360 853 70.
385 784 406 852 ὦ
431 788 534 868 Φῖλοι,
557 789 590 852 οὐ
614 796 691 851 ΓΑΡ
715 787 827 866 σχήσει
851 791 924 871 ἀνὴρ
946 785 994 854 ὅδε
1020 796 1133 869 χεῖρας
1157 788 1309 862 οῖοῖττοος.

219 901 257 976 ψ.
282 890 357 959 278.
383 891 404 958 ὦ
429 893 537 971 γύνοιι,
562 894 594 958 οὐ
618 902 696 958 ΓΑΡ
721 918 768 959 τοι
793 894 991 960 adbreviat
1016 895 1137 976 σείοντ’
1162 894 1278 960 οὶέθλιον

385 1000 535 1076 ἤλθομεν,
559 1000 633 1064 ἄλλ’
657 996 701 1062 ἔτ’
724 997 843 1066 ὄπισθεν
867 1001 1040 1081 ἀμέτρητος
1065 1000 1152 1072 τθνοο
1178 997 1257 1068 tear.

220 1104 347 1169 Horum
380 1105 523 1172 locorum
557 1107 660 1170 maior
692 1125 764 1191 pars
797 1108 964 1173 emendata
996 1112 1044 1172 eet
1075 1111 1108 1170 et
1139 1108 1362 1193 integerrima:

174 1213 292 1276 caeteri
314 1210 397 1276 alius
419 1211 517 1276 aliam
540 1209 647 1276 labem
671 1211 812 1295 aliquam
835 1218 1055 1299 conceperunt.
1106 1211 1182 1278 Tres
1205 1210 1269 1279 loci
1292 1217 1367 1278 sunt

173 1317 293 1382 inserto
323 1337 418 1382 versu
448 1318 557 1402 spurio
588 1315 783 1400 interpolati.
831 1317 919 1383 Duos
951 1318 1058 1397 τῖχονς
1095 1317 1367 1398 τορεμβεβλιιμέ-

175 1445 239 1494 acor
264 1426 386 1488 veteres
409 1420 522 1489 Oritici
546 1421 771 1509 expungendoe
793 1427 992 1489 censuerunt.
1039 1422 1148 1489 Tertia
1164 1423 1367 1510 interpolatio

173 1531 247 1613 post
275 1528 497 1594 Aristarchum
524 1533 600 1592 nata
622 1528 713 1593 nobis
737 1529 929 1596 confutanda
949 1535 981 1594 et
1005 1528 1192 1614 expellenda
1214 1535 1365 1617 superest.

176 1631 290 1720 Odyss.
317 1657 344 1698 ιι.
372 1632 445 1699 190.
907 1675 908 1678 =

312 1737 456 1822 [κέκλυτέ
479 1763 539 1817 μεν
563 1739 683 1822 μύθων,
708 1739 793 1805 κοινοῖ
817 1765 873 1821 τεο
898 1738 1077 1822 πάσχοντες
1102 1743 1238 1830 ἑταῖροι]

225 1905 229 1912 .
311 1841 462 1927 ὦφῖλοι,
488 1847 520 1910 οὐ
544 1839 607 1924 yet
630 1845 730 1923 ιῖδμεν
754 1842 813 1928 torp
836 1846 930 1928 ζόφος
954 1847 1015 1914 οὐδ’
1040 1844 1100 1928 inp
1125 1849 1195 1922 ἠώς.

161 2031 163 2036 Ι
219 1949 385 2015 Scholion:
410 1949 628 2030 Κοιλλθςροιτθς
652 1956 746 2031 φησιν
768 1952 806 2022 ὡς
831 1951 890 2016 ὑτθ
909 1975 986 2025 τινος
1008 1954 1022 2016 θ
1041 1955 1131 2032 ςῖχος
1152 1952 1363 2032 προτέτακται

176 2054 356 2133 ἀγνοοῦντος
383 2057 416 2121 τθ
441 2055 605 2134 Ὀμνρικθν
629 2055 691 2126 ἔθος
714 2057 752 2129 ὥς
778 2057 858 2122 θέλει
881 2056 1035 2139 οῖοχεσθοιι
1059 2058 1121 2122 cirri
1143 2061 1196 2122 τοῦ
1221 2067 1311 2124 ΓΛΡ.

223 2160 301 2241 Quis
330 2181 393 2226 non
424 2164 535 2227 statim
565 2181 727 2226 assensum
759 2160 870 2228 dabit?
915 2163 987 2229 Non
1014 2168 1063 2229 est
1086 2164 1198 2230 eadem
1221 2166 1368 2229 omnium

175 2273 235 2332 τοῖν
266 2265 472 2344 ἀθετουμένων
503 2267 600 2350 τῖχον
631 2270 713 2332 ratio
746 2273 778 2332 et
809 2269 957 2334 conditio.
1005 2267 1088 2334 Sunt
1114 2271 1149 2332 in
1173 2271 1290 2354 quibus
1313 2269 1370 2334 diu

176 2379 209 2441 et
249 2373 392 2438 multum
435 2375 574 2438 incertus
609 2373 757 2450 haereas,
794 2375 849 2440 sed
883 2375 999 2441 dantur
1032 2375 1089 2439 elii
1125 2379 1193 2440 tem
1229 2375 1369 2442 evidenti

175 2479 286 2544 frande
308 2479 507 2564 interpolati,
525 2484 563 2544 ut
585 2482 691 2567 magis
714 2482 841 2546 mireris
864 2500 926 2564 quo
951 2487 1044 2566 pacto
1067 2483 1250 2566 irrepserint
1273 2501 1371 2566 quam

176 2588 367 2672 argumenta
398 2605 455 2650 cur
484 2583 661 2669 expellendi
684 2588 748 2650 sint
771 2587 811 2652 ab
835 2586 898 2652 alio
922 2589 1082 2672 requiros3
1109 2593 1177 2652 tam
1200 2587 1370 2653 manifesto

174 2693 261 2758 haus
283 2696 381 2777 patet.
427 2691 495 2757 Nae
517 2691 574 2758 ille
597 2695 665 2757 erat
687 2694 722 2756 in
740 2692 936 2757 carminibus
954 2691 1136 2758 Homericis
1158 2692 1287 2778 hospes,
1314 2693 1370 2776 qui

176 2796 336 2862 nesciebat
365 2796 499 2863 Potitum
530 2799 688 2878 θρχοιῖιοιῖς
719 2797 783 2861 οἶσθ
807 2799 860 2861 τοῦ
886 2806 963 2862 ΓΛΡ
989 2798 1171 2876 εἰσβάλλειν
1195 2802 1229 2862 in
1254 2797 1312 2863 tuli
1336 2818 1369 2862 re

177 2901 286 2969 solere.
333 2901 414 2970 Tam
445 2900 571 2968 inficeto
600 2903 818 2968 additamenta
845 2902 930 2986 apud
954 2903 1135 2968 Homerum
1158 2905 1223 2969 fere
1246 2905 1292 2968 sic
1315 2923 1368 2967 na-

176 3009 358 3086 utebantur,
383 3014 422 3073 ut
440 3027 550 3074 versus
570 3029 607 3072 ex
633 3006 696 3072 elia
718 3013 807 3091 parte
836 3010 987 3072 carminis
1011 3009 1151 3073 desumti
1174 3012 1208 3072 in
1231 3007 1369 3073 alienam

176 3115 285 3182 sedem
306 3113 557 3180 transferrentur.
593 3111 788 3178 Meminerat
808 3112 924 3197 aliquis
942 3134 976 3178 se
992 3113 1101 3178 audire
1114 3111 1226 3200 Odyss.
1240 3140 1276 3190 μ.
1290 3111 1367 3180 271.

314 3217 445 3285 κέκλυτέ
469 3243 529 3297 μειι
551 3218 670 3298 μύθων,
694 3216 779 3283 carot
804 3241 860 3299 τεο
883 3217 1061 3300 τοῖσχοντεο
1086 3219 1215 3304 ἑτοῖμοι,

313 3323 381 3406 ὄφρ’
407 3325 479 3403 ὑμῖν
502 3324 590 3390 ιεῖτοι
615 3325 757 3402 causito
780 3324 952 3404 Τειρεσῖοο.

178 3438 211 3498 et
233 3455 271 3509 μ.
296 3429 374 3497 340.

313 3535 444 3602 κέκλυτέ
467 3560 527 3616 μεν
551 3535 673 3615 μύθων,
698 3536 784 3601 κοινοῖ
808 3559 865 3615 τερ
889 3532 1070 3617 πάσχοντες
1094 3537 1224 3615 ἓτοοῖοοι,

313 3641 430 3717 τοῖντες
453 3645 510 3721 μὲν
533 3640 653 3724 ccmo}
677 3640 803 3708 θοῖνοιτοι
829 3642 953 3707 δειλοῖσι
978 3641 1132 3722 βροτοῖσι,

312 3751 394 3830 λιμῷ
416 3750 444 3814 θ’
468 3749 595 3818 οῖκτιτον
619 3747 743 3814 θιινθειιι.

176 3856 291 3920 horum
314 3857 417 3942 igitur
439 3858 621 3940 importune
640 3875 765 3921 memor
782 3855 862 3920 illuc
883 3853 1049 3920 transtulit
1068 3853 1125 3918 ubi
1145 3851 1254 3918 nulius
1273 3853 1368 3938 plane

177 3965 260 4028 esset
281 3961 322 4025 iis
344 3959 443 4027 loeus.
478 3963 528 4026 Ab
549 3961 733 4027 Aristarcho
757 3963 859 4049 igitur
882 3959 994 4026 intuli
1014 3980 1048 4024 re
1069 3957 1274 4040 recentiores
1294 3959 1366 4039 πρὸς

176 4067 219 4146 τῷ
240 4066 339 4148 ὀβελῷ
364 4066 534 4147 οῖςερῖσκοσ.
559 4062 821 4151 inscitissime,
843 4071 880 4130 ub
899 4068 933 4130 iu
954 4065 1148 4150 praefatione
1167 4067 1270 4150 operis
1293 4067 1367 4131 scri-

177 4173 225 4238 bit
255 4173 469 4257 Aristonicus,
493 4169 538 4238 ὅτι
564 4173 698 4253 Ὀμήρου
720 4173 778 4249 μέν
802 4173 863 4244 ε’ςι,
889 4171 1020 4253 Φούλοις
1044 4171 1070 4235 δ’
1095 4172 1228 4236 ἕντοιῖιθοι
1251 4179 1365 4237 ιιεῖτοιι.

221 4275 369 4342 Recurrit
391 4277 484 4363 plane
508 4278 594 4344 idem
616 4278 726 4344 mendi
746 4298 848 4366 genus
871 4279 905 4341 in
929 4275 1042 4363 Odyss.
1067 4273 1097 4352 ξ.
1121 4275 1198 4342 495.

313 4385 444 4466 [κλῦτε,
469 4384 574 4466 Φῖλοι·
599 4384 675 4456 esre
698 4407 749 4462 μοι
775 4382 908 4448 ἐνύπνιον
932 4375 1021 4456 ἦλθεν
1045 4379 1175 4472 decepte]

312 4487 381 4562 λίην
405 4497 482 4556 ΓΑΡ
507 4495 580 4564 νηῶν
603 4490 692 4564 σεκοῖς
714 4490 854 4570 ἤλθομεν.
