3372 5192
734 363 800 436 573

214 557 292 648 Peg.
328 557 403 626 799.
436 555 490 622 28.
515 555 728 630 obediretis
753 553 926 634 νουμηνίαις
951 557 994 628 είς
1016 557 1071 632 την
1095 554 1260 635 ἀκρόπολιν
1284 558 1359 624 οἰνα-

168 663 394 744 βαίνΟΝΤΕΟ
418 662 548 741 τοίγαθδι
571 671 610 745 τῇ
634 659 723 728 πόλει
747 660 857 727 διδόναι
878 663 929 727 καὶ
951 659 1061 736 ἕκαστος
1083 663 1181 744 ἑαυτῷ
1201 671 1263 736 τοῖς
1285 667 1360 738 θεοῖς

169 769 316 848 εθξεΤΑΙ
347 765 422 837 όταν
440 808 481 818 -
499 767 655 834 σοίναντία
685 775 748 840 τοῖς
779 764 873 849 όρκοις
903 768 956 835 καὶ
988 776 1051 842 τοῖς
1083 770 1151 834 ἐκεῖ
1173 769 1361 850 γράμμασιν

170 878 384 956 ἐγνοκοΤεῦ
420 873 485 950 ἥτε.
537 874 685 941 Postulat
718 872 781 940 loci
816 877 1002 960 compositio
1035 880 1074 940 ut
1108 874 1273 953 εθξεῦθθ
1304 899 1361 964 pro

170 980 294 1059 εὔξεται
325 982 525 1048 rescribatur.
572 981 710 1046 Librarii
740 980 875 1046 verbum
898 981 937 1047 ad
960 983 1107 1067 proxima
1129 977 1237 1055 ἕκαςος
1262 983 1360 1066 ἑαυτῷ

170 1089 460 1154 accommodarunt.
509 1086 585 1154 Sine
606 1089 676 1152 vito
699 1088 808 1152 statim
832 1087 997 1154 scribitur:
1023 1088 1279 1169 καταρθσεεθε
1297 1098 1361 1163 τοῖς

170 1194 463 1275 ἀποψηφισαμένοις
494 1197 585 1258 τοῦτο
612 1193 649 1258 τό
680 1193 767 1260 τις-όν
797 1189 933 1261 ἕκαςοίὶ
964 1203 1078 1261 AOTC
1110 1197 1149 1267 ὥς
1181 1198 1234 1262 οὐκ
1266 1195 1359 1270 αὐτός

170 1296 258 1372 οὗτός
282 1301 354 1369 ἕσιν.
1035 1297 1038 1302 ’

215 1541 253 1606 In
284 1541 395 1608 eodem
425 1540 495 1608 loco
525 1563 599 1630 pag.
632 1539 710 1607 800.
746 1543 775 1607 1.
805 1548 869 1614 τῶς
893 1541 924 1607 δὲ
948 1551 1019 1617 ταῖς
1044 1545 1216 1623 νουμηνίαις
1239 1545 1283 1617 είς
1306 1546 1362 1619 τὴν

170 1644 335 1728 ἀκρόπολιν
373 1649 594 1728 οίναβαόνοντες
632 1649 763 1726 τοδγαθόι
801 1657 840 1730 τῇ
876 1648 973 1730 ισόοιειΙ
998 1649 1169 1717 διδόναι-
1188 1659 1251 1724 τοῖς
1286 1651 1361 1725 θεοῖς

170 1751 293 1830 εθξεσθε
318 1749 391 1818 όταν
414 1752 498 1826 όντος
521 1751 629 1821 τοθτον
653 1756 719 1820 ἐκεῖ
739 1754 791 1820 καὶ
816 1760 870 1820 τοῦ
893 1765 1065 1822 HATPOC
1088 1759 1183 1822 αὐτοῦ
1208 1761 1261 1822 τοῦ
1284 1779 1359 1839 χρη·

171 1864 224 1928 τοῦ
255 1859 409 1925 τοίνοοντία
427 1897 470 1908 -
486 1868 550 1932 τοῖς
581 1861 647 1926 ἐκεῖ
674 1859 862 1942 γράμμασιν
892 1862 1059 1939 ἐγνωκότες
1091 1859 1162 1937 Am
1201 1861 1363 1928 Mirantur

172 1986 282 2033 omnes
312 1967 538 2055 Aristogitonis
562 1975 679 2051 patrem
711 1970 972 2052 commemorari,
1005 1989 1100 2054 quem
1134 1968 1257 2033 dudum
1280 1989 1364 2034 mor·

172 2079 268 2138 tuum
300 2077 332 2138 et
362 2072 526 2157 sepultum
556 2094 623 2139 esse
647 2078 769 2139 constat
794 2073 833 2158 ¹).
879 2071 991 2158 Itaque
1015 2079 1169 2140 corrector
1191 2077 1226 2139 in
1249 2070 1364 2140 Codice

172 2178 311 2265 quodam
340 2177 502 2244 Parisino'
517 2179 556 2245 de
587 2199 644 2245 suo
675 2178 817 2259 οίδελΦιῦ
848 2198 904 2264 pro
935 2178 1051 2260 πατρός
1082 2183 1240 2265 reposuit,
1266 2180 1365 2266 idque

170 2283 353 2351 Dindorfins
374 2287 492 2370 recepit
514 2287 548 2350 in
572 2290 708 2350 textum.
756 2284 861 2365 Quam
884 2285 1014 2350 tandem
1038 2305 1105 2350 essa
1127 2291 1243 2372 putant
1264 2285 1364 2350 huius

170 2388 234 2455 loci
257 2388 468 2456 sententiam?
518 2389 582 2471 Qac
596 2406 703 2475 pacto,
724 2392 845 2476 inquit,
871 2390 905 2454 οἰι
928 2413 997 2455 arce
1020 2391 1095 2454 όονια
1118 2390 1229 2455 aDs'ia
1247 2391 1362 2455 immor·

169 2497 282 2562 talibas
308 2495 508 2582 precabimioa'
541 2513 725 2562 Pannonicis
759 2497 813 2560 όοσ
847 2503 875 2561 et
905 2497 977 2561 όονοο
1001 2497 1113 2580 fratrc
1142 2495 1232 2560 ciue?
1277 2494 1363 2574 Gur,

171 2623 304 2688 quaeso,
334 2622 397 2668 non
427 2607 572 2688 poterant
602 2605 635 2666 in
666 2623 736 2668 arce
766 2602 850 2668 Deos
873 2605 994 2688 precari
1017 2623 1123 2669 coram
1146 2603 1365 2690 Aristogitone

169 2717 202 2778 et
230 2711 327 2775 fratre
350 2706 439 2774 eius?
485 2707 586 2774 Oredo
610 2707 698 2773 alind
722 2709 799 2794 qnid
823 2707 998 2798 significari
1021 2710 1127 2775 verbis
1150 2707 1232 2780 όντος
1256 2709 1364 2774 τούτου

172 2818 245 2882 ἐκεῖ.
293 2815 416 2900 Nempe
447 2815 481 2880 in
511 2814 622 2879 tabula
651 2813 759 2902 lignea
784 2815 828 2902 (ἓν
851 2815 963 2902 σανίδι)
988 2817 1022 2880 in
1046 2836 1116 2881 arce
1139 2815 1223 2901 apud
1246 2814 1367 2880 Miner-

172 2944 231 2989 vae
261 2921 421 3007 templum
449 2920 549 3002 (ταιοὶ
583 2929 621 3001 τῇ
654 2922 722 3004 θεῷ)
753 2923 905 3005 inscripta
937 2925 1026 2986 erant
1048 2923 1179 2985 nomina
1200 2923 1259 2984 τῶν
1281 2921 1364 3002 όφει·

173 3027 286 3094 λόντιιν
309 3029 352 3107 τῷ
376 3026 518 3108 δημοσίῳ.
565 3025 603 3090 In
626 3027 677 3091 his
700 3031 767 3091 erat
790 3030 823 3090 et
845 3027 1074 3112 Aristogitonis
1098 3045 1213 3090 noman
1238 3031 1270 3090 at
1290 3025 1366 3091 bani

173 3149 287 3202 aaran
316 3134 395 3198 eins.
443 3131 555 3216 Itaque
588 3153 624 3198 ea
651 3153 700 3197 res
723 3129 913 3218 religionem
938 3131 1073 3196 obiicere
1096 3131 1230 3196 debebat
1254 3129 1366 3195 iudici-

173 3241 250 3314 bus,
294 3239 350 3324 qui
387 3238 617 3326 sycophantam
652 3243 817 3324 tamqnam
854 3238 909 3301 οὐκ
943 3236 1111 3318 ὀφείλοντα
1147 3235 1365 3302 absolvissent.

172 3345 344 3429 Perspicua
375 3343 499 3408 dictum
528 3349 575 3408 ast
606 3343 645 3408 de
672 3338 856 3408 catedras
885 3349 972 3415 τοῖς
1004 3342 1092 3406 ἐκεῖ
1120 3340 1365 3422 γράμμασιν

173 3451 298 3517 ἐναντία
324 3449 492 3528 ἐγνωκότες
516 3445 577 3524 ἦτε.
625 3447 737 3536 Itaque
761 3450 858 3513 etiam
881 3449 965 3534 quod
984 3449 1144 3535 praecedit
1166 3447 1248 3520 ὄντος
1268 3449 1363 3512 αὐτοῦ

173 3558 239 3622 ἐκεῖ
267 3555 379 3621 codam
409 3555 608 3621 referendum
634 3559 666 3620 et
688 3553 818 3640 perinde
843 3560 891 3620 est
915 3575 951 3620 ac
974 3556 1002 3620 si
1026 3555 1158 3620 dixisset
1181 3555 1366 3633 ἐγγεγραμ-

172 3663 264 3742 μένου
293 3663 388 3728 αὐτοῦ
419 3661 491 3725 ἐκεῖ.
541 3659 645 3726 Patris
676 3680 801 3746 quoque
828 3681 945 3726 noman
969 3681 1164 3747 quamquam
1188 3662 1309 3726 mortui
1333 3663 1367 3725 in

171 3769 287 3836 iisdem
311 3765 430 3832 tabulis
453 3766 613 3832 haerebat.

218 3873 372 3958 Omnem,
399 3873 515 3951 credo,
548 3873 781 3939 dubitationem
812 3874 932 3939 eximet
958 3871 1047 3940 locus
1070 3873 1105 3936 in
1128 3873 1268 3939 oratione
1292 3876 1364 3955 πρὸς

173 3979 299 4046 Βοιωτὸν
332 3980 399 4061 τερί
431 3984 484 4044 τοῦ
513 3977 660 4056 όνθματος
683 4000 756 4067 pag.
782 3976 860 4045 998.
930 4027 938 4044 .
964 3977 1003 4044 θον
1025 3977 1056 4044 δὲ
1075 4016 1117 4028 -
1134 3979 1241 4059 χιόνος
1265 3978 1365 4063 tatio„

173 4084 226 4152 καὶ
257 4087 302 4164 μὴ
334 4086 455 4169 όκτισθῇ
488 4084 523 4149 τό
543 4083 695 4168 όφλημα,
720 4085 753 4150 τί
775 4087 900 4164 μᾶλλον
924 4087 949 4151 σί
973 4083 1082 4151 τούτου
1107 4085 1218 4159 παῖδες
1241 4085 1362 4152 ἔσονται

169 4275 359 4286 ..μ-*ιι

212 4401 237 4464 l)
255 4416 310 4466 pag.
328 4401 385 4455 787.
404 4395 486 4451 1.τδν
508 4393 605 4458 τατθοα
624 4421 655 4428 -
673 4393 824 4444 θτοθιινόντα
842 4391 855 4440 ό
873 4391 965 4455 haedis
984 4393 1025 4442 ui
1044 4393 1126 4458 μιαρός
1147 4391 1188 4442 oda
1207 4389 1293 4456 ’όθοοθον
1310 4393 1364 4446 otte

172 4491 225 4547 τοῖς
243 4487 335 4549 θάψασι
353 4490 399 4548 τὴν
417 4489 499 4551 ταφὴν
518 4483 639 4536 tribum
657 4483 725 4535 όλοιθι
744 4483 786 4534 καί
803 4480 870 4544 δίκην
886 4483 944 4548 apta
963 4480 1067 4549 θοιοιχον.
