3372 5192
735 386 802 457 527

173 578 334 661 έπρὰχθη,
358 581 396 646 σὺ
421 579 452 646 δέ
475 579 561 646 τοῦτ’
583 579 743 659 έμιμήσα,
769 580 820 646 διὰ
843 577 930 646 τοῦτ’
952 577 1147 663 ἁποφεθγοις
1168 579 1207 647 ἁν
1225 579 1364 660 δικαίας,

172 686 261 751 ἁλλὰ
290 687 396 767 πολλῷ
428 689 552 764 μᾶλλον
583 684 731 752 ἁλίσκοιο.
761 683 861 766 ὥσπερ
890 685 955 765 γὰρ
980 685 1008 751 εθ
1029 707 1076 760 τις
1102 686 1219 754 ἐκείνων
1244 688 1364 770 προήλω

172 793 210 857 σὺ
241 791 311 858 πὰἁ
341 794 394 859 οὐκ
425 792 463 859 θον
495 790 657 874 ἔγραψας,
690 789 782 866 οὕτως
815 792 854 857 θον
884 794 921 858 σὺ
946 795 997 857 νῦν
1021 793 1105 867 δίκην
1129 793 1185 874 δῷς
1210 779 1307 866 ἄλλος
1332 795 1365 858 οὐ

173 897 300 979 γρθψει.
332 920 432 985 quum
462 899 668 966 vehementer
698 903 780 964 esset
809 899 999 984 probatum,
1032 900 1169 965 triennio
1196 904 1268 984 post
1291 898 1364 964 κατ’

175 1002 405 1087 Ἀριςοκρὰπους
429 1026 502 1093 pag.
528 1004 604 1070 653.
631 1002 683 1071 17.
710 1005 809 1070 dixit:
834 1006 867 1070 οὐ
887 1005 951 1084 γὰρ
971 1005 999 1069 εθ
1017 1029 1047 1070 τι
1069 1005 1193 1071 πώποτε
1213 1008 1257 1083 μή
1279 1006 1366 1070 καπὰ

173 1112 243 1184 τοὺς
269 1111 376 1189 νθμονς
401 1113 564 1193 ἐπρήχθη,
590 1112 627 1175 σὺ
654 1111 684 1176 δέ
708 1109 794 1175 τοῦτ’
820 1111 961 1188 ἐμιμήσω
986 1109 1038 1174 διὰ
1061 1109 1147 1175 τοῦτ’
1171 1112 1367 1192 ἀποφεύγειν

174 1241 220 1281 σοι
244 1220 386 1298 προσήκει
411 1217 499 1283 ἁλλὰ
523 1215 698 1282 πούνανσθον
722 1216 803 1280 πολὺ
827 1219 951 1294 μὰλλον
975 1217 1157 1283 ἁλίσκεσθαι
1177 1216 1228 1283 διὰ
1248 1221 1365 1282 ταῦτα.

174 1321 273 1404 ὥσπερ
296 1323 360 1403 γὰρ
383 1321 412 1388 εθ
430 1346 477 1395 τις
498 1321 616 1387 εἰεεθνιιν
637 1321 718 1388 έὰλοι
740 1323 779 1387 σὺ
799 1320 871 1387 ποθή
894 1323 948 1387 οὐκ
969 1321 1007 1388 ἁν
1028 1319 1191 1403 ἔγραψας,
1214 1318 1307 1395 οὕτως
1328 1323 1366 1388 ἁν

175 1430 212 1494 σὺ
237 1433 288 1495 νῦν
312 1429 395 1510 ἁλῷς
420 1427 517 1500 ἄλλος
540 1430 574 1493 οθ
598 1427 726 1510 γρὰψει.

219 1536 270 1601 Ad
293 1536 430 1601 eundem
452 1536 586 1600 modum
610 1533 696 1600 locos
716 1555 755 1600 ex
774 1533 978 1599 Ααιθσοθθοαοα
998 1537 1033 1599 in
1048 1539 1258 1600 θῖαοονοθεοοι
1271 1538 1367 1601 tertio

173 1647 245 1728 post
267 1662 349 1708 anno
371 1641 517 1707 habitam
539 1639 723 1724 transtulit,
747 1643 779 1704 et
802 1641 836 1703 iu
858 1641 910 1704 his
932 1639 1060 1724 locum,
1085 1641 1123 1706 de
1147 1660 1209 1725 quo
1239 1643 1367 1728 agimus

173 1768 246 1835 pag.
281 1745 357 1815 755.
392 1746 422 1812 3.
457 1747 546 1812 ἁλλὰ
573 1747 607 1821 νή
640 1746 706 1811 Δθα
727 1749 835 1810 ταῦτα
858 1753 1020 1811 MONON
1046 1751 1175 1810 τοιοῦτον
1200 1746 1368 1825 γεγθνασιν

176 1891 218 1903 -
237 1852 325 1918 ἄλλα
359 1854 385 1919 δ’
421 1851 481 1916 ἔσθ’
517 1846 539 1917 ἁ
572 1858 675 1924 καλῶς
710 1852 903 1934 διῳκήκασιν.
939 1851 1029 1916 ἁλλὰ
1066 1851 1117 1916 καὶ
1149 1848 1260 1917 πὰλλα
1291 1851 1367 1919 οὕτω

174 1959 418 2041 προσεληλύθασι
450 1959 523 2038 πρὸς
556 1959 638 2035 ὑμᾶς
663 1954 731 2022 ὥσθ’
756 1954 848 2030 ήκιςα
873 1959 939 2022 ἘΝ
962 1953 1005 2029 οἷο
1027 1956 1185 2030 ἁαηκθατε
1208 1955 1294 2028 ἁξιθν
1319 1960 1364 2027 ἒςι

175 2073 277 2144 μισεῖν
301 2064 424 2138 αὐτούς.
470 2064 533 2129 His
555 2067 640 2129 inter
662 2085 695 2128 se
720 2065 910 2148 comparetis
931 2067 1020 2148 patet
1042 2063 1212 2148 utrobique
1232 2064 1368 2130 scriben-

176 2170 254 2235 dum
278 2175 381 2235 ταῦτα
406 2177 520 2255 ΜΕΝ,
545 2169 579 2234 id
605 2169 688 2254 quod
711 2171 781 2254 ipse
804 2169 1010 2252 oppositionis
1032 2170 1115 2233 ratio
1138 2167 1288 2252 postulat.
1330 2167 1368 2232 In

176 2277 279 2362 priore
309 2276 378 2342 loeo
411 2277 469 2354 μέν
499 2279 533 2341 in
565 2275 588 2341 S
617 2275 799 2352 intercidit,
831 2276 865 2338 iu
896 2273 995 2339 altero
1027 2279 1211 2358 corruptum
1245 2279 1293 2339 est
1319 2273 1376 2360 (ut‘

177 2385 280 2467 saepe)
313 2384 348 2448 in
377 2382 476 2460 μθνον.
524 2380 691 2447 Praeterea
721 2380 876 2445 mendum
906 2381 990 2444 inest
1023 2382 1151 2465 utrique
1182 2379 1250 2445 loeo
1282 2400 1368 2446 eem-

176 2509 283 2554 mune.
331 2488 452 2554 Vitiose
475 2489 562 2553 euim
586 2487 704 2552 dieitur
725 2494 827 2565 μισεῖν
852 2486 964 2560 αὐτοὺς
987 2484 1056 2551 ἘΝ
1078 2482 1120 2560 οἷς
1142 2485 1315 2572 ἁκηκθαπε,
1336 2491 1369 2552 et

176 2596 247 2679 quis
268 2614 331 2659 non
353 2596 451 2659 sentit
473 2592 547 2658 ’ἐφ’
570 2587 612 2663 οἷς
637 2590 794 2667 ἁιιηκθασε
818 2612 885 2658 esse
908 2589 1042 2660 verum?

220 2801 301 2888 Peg.
329 2799 405 2866 616.
431 2801 463 2865 9.
487 2805 595 2865 ταῦτα
618 2799 675 2876 μέν
698 2800 796 2866 ποθννν
813 2837 855 2849 ·-
876 2801 1029 2879 ήφὰνιςαι
1053 2799 1287 2880 καθαιρεθέντων
1310 2807 1369 2866 πῶν

175 2906 336 2988 creetur·
369 2907 419 2972 έπὶ
450 2914 522 2979 παῖς
551 2905 684 2988 φιὰλαις
708 2907 735 2971 δ’
760 2897 798 2978 ἁς
823 2907 891 2971 ἀντ’
916 2905 1035 2971 έκεθνων
1057 2906 1222 2981 ἐποιήσατο
1246 2908 1317 2985 ὑμῖν
1343 2907 1369 2992 [θ

176 3011 279 3093 πθρνοο
298 3008 397 3100 οὗτος]
424 3012 653 3092 ,Ἀνδροτίωνος
675 3010 920 3089 έπιμελομένον”
942 3009 1148 3096 [ἐποιήθησαν]
1176 3012 1370 3094 ἐπιγέγραπ-

177 3141 249 3185 παι·
284 3120 336 3184 καὶ
369 3114 403 3183 οὗ
429 3117 464 3182 πὸ
488 3123 580 3195 σῶμα
605 3116 800 3198 ήπαιρηκθπος
825 3119 878 3181 οὐκ
903 3116 988 3181 ἐῶσιν
1010 3117 1037 3181 οἱ
1061 3115 1145 3192 νθμοι
1169 3118 1212 3188 εἷς
1235 3119 1279 3183 πὰ
1302 3120 1368 3200 ἱερὰ

177 3223 320 3302 εἰσιέναι,
344 3224 452 3288 τούτου
475 3221 612 3300 τοῦνομα
637 3225 669 3287 έν
695 3231 758 3295 τοῖς
783 3223 870 3302 ἱεροῖο
894 3221 944 3284 έπὶ
970 3229 1042 3294 ταῖς
1065 3219 1201 3302 Φιὰλοιις
1227 3246 1371 3305 γεγραμ-

176 3331 263 3409 μένον
293 3331 366 3398 ἐςθν.
412 3329 532 3395 Eadem
563 3328 794 3415 propemodum
829 3327 928 3394 rerba
962 3327 1001 3392 de
1037 3326 1149 3392 eudem
1183 3348 1217 3394 re
1254 3332 1371 3417 scripte

171 3438 324 3526 leguntur
354 3457 428 3524 pag.
461 3432 537 3501 756.
572 3434 626 3501 19.
675 3435 712 3500 Iu
743 3437 847 3521 priore
879 3432 951 3498 loeo
986 3435 1092 3518 prima
1127 3453 1240 3500 manus
1275 3438 1309 3500 in
1345 3435 1369 3503 S

77 3540 81 3546 “
176 3545 287 3609 omisit
308 3544 322 3607 θ
346 3542 450 3622 σθρνος
474 3537 571 3612 οὖσος.
617 3540 825 3616 Rectissime,
850 3544 889 3605 ut
908 3541 1039 3624 opinor,
1058 3559 1196 3624 namque
1215 3543 1257 3607 iis
1276 3545 1372 3609 omis-

175 3653 218 3715 sis
248 3647 353 3714 multo
384 3649 485 3714 acrior
517 3652 549 3712 et
579 3646 798 3713 vehementior
830 3646 870 3711 ud
901 3647 1047 3710 animum
1078 3650 1111 3711 et
1143 3666 1234 3711 aures
1257 3649 1373 3713 eccidit

175 3775 307 3841 sequens
331 3757 451 3820 oratio:
475 3748 510 3817 οὗ
532 3753 567 3817 τὸ
592 3759 685 3830 σῶμα
710 3750 906 3834 ήπαιρηκθτος
933 3750 998 3815 xri.
1034 3749 1071 3816 In
1095 3754 1183 3818 exitu
1208 3751 1270 3818 loci
1290 3753 1371 3842 legi·

177 3867 231 3927 tur
260 3864 295 3926 in
327 3861 526 3925 Ἰέίννοοποθοαε
560 3857 791 3938 ,Ἀνδροτίωνος
827 3855 1079 3934 έπιμελομένον.”
1115 3857 1370 3941 ἐπιγέγραπται,

179 3967 295 4031 omisso
325 3965 517 4040 ἐποιήθησαν.
564 3963 653 4030 Heee
685 3984 809 4049 quoque
842 3966 891 4028 eet
922 3982 998 4029 vere
1032 3966 1066 4028 et
1099 3966 1230 4049 antiqua
1258 3965 1372 4052 lectio,

178 4091 316 4156 nemque
346 4073 550 4156 perspicuum
580 4075 628 4135 eet
662 4071 697 4134 in
726 4071 805 4154 ipsis
836 4069 974 4134 donariis
1004 4067 1187 4144 ἐποιήθησαν
1218 4074 1373 4158 seriptum

179 4197 241 4242 non
264 4175 373 4242 fuisse.
1365 4193 1375 4204 “

224 4281 391 4348 Praeterea
422 4283 456 4344 in
487 4287 620 4366 utroque
652 4279 721 4346 loeo
752 4279 943 4367 legendum:
976 4274 1014 4343 ὧν
1047 4281 1259 4359 ὑπομνήμαΤ’
1293 4281 1373 4360 ήσαν

177 4387 259 4461 ὄντες
283 4389 309 4453 οἱ
334 4387 479 4466 ςέΦανοι,
506 4407 563 4472 pro
589 4387 766 4465 ὑπθμνημΑ
794 4380 883 4458 ἦσαν.
