3410 5180
769 359 835 428 445

204 548 239 613 in
263 550 379 635 quibue
403 559 463 616 ΟΝ
486 572 549 618 uon
566 553 643 617 satie
663 557 785 617 eertum
805 572 872 618 esse
892 553 1056 618 annotavit
1075 550 1290 618 Tieehendorf.
1335 549 1397 619 Sed

205 655 289 722 nihii
317 657 385 723 ullo
414 657 508 724 modo
540 660 693 744 expiscari
723 659 829 744 potui,
865 679 966 744 neque
996 678 1058 744 quo
1088 658 1253 742 proverbio
1287 656 1334 746 (τὸ
1358 660 1393 734 δὴ

207 761 386 850 λεγόμενον)
411 784 489 829 neue
511 766 555 830 eit
577 767 660 849 seio,
683 785 785 849 neque
808 784 869 849 quo
891 766 942 830 uti
963 765 1104 850 potuerit
1131 765 1286 851 excogito.
1333 762 1396 830 Ita

207 886 268 951 que
290 868 367 934 haee
391 868 463 935 ah'ia
487 869 668 958 indaganda
685 868 845 954 relinquo.

253 1076 307 1144 Va.
331 1076 386 1144 39.

481 1168 604 1242 οῖτίποις
629 1170 765 1249 ἐμαυτοῦ
790 1171 842 1235 καί
867 1169 986 1252 βαρέως
1011 1170 1086 1252 ἔχοι.

210 1273 321 1340 eodem
351 1275 447 1342 modo
476 1275 599 1342 dietum
628 1281 676 1342 eet
702 1297 764 1362 quo
787 1276 958 1344 Philemon
981 1277 1063 1343 dixit
1087 1278 1171 1363 apud
1193 1278 1395 1344 Athenaeum

211 1401 285 1469 pag.
311 1381 387 1450 569.
414 1401 446 1448 n.

437 1490 490 1554 οὐκ
512 1485 546 1556 εὖ
569 1493 701 1555 σεαυτοῦ
725 1489 900 1573 τυγχάνεις
923 1488 1023 1572 ἔχων·
1048 1488 1134 1574 ἔχεις

439 1593 613 1682 (ἒςυκίτοις)
639 1619 719 1668 πιος·
746 1599 763 1672 ἡ
786 1598 860 1677 ίιίρα
883 1595 923 1667 ’ς’
948 1597 1139 1680 ἀνεῳγμένη.

436 1695 479 1776 είς
504 1701 631 1782 ῖβολίς,
656 1702 849 1780 εἰσπήδησον.

258 1907 350 1989 Quod
373 1915 420 1978 eet
442 1913 476 1977 in
498 1911 667 1980 Menandri
690 1913 871 2001 fragmento

484 2017 547 2082 οῖπδ
571 2025 694 2098 κρουνῶν
717 2025 802 2099 τριῶν
825 2016 913 2084 ίίδατι
938 2018 1120 2100 περίρραναι.

211 2121 342 2187 sortasse
372 2121 479 2188 lucem
508 2123 615 2190 afferre
638 2127 755 2208 poterit
777 2125 909 2190 oboeuro
931 2130 964 2190 et
985 2146 1085 2210 paene
1107 2123 1302 2190 conclamato
1325 2123 1395 2190 loeo
1453 2119 1465 2142 ⁸

210 2225 419 2313 Theophrasti
454 2229 590 2294 charact.
626 2229 711 2295 ΧΠ.
747 2232 761 2296 ί
795 2232 826 2295 δὲ
863 2231 1055 2309 δεισιδαίμων
1089 2229 1223 2302 τοιοῦτός
1258 2252 1305 2302 τις
1340 2225 1398 2303 οίος

210 2334 381 2415 ἕπιχροινιῖν
411 2334 643 2416 ἀπονιψάμενος
674 2336 734 2410 τοῖς
762 2345 872 2418 χεῖρας
897 2375 940 2386 --
964 2343 1157 2416 περιπατεῖν.
1206 2335 1330 2401 Diserte
1352 2337 1399 2402 sio

210 2440 380 2521 ἐπιχρωνιῖν
410 2443 444 2506 in
474 2440 620 2508 Palatino
652 2445 808 2529 seriptum
839 2463 906 2508 esee
931 2443 997 2509 vidi
1021 2445 1089 2508 eine
1111 2462 1214 2508 sensu.
1264 2440 1401 2521 Quidni

209 2545 332 2612 dederit
356 2547 419 2612 οῖπδ
442 2553 566 2627 κρουνῶν
589 2556 675 2630 τριῶν
698 2547 929 2628 ἀπονιψάμενος
954 2548 1013 2624 τοῖς
1036 2557 1158 2629 χεῖρας.

255 2967 292 3032 P.
306 2966 338 3034 S.
363 2963 493 3052 εὕρηκα,
516 2961 648 3048 εὕρηκα,
673 2967 757 3052 quod
779 2966 902 3032 dudum
926 2967 1044 3033 frustra
1065 2968 1302 3052 quaesiveram,
1324 2966 1401 3052 quid

211 3073 340 3140 tandem
363 3072 477 3138 lateret
499 3074 534 3138 in
557 3073 680 3139 verbio:

804 3178 1021 3259 φορτικώτερον
1043 3177 1076 3244 δέ
1096 3203 1126 3244 τι

392 3283 564 3364 ἐπέρχεταί
586 3306 656 3368 μοι,
678 3281 827 3364 τρόφιμε,
854 3280 1042 3362 συγγνώμην
1066 3286 1093 3350 δ’
1115 3283 1183 3367 ἔχε.

392 3390 427 3455 τδ
451 3390 487 3465 δίη
510 3388 677 3469 λεγόμενον
700 3392 753 3456 οὐκ
778 3390 862 3471 ίχεις
887 3390 1041 3456 ON***

391 3495 449 3561 ὑπὸ
472 3503 531 3562 τῶν
554 3496 699 3576 οῖγαίῶν,
725 3493 759 3562 εὖ
783 3495 853 3561 ίσίι.

253 3601 415 3690 [regebam
449 3603 529 3668 forte
564 3603 717 3668 Antonini
754 3609 812 3667 τῶν
844 3603 886 3672 είς
918 3597 1027 3666 ἕαυτίν
1061 3600 1134 3666 libr.
1167 3599 1204 3666 V.
1240 3621 1307 3686 eap.
1345 3599 1398 3667 12.

209 3707 300 3776 ὁποῖοί
330 3707 400 3772 τινοί
432 3709 477 3778 ἒςι
509 3707 551 3773 τίς
582 3715 644 3780 τοῖς
678 3717 805 3782 πολλοῖς
836 3710 982 3773 δοκοῦντα
1012 3707 1122 3784 arata
1145 3707 1199 3771 καί
1225 3706 1301 3794 (leg.
1328 3706 1400 3788 κίον)

209 3814 344 3880 ἕντεῖιίεν
378 3812 502 3893 λοίβοις.
562 3815 599 3878 Ei
636 3811 698 3892 νοίρ
733 3836 780 3886 τις
816 3813 998 3888 ἐπινοήσειεν
1034 3811 1216 3891 ὑπαρχοντοί
1251 3835 1321 3876 τινα
1360 3816 1398 3885 ὡς

208 3921 327 3996 οίληίῖις
350 3917 479 3998 arato,
503 3913 562 3985 οῖον
584 3918 744 4001 Φρόνησιν,
769 3918 981 4001 σωφροσύνην,
1006 3919 1212 3996 δικαιοσύνην,
1236 3919 1397 3998 οῖνδρείαν,

208 4029 262 4093 οίιιι
285 4025 323 4092 ῖιν
347 4028 453 4090 ταῦτα
476 4025 694 4103 προεπινονίσας
719 4023 765 4091 ἔτι
789 4027 921 4091 οῖαοῖισαι
945 4025 1079 4101 δυνηθείη
1103 4024 1155 4089 τί·

461 4131 539 4214 ,ὑπὸ
563 4137 604 4196 τῶ
629 4132 737 4209 dyada
761 4133 825 4211 γὰρ
851 4133 930 4219 (οὖν)
957 4129 1156 4213 immendare?

208 4239 252 4305 τίς
275 4237 307 4304 δέ
326 4260 367 4316 γε
386 4245 449 4310 τοῖς
470 4245 595 4310 πολλοῖς
614 4237 790 4318 Φαινίμενα
808 4235 919 4314 areta
938 4237 1156 4316 προεπινονίσας
1177 4259 1225 4308 τις
1247 4273 1268 4286 -
1291 4237 1398 4319 ῥᾳδίως

208 4347 330 4424 δέξεται
354 4347 392 4417 ὥς
420 4346 532 4416 νίκείως
556 4344 774 4423 ἐπιλεγόμενον
798 4344 833 4408 τδ
859 4345 916 4409 ὑπὸ
940 4347 994 4408 τοῦ
1019 4347 1160 4419 Κυμινοιῖ
1184 4342 1345 4422 είρημίνον.
1367 4349 1401 4411 et

207 4457 279 4540 poet
306 4469 423 4538 pauca:
452 4451 549 4534 πρίῖίι
581 4449 629 4518 οὖν
659 4450 710 4514 καί
732 4451 827 4530 ἐριίτα
847 4451 874 4516 εί
894 4448 1038 4530 τιμητέον
1058 4449 1110 4515 καί
1132 4449 1242 4528 aeota
1262 4449 1400 4525 ὑποληπ-
