<?xml version="1.0" encoding="UTF-8"?>
<!DOCTYPE html PUBLIC "-//W3C//DTD XHTML 1.0 Transitional//EN"
    "http://www.w3.org/TR/xhtml1/DTD/xhtml1-transitional.dtd">
<html xmlns="http://www.w3.org/1999/xhtml" xml:lang="en" lang="en">
 <head>
  <title>
</title>
<meta http-equiv="Content-Type" content="text/html;charset=utf-8" />
  <meta name='ocr-system' content='tesseract 3.04.00' />
  <meta name='ocr-capabilities' content='ocr_page ocr_carea ocr_par ocr_line ocrx_word'/>
</head>
<body>
  <div class='ocr_page' id='page_1' title='image "./miscellaneacrit01cobegoog_0370.png"; bbox 0 0 3392 5186; ppageno 0'>
   <div class='ocr_carea' id='block_1_1' title="bbox 732 347 797 416">
    <p class='ocr_par' dir='ltr' id='par_1_1' title="bbox 732 347 797 416">
     <span class='ocr_line' id='line_1_1' title="bbox 732 347 797 416; baseline -0.015 0"><span class='ocrx_word' id='word_1_1' title='bbox 732 347 797 416; x_wconf 80' lang='lat'><strong>345</strong></span> 
     </span>
    </p>
   </div>
   <div class='ocr_carea' id='block_1_2' title="bbox 161 533 1361 2858">
    <p class='ocr_par' dir='ltr' id='par_1_2' title="bbox 163 533 1359 842">
     <span class='ocr_line' id='line_1_2' title="bbox 163 533 1359 622; baseline -0.003 -14"><span class='ocrx_word' id='word_1_2' title='bbox 163 539 374 620; x_wconf 85' lang='grc' dir='ltr'><em>Παίοατε,</em></span> <span class='ocrx_word' id='word_1_3' title='bbox 407 533 479 622; x_wconf 83' lang='grc' dir='ltr'><em>ύπερ</em></span> <span class='ocrx_word' id='word_1_4' title='bbox 503 541 591 619; x_wconf 70' lang='grc' dir='ltr'><em>ἡμεῖς</em></span> <span class='ocrx_word' id='word_1_5' title='bbox 619 535 809 620; x_wconf 73' lang='grc' dir='ltr'><em>παίξατε.</em></span> <span class='ocrx_word' id='word_1_6' title='bbox 854 537 1012 621; x_wconf 75' lang='grc' dir='ltr'><em>Ὅμηρος·</em></span> <span class='ocrx_word' id='word_1_7' title='bbox 1037 536 1196 619; x_wconf 80' lang='grc' dir='ltr'><em>παίσατε,</em></span> <span class='ocrx_word' id='word_1_8' title='bbox 1222 535 1259 612; x_wconf 78' lang='grc' dir='ltr'><strong>ύς</strong></span> <span class='ocrx_word' id='word_1_9' title='bbox 1283 539 1319 620; x_wconf 84' lang='grc' dir='ltr'><strong>χ’</strong></span> <span class='ocrx_word' id='word_1_10' title='bbox 1344 537 1359 604; x_wconf 88' lang='grc' dir='ltr'><em>ύ</em></span> 
     </span>
     <span class='ocr_line' id='line_1_3' title="bbox 163 647 620 732; baseline 0 -18"><span class='ocrx_word' id='word_1_11' title='bbox 163 647 276 726; x_wconf 76' lang='grc' dir='ltr'><em>ξεῖνος.</em></span> <span class='ocrx_word' id='word_1_12' title='bbox 616 727 620 732; x_wconf 27' lang='grc' dir='ltr'>Ι</span> 
     </span>
     <span class='ocr_line' id='line_1_4' title="bbox 214 751 732 842; baseline 0 -24"><span class='ocrx_word' id='word_1_13' title='bbox 214 753 325 840; x_wconf 87' lang='lat' dir='ltr'><strong>Itaque</strong></span> <span class='ocrx_word' id='word_1_14' title='bbox 348 758 381 820; x_wconf 89' lang='lat' dir='ltr'><strong>et</strong></span> <span class='ocrx_word' id='word_1_15' title='bbox 402 753 437 818; x_wconf 91' lang='lat' dir='ltr'><strong>in</strong></span> <span class='ocrx_word' id='word_1_16' title='bbox 462 751 575 842; x_wconf 84' lang='lat' dir='ltr'><strong>Odyss.</strong></span> <span class='ocrx_word' id='word_1_17' title='bbox 600 762 639 818; x_wconf 81' lang='grc' dir='ltr'><strong>Ψ.</strong></span> <span class='ocrx_word' id='word_1_18' title='bbox 656 751 732 818; x_wconf 87' lang='grc'><strong>134.</strong></span> 
     </span>
    </p>

    <p class='ocr_par' dir='ltr' id='par_1_3' title="bbox 375 854 1139 940">
     <span class='ocr_line' id='line_1_5' title="bbox 375 854 1139 940; baseline 0 -16"><span class='ocrx_word' id='word_1_19' title='bbox 375 858 474 940; x_wconf 69' lang='grc' dir='ltr'><em>αὐτὰρ</em></span> <span class='ocrx_word' id='word_1_20' title='bbox 499 859 573 929; x_wconf 75' lang='lat' dir='ltr'><strong>deire</strong></span> <span class='ocrx_word' id='word_1_21' title='bbox 596 857 693 930; x_wconf 77' lang='grc' dir='ltr'><em>ιίοιδὸο</em></span> <span class='ocrx_word' id='word_1_22' title='bbox 718 856 798 940; x_wconf 77' lang='grc' dir='ltr'><strong>ἔχων</strong></span> <span class='ocrx_word' id='word_1_23' title='bbox 821 854 991 940; x_wconf 89' lang='grc' dir='ltr'><em>φύρμιγγα</em></span> <span class='ocrx_word' id='word_1_24' title='bbox 1015 863 1139 936; x_wconf 83' lang='grc' dir='ltr'><em>λιγεΐοιν</em></span> 
     </span>
    </p>

    <p class='ocr_par' dir='ltr' id='par_1_4' title="bbox 162 964 1361 1687">
     <span class='ocr_line' id='line_1_6' title="bbox 374 964 1071 1047; baseline 0.001 -16"><span class='ocrx_word' id='word_1_25' title='bbox 374 968 447 1044; x_wconf 75' lang='grc' dir='ltr'><em>ύμῖν</em></span> <span class='ocrx_word' id='word_1_26' title='bbox 471 965 600 1043; x_wconf 78' lang='grc' dir='ltr'><em>ἧγείοίοι</em></span> <span class='ocrx_word' id='word_1_27' title='bbox 623 965 874 1047; x_wconf 71' lang='grc' dir='ltr'><strong>φιλοπαίγμονος</strong></span> <span class='ocrx_word' id='word_1_28' title='bbox 897 964 1071 1046; x_wconf 80' lang='grc' dir='ltr'><em>ίρχιρίμοῖο.</em></span> 
     </span>
     <span class='ocr_line' id='line_1_7' title="bbox 163 1069 1360 1158; baseline -0.001 -21"><span class='ocrx_word' id='word_1_29' title='bbox 163 1073 264 1158; x_wconf 69' lang='lat' dir='ltr'><strong>poeta</strong></span> <span class='ocrx_word' id='word_1_30' title='bbox 294 1069 422 1137; x_wconf 76' lang='lat' dir='ltr'>dederat</span> <span class='ocrx_word' id='word_1_31' title='bbox 455 1073 576 1138; x_wconf 85' lang='lat' dir='ltr'><strong>civium</strong></span> <span class='ocrx_word' id='word_1_32' title='bbox 600 1092 731 1138; x_wconf 91' lang='lat' dir='ltr'><strong>snorum</strong></span> <span class='ocrx_word' id='word_1_33' title='bbox 753 1077 900 1140; x_wconf 81' lang='lat' dir='ltr'><strong>ueterum</strong></span> <span class='ocrx_word' id='word_1_34' title='bbox 923 1092 1012 1138; x_wconf 90' lang='lat' dir='ltr'><strong>mora</strong></span> <span class='ocrx_word' id='word_1_35' title='bbox 1036 1070 1302 1154; x_wconf 81' lang='grc' dir='ltr'><em>φιλοπαίσμονοο,</em></span> <span class='ocrx_word' id='word_1_36' title='bbox 1327 1075 1360 1137; x_wconf 89' lang='lat' dir='ltr'><strong>et</strong></span> 
     </span>
     <span class='ocr_line' id='line_1_8' title="bbox 163 1175 1361 1263; baseline 0 -21"><span class='ocrx_word' id='word_1_37' title='bbox 163 1180 207 1242; x_wconf 92' lang='lat' dir='ltr'><strong>ut</strong></span> <span class='ocrx_word' id='word_1_38' title='bbox 237 1175 296 1242; x_wconf 85' lang='lat' dir='ltr'><strong>illo</strong></span> <span class='ocrx_word' id='word_1_39' title='bbox 322 1176 392 1243; x_wconf 85' lang='lat' dir='ltr'><strong>loeo</strong></span> <span class='ocrx_word' id='word_1_40' title='bbox 414 1178 449 1242; x_wconf 94' lang='lat' dir='ltr'><strong>in</strong></span> <span class='ocrx_word' id='word_1_41' title='bbox 471 1175 562 1242; x_wconf 86' lang='lat' dir='ltr'><strong>libris</strong></span> <span class='ocrx_word' id='word_1_42' title='bbox 583 1178 775 1263; x_wconf 88' lang='lat' dir='ltr'><strong>quibusdam</strong></span> <span class='ocrx_word' id='word_1_43' title='bbox 798 1178 967 1245; x_wconf 86' lang='lat' dir='ltr'><strong>manifesto</strong></span> <span class='ocrx_word' id='word_1_44' title='bbox 989 1197 1091 1245; x_wconf 86' lang='lat' dir='ltr'><strong>errore</strong></span> <span class='ocrx_word' id='word_1_45' title='bbox 1114 1177 1265 1243; x_wconf 78' lang='lat' dir='ltr'><strong>scribitur</strong></span> <span class='ocrx_word' id='word_1_46' title='bbox 1287 1176 1361 1242; x_wconf 86' lang='grc' dir='ltr'><em>παί-</em></span> 
     </span>
     <span class='ocr_line' id='line_1_9' title="bbox 164 1279 1361 1373; baseline 0.002 -25"><span class='ocrx_word' id='word_1_47' title='bbox 164 1279 267 1360; x_wconf 63' lang='lat' dir='ltr'><strong>Sars,</strong></span> <span class='ocrx_word' id='word_1_48' title='bbox 298 1283 345 1348; x_wconf 88' lang='lat' dir='ltr'><strong>sio</strong></span> <span class='ocrx_word' id='word_1_49' title='bbox 373 1282 434 1348; x_wconf 87' lang='lat' dir='ltr'><strong>hoo</strong></span> <span class='ocrx_word' id='word_1_50' title='bbox 464 1280 533 1348; x_wconf 88' lang='lat' dir='ltr'><strong>looo</strong></span> <span class='ocrx_word' id='word_1_51' title='bbox 563 1303 626 1349; x_wconf 92' lang='lat' dir='ltr'><strong>non</strong></span> <span class='ocrx_word' id='word_1_52' title='bbox 652 1287 760 1350; x_wconf 91' lang='lat' dir='ltr'><strong>minus</strong></span> <span class='ocrx_word' id='word_1_53' title='bbox 782 1290 890 1373; x_wconf 90' lang='lat' dir='ltr'><strong>aperto</strong></span> <span class='ocrx_word' id='word_1_54' title='bbox 913 1284 1029 1351; x_wconf 90' lang='lat' dir='ltr'><strong>mendo</strong></span> <span class='ocrx_word' id='word_1_55' title='bbox 1052 1285 1236 1369; x_wconf 72' lang='lat' dir='ltr'><strong>aequiorum</strong></span> <span class='ocrx_word' id='word_1_56' title='bbox 1258 1282 1361 1350; x_wconf 78' lang='lat' dir='ltr'><strong>torma</strong></span> 
     </span>
     <span class='ocr_line' id='line_1_10' title="bbox 165 1387 1361 1479; baseline 0.003 -26"><span class='ocrx_word' id='word_1_57' title='bbox 165 1389 399 1470; x_wconf 84' lang='grc' dir='ltr'><em>φιλοταίγμων</em></span> <span class='ocrx_word' id='word_1_58' title='bbox 421 1390 539 1474; x_wconf 81' lang='lat' dir='ltr'><strong>scripta</strong></span> <span class='ocrx_word' id='word_1_59' title='bbox 561 1393 618 1455; x_wconf 90' lang='lat' dir='ltr'><strong>est.</strong></span> <span class='ocrx_word' id='word_1_60' title='bbox 665 1389 740 1456; x_wconf 86' lang='lat' dir='ltr'><strong>Una</strong></span> <span class='ocrx_word' id='word_1_61' title='bbox 761 1409 855 1477; x_wconf 86' lang='lat' dir='ltr'><strong>opera</strong></span> <span class='ocrx_word' id='word_1_62' title='bbox 876 1391 1096 1479; x_wconf 74' lang='lat' dir='ltr'><strong>fragmentum</strong></span> <span class='ocrx_word' id='word_1_63' title='bbox 1119 1387 1254 1455; x_wconf 78' lang='lat' dir='ltr'><strong>Hesiodi</strong></span> <span class='ocrx_word' id='word_1_64' title='bbox 1276 1387 1361 1475; x_wconf 88' lang='lat' dir='ltr'><strong>apud</strong></span> 
     </span>
     <span class='ocr_line' id='line_1_11' title="bbox 165 1493 1359 1583; baseline 0.001 -23"><span class='ocrx_word' id='word_1_65' title='bbox 165 1493 360 1562; x_wconf 77' lang='lat' dir='ltr'><strong>Strabonem</strong></span> <span class='ocrx_word' id='word_1_66' title='bbox 390 1494 432 1560; x_wconf 89' lang='lat' dir='ltr'><strong>X.</strong></span> <span class='ocrx_word' id='word_1_67' title='bbox 457 1515 532 1583; x_wconf 83' lang='lat' dir='ltr'><strong>pag.</strong></span> <span class='ocrx_word' id='word_1_68' title='bbox 557 1493 635 1562; x_wconf 79' lang='lat'>471.</span> <span class='ocrx_word' id='word_1_69' title='bbox 662 1497 883 1563; x_wconf 78' lang='lat' dir='ltr'><strong>emendabitur</strong></span> <span class='ocrx_word' id='word_1_70' title='bbox 906 1495 1071 1563; x_wconf 78' lang='lat' dir='ltr'><strong>scribendo</strong></span> <span class='ocrx_word' id='word_1_71' title='bbox 1094 1496 1359 1578; x_wconf 77' lang='grc' dir='ltr'><em>φιλοπαίσμονες,</em></span> 
     </span>
     <span class='ocr_line' id='line_1_12' title="bbox 162 1603 719 1687; baseline 0 -21"><span class='ocrx_word' id='word_1_72' title='bbox 162 1603 353 1682; x_wconf 74' lang='grc' dir='ltr'><em>ύρχνρςῆρες,</em></span> <span class='ocrx_word' id='word_1_73' title='bbox 377 1621 434 1687; x_wconf 89' lang='lat' dir='ltr'><strong>pro</strong></span> <span class='ocrx_word' id='word_1_74' title='bbox 457 1603 719 1680; x_wconf 77' lang='grc' dir='ltr'><em>φιλοπαίγμονεο.</em></span> 
     </span>
    </p>

    <p class='ocr_par' dir='ltr' id='par_1_5' title="bbox 161 1707 1361 2858">
     <span class='ocr_line' id='line_1_13' title="bbox 211 1707 1361 1795; baseline 0.002 -24"><span class='ocrx_word' id='word_1_75' title='bbox 211 1707 373 1772; x_wconf 82' lang='lat' dir='ltr'><strong>Futurum</strong></span> <span class='ocrx_word' id='word_1_76' title='bbox 396 1707 486 1774; x_wconf 80' lang='lat' dir='ltr'><strong>verbi</strong></span> <span class='ocrx_word' id='word_1_77' title='bbox 509 1707 630 1788; x_wconf 76' lang='grc' dir='ltr'><em>παίζειν</em></span> <span class='ocrx_word' id='word_1_78' title='bbox 654 1709 738 1795; x_wconf 90' lang='lat' dir='ltr'><strong>apud</strong></span> <span class='ocrx_word' id='word_1_79' title='bbox 762 1709 930 1794; x_wconf 80' lang='lat' dir='ltr'><strong>scriptores</strong></span> <span class='ocrx_word' id='word_1_80' title='bbox 952 1707 1080 1776; x_wconf 82' lang='lat' dir='ltr'><strong>Atticos</strong></span> <span class='ocrx_word' id='word_1_81' title='bbox 1100 1729 1257 1794; x_wconf 87' lang='lat' dir='ltr'><strong>nusquam</strong></span> <span class='ocrx_word' id='word_1_82' title='bbox 1277 1708 1361 1774; x_wconf 89' lang='lat' dir='ltr'><strong>mihi</strong></span> 
     </span>
     <span class='ocr_line' id='line_1_14' title="bbox 161 1811 1360 1901; baseline 0 -23"><span class='ocrx_word' id='word_1_83' title='bbox 161 1811 306 1892; x_wconf 84' lang='lat' dir='ltr'><strong>lentum,</strong></span> <span class='ocrx_word' id='word_1_84' title='bbox 329 1833 405 1878; x_wconf 89' lang='lat' dir='ltr'><strong>nam</strong></span> <span class='ocrx_word' id='word_1_85' title='bbox 430 1813 514 1898; x_wconf 93' lang='lat' dir='ltr'><strong>quod</strong></span> <span class='ocrx_word' id='word_1_86' title='bbox 536 1816 570 1878; x_wconf 92' lang='lat' dir='ltr'><strong>in</strong></span> <span class='ocrx_word' id='word_1_87' title='bbox 594 1813 811 1901; x_wconf 83' lang='lat' dir='ltr'><strong>Xenophontis</strong></span> <span class='ocrx_word' id='word_1_88' title='bbox 834 1815 986 1899; x_wconf 76' lang='lat' dir='ltr'><strong>Symposio</strong></span> <span class='ocrx_word' id='word_1_89' title='bbox 1011 1821 1059 1881; x_wconf 91' lang='lat' dir='ltr'><strong>est</strong></span> <span class='ocrx_word' id='word_1_90' title='bbox 1081 1813 1138 1880; x_wconf 86' lang='lat' dir='ltr'><strong>lx.</strong></span> <span class='ocrx_word' id='word_1_91' title='bbox 1162 1814 1193 1879; x_wconf 81' lang='lat'><strong>2.</strong></span> <span class='ocrx_word' id='word_1_92' title='bbox 1215 1814 1360 1893; x_wconf 78' lang='grc' dir='ltr'><em>ταιξούν-</em></span> 
     </span>
     <span class='ocr_line' id='line_1_15' title="bbox 163 1917 1361 2008; baseline 0.002 -24"><span class='ocrx_word' id='word_1_93' title='bbox 163 1943 222 1984; x_wconf 86' lang='grc' dir='ltr'><strong>ται</strong></span> <span class='ocrx_word' id='word_1_94' title='bbox 246 1919 318 2000; x_wconf 81' lang='grc' dir='ltr'><em>τρίς</em></span> <span class='ocrx_word' id='word_1_95' title='bbox 339 1920 495 1994; x_wconf 71' lang='grc' dir='ltr'><em>ἀλλήλους</em></span> <span class='ocrx_word' id='word_1_96' title='bbox 518 1941 538 1985; x_wconf 92' lang='lat' dir='ltr'><strong>a</strong></span> <span class='ocrx_word' id='word_1_97' title='bbox 556 1941 663 1986; x_wconf 87' lang='lat' dir='ltr'><strong>sonrra</strong></span> <span class='ocrx_word' id='word_1_98' title='bbox 683 1919 880 2008; x_wconf 80' lang='lat' dir='ltr'><strong>Syracusano</strong></span> <span class='ocrx_word' id='word_1_99' title='bbox 892 1919 1007 2000; x_wconf 82' lang='grc' dir='ltr'><em>Δοριτί</em></span> <span class='ocrx_word' id='word_1_100' title='bbox 1018 1920 1141 1986; x_wconf 83' lang='lat' dir='ltr'><strong>dietum</strong></span> <span class='ocrx_word' id='word_1_101' title='bbox 1153 1925 1211 1985; x_wconf 91' lang='lat' dir='ltr'><strong>est.</strong></span> <span class='ocrx_word' id='word_1_102' title='bbox 1236 1917 1361 1986; x_wconf 85' lang='lat' dir='ltr'><strong>anteri</strong></span> 
     </span>
     <span class='ocr_line' id='line_1_16' title="bbox 164 2024 1360 2106; baseline -0.001 -15"><span class='ocrx_word' id='word_1_103' title='bbox 164 2045 279 2092; x_wconf 87' lang='lat' dir='ltr'><strong>omnes</strong></span> <span class='ocrx_word' id='word_1_104' title='bbox 300 2031 479 2091; x_wconf 81' lang='lat' dir='ltr'><strong>constanter</strong></span> <span class='ocrx_word' id='word_1_105' title='bbox 497 2025 667 2104; x_wconf 77' lang='grc' dir='ltr'><em>παίξομαι,</em></span> <span class='ocrx_word' id='word_1_106' title='bbox 689 2024 925 2105; x_wconf 80' lang='grc' dir='ltr'><em>ονμπαίξομαι,</em></span> <span class='ocrx_word' id='word_1_107' title='bbox 947 2025 1178 2106; x_wconf 80' lang='grc' dir='ltr'><em>προοπαίξομοιι</em></span> <span class='ocrx_word' id='word_1_108' title='bbox 1198 2025 1360 2104; x_wconf 80' lang='lat' dir='ltr'><strong>dicebant,</strong></span> 
     </span>
     <span class='ocr_line' id='line_1_17' title="bbox 164 2130 1360 2219; baseline -0.001 -22"><span class='ocrx_word' id='word_1_109' title='bbox 164 2130 253 2197; x_wconf 91' lang='lat' dir='ltr'><strong>unde</strong></span> <span class='ocrx_word' id='word_1_110' title='bbox 275 2137 385 2219; x_wconf 89' lang='lat' dir='ltr'><strong>parata</strong></span> <span class='ocrx_word' id='word_1_111' title='bbox 409 2137 457 2198; x_wconf 89' lang='lat' dir='ltr'><strong>est</strong></span> <span class='ocrx_word' id='word_1_112' title='bbox 480 2131 658 2198; x_wconf 83' lang='lat' dir='ltr'><strong>emendatio</strong></span> <span class='ocrx_word' id='word_1_113' title='bbox 681 2132 825 2215; x_wconf 83' lang='lat' dir='ltr'><strong>Appiano</strong></span> <span class='ocrx_word' id='word_1_114' title='bbox 850 2131 916 2211; x_wconf 76' lang='grc' dir='ltr'><em>περὶ</em></span> <span class='ocrx_word' id='word_1_115' title='bbox 941 2131 1101 2213; x_wconf 80' lang='grc' dir='ltr'><em>ἐμφυλίων</em></span> <span class='ocrx_word' id='word_1_116' title='bbox 1124 2130 1177 2196; x_wconf 84' lang='lat' dir='ltr'><strong>IV.</strong></span> <span class='ocrx_word' id='word_1_117' title='bbox 1206 2130 1280 2196; x_wconf 88' lang='lat'>118.</span> <span class='ocrx_word' id='word_1_118' title='bbox 1304 2132 1360 2197; x_wconf 92' lang='lat' dir='ltr'><strong>ubi</strong></span> 
     </span>
     <span class='ocr_line' id='line_1_18' title="bbox 164 2234 1358 2318; baseline 0 -16"><span class='ocrx_word' id='word_1_119' title='bbox 164 2237 290 2302; x_wconf 85' lang='lat' dir='ltr'><strong>Brutus</strong></span> <span class='ocrx_word' id='word_1_120' title='bbox 320 2237 361 2304; x_wconf 88' lang='lat' dir='ltr'><strong>ad</strong></span> <span class='ocrx_word' id='word_1_121' title='bbox 391 2237 513 2304; x_wconf 90' lang='lat' dir='ltr'><strong>milites</strong></span> <span class='ocrx_word' id='word_1_122' title='bbox 542 2241 589 2304; x_wconf 86' lang='lat' dir='ltr'><strong>ita</strong></span> <span class='ocrx_word' id='word_1_123' title='bbox 618 2236 713 2302; x_wconf 87' lang='lat' dir='ltr'><strong>dioit:</strong></span> <span class='ocrx_word' id='word_1_124' title='bbox 745 2237 797 2302; x_wconf 80' lang='grc' dir='ltr'><strong>καί</strong></span> <span class='ocrx_word' id='word_1_125' title='bbox 829 2239 874 2315; x_wconf 66' lang='grc' dir='ltr'><strong>μὴ</strong></span> <span class='ocrx_word' id='word_1_126' title='bbox 906 2235 1036 2313; x_wconf 66' lang='grc' dir='ltr'><em>ἀδοξῆτε</em></span> <span class='ocrx_word' id='word_1_127' title='bbox 1069 2238 1094 2302; x_wconf 83' lang='grc' dir='ltr'><em>εί</em></span> <span class='ocrx_word' id='word_1_128' title='bbox 1119 2234 1358 2318; x_wconf 84' lang='grc' dir='ltr'><em>προοπαίζονπαι</em></span> 
     </span>
     <span class='ocr_line' id='line_1_19' title="bbox 166 2340 1357 2428; baseline 0.003 -21"><span class='ocrx_word' id='word_1_129' title='bbox 166 2347 244 2421; x_wconf 74' lang='grc' dir='ltr'><em>ἡμῖν</em></span> <span class='ocrx_word' id='word_1_130' title='bbox 264 2343 315 2409; x_wconf 80' lang='grc' dir='ltr'><strong>καί</strong></span> <span class='ocrx_word' id='word_1_131' title='bbox 338 2348 562 2426; x_wconf 76' lang='grc' dir='ltr'><em>προκαλοῦνται</em></span> <span class='ocrx_word' id='word_1_132' title='bbox 576 2381 617 2394; x_wconf 92' lang='grc'><strong>-</strong></span> <span class='ocrx_word' id='word_1_133' title='bbox 630 2340 729 2424; x_wconf 80' lang='grc' dir='ltr'><em>ἕτερον</em></span> <span class='ocrx_word' id='word_1_134' title='bbox 748 2342 812 2416; x_wconf 78' lang='grc' dir='ltr'><em>δέος</em></span> <span class='ocrx_word' id='word_1_135' title='bbox 833 2345 960 2421; x_wconf 84' lang='grc' dir='ltr'><em>ίύμενοι.</em></span> <span class='ocrx_word' id='word_1_136' title='bbox 984 2341 1167 2410; x_wconf 85' lang='lat' dir='ltr'><strong>Dindorfins</strong></span> <span class='ocrx_word' id='word_1_137' title='bbox 1186 2343 1226 2409; x_wconf 87' lang='lat' dir='ltr'><strong>ad</strong></span> <span class='ocrx_word' id='word_1_138' title='bbox 1245 2342 1357 2428; x_wconf 81' lang='lat' dir='ltr'><strong>Steph.</strong></span> 
     </span>
     <span class='ocr_line' id='line_1_20' title="bbox 166 2449 1361 2536; baseline -0.002 -18"><span class='ocrx_word' id='word_1_139' title='bbox 166 2451 370 2518; x_wconf 70' lang='lat' dir='ltr'><strong>Thesaurum</strong></span> <span class='ocrx_word' id='word_1_140' title='bbox 390 2451 621 2532; x_wconf 57' lang='lat' dir='ltr'><strong>aspernationes</strong></span> <span class='ocrx_word' id='word_1_141' title='bbox 640 2470 753 2516; x_wconf 90' lang='lat' dir='ltr'><strong>sanum</strong></span> <span class='ocrx_word' id='word_1_142' title='bbox 772 2471 838 2516; x_wconf 89' lang='lat' dir='ltr'><strong>essa</strong></span> <span class='ocrx_word' id='word_1_143' title='bbox 857 2454 966 2536; x_wconf 91' lang='lat' dir='ltr'><strong>putat,</strong></span> <span class='ocrx_word' id='word_1_144' title='bbox 986 2449 1043 2516; x_wconf 90' lang='lat' dir='ltr'><strong>sed</strong></span> <span class='ocrx_word' id='word_1_145' title='bbox 1053 2450 1235 2517; x_wconf 87' lang='lat' dir='ltr'><strong>admonitus</strong></span> <span class='ocrx_word' id='word_1_146' title='bbox 1246 2471 1361 2517; x_wconf 88' lang='lat' dir='ltr'><strong>verum</strong></span> 
     </span>
     <span class='ocr_line' id='line_1_21' title="bbox 167 2555 1360 2645; baseline -0.003 -21"><span class='ocrx_word' id='word_1_147' title='bbox 167 2577 237 2624; x_wconf 91' lang='lat' dir='ltr'><strong>esse</strong></span> <span class='ocrx_word' id='word_1_148' title='bbox 268 2562 433 2645; x_wconf 80' lang='lat' dir='ltr'><strong>agnoscet:</strong></span> <span class='ocrx_word' id='word_1_149' title='bbox 465 2559 510 2636; x_wconf 69' lang='grc' dir='ltr'><strong>μὴ</strong></span> <span class='ocrx_word' id='word_1_150' title='bbox 543 2555 695 2634; x_wconf 57' lang='lat' dir='ltr'><strong>sidetem</strong></span> <span class='ocrx_word' id='word_1_151' title='bbox 725 2559 751 2623; x_wconf 81' lang='grc' dir='ltr'><em>εἰ</em></span> <span class='ocrx_word' id='word_1_152' title='bbox 775 2557 1022 2638; x_wconf 86' lang='grc' dir='ltr'><em>προοπαίΞονται</em></span> <span class='ocrx_word' id='word_1_153' title='bbox 1047 2558 1098 2623; x_wconf 83' lang='grc' dir='ltr'><strong>καί</strong></span> <span class='ocrx_word' id='word_1_154' title='bbox 1123 2561 1360 2638; x_wconf 81' lang='grc' dir='ltr'><em>προκαλοῦνται.</em></span> 
     </span>
     <span class='ocr_line' id='line_1_22' title="bbox 166 2663 1361 2750; baseline -0.002 -20"><span class='ocrx_word' id='word_1_155' title='bbox 166 2663 330 2730; x_wconf 70' lang='lat' dir='ltr'><strong>ausum</strong></span> <span class='ocrx_word' id='word_1_156' title='bbox 362 2664 448 2728; x_wconf 91' lang='lat' dir='ltr'><strong>enim</strong></span> <span class='ocrx_word' id='word_1_157' title='bbox 472 2666 629 2730; x_wconf 89' lang='lat' dir='ltr'><strong>sententia</strong></span> <span class='ocrx_word' id='word_1_158' title='bbox 649 2663 713 2730; x_wconf 88' lang='lat' dir='ltr'><strong>looi</strong></span> <span class='ocrx_word' id='word_1_159' title='bbox 733 2664 876 2750; x_wconf 89' lang='lat' dir='ltr'><strong>postulat</strong></span> <span class='ocrx_word' id='word_1_160' title='bbox 899 2668 932 2731; x_wconf 88' lang='lat' dir='ltr'><strong>at</strong></span> <span class='ocrx_word' id='word_1_161' title='bbox 954 2667 1179 2746; x_wconf 83' lang='grc' dir='ltr'><em>προκαλοῦνται</em></span> <span class='ocrx_word' id='word_1_162' title='bbox 1201 2669 1251 2730; x_wconf 89' lang='lat' dir='ltr'><strong>est</strong></span> <span class='ocrx_word' id='word_1_163' title='bbox 1274 2663 1361 2729; x_wconf 81' lang='lat' dir='ltr'><strong>butu-</strong></span> 
     </span>
     <span class='ocr_line' id='line_1_23' title="bbox 167 2765 771 2858; baseline -0.003 -22"><span class='ocrx_word' id='word_1_164' title='bbox 167 2789 255 2836; x_wconf 81' lang='lat' dir='ltr'><strong>rum.</strong></span> <span class='ocrx_word' id='word_1_165' title='bbox 302 2765 351 2834; x_wconf 78' lang='lat' dir='ltr'><strong>Gt.</strong></span> <span class='ocrx_word' id='word_1_166' title='bbox 374 2768 451 2836; x_wconf 81' lang='lat' dir='ltr'><strong>Noe.</strong></span> <span class='ocrx_word' id='word_1_167' title='bbox 476 2768 571 2836; x_wconf 71' lang='grc' dir='ltr'><em>Ιὶεοίύ.</em></span> <span class='ocrx_word' id='word_1_168' title='bbox 594 2789 668 2858; x_wconf 82' lang='lat' dir='ltr'><strong>pag.</strong></span> <span class='ocrx_word' id='word_1_169' title='bbox 693 2767 771 2835; x_wconf 83' lang='lat'><strong>261.</strong></span> 
     </span>
    </p>
   </div>
   <div class='ocr_carea' id='block_1_3' title="bbox 715 3009 818 3079">
    <p class='ocr_par' dir='ltr' id='par_1_6' title="bbox 715 3009 818 3079">
     <span class='ocr_line' id='line_1_24' title="bbox 715 3009 818 3079; baseline 0 -1"><span class='ocrx_word' id='word_1_170' title='bbox 715 3009 818 3079; x_wconf 85' lang='lat' dir='ltr'>XXX.</span> 
     </span>
    </p>
   </div>
   <div class='ocr_carea' id='block_1_4' title="bbox 556 3214 976 3274">
    <p class='ocr_par' dir='ltr' id='par_1_7' title="bbox 556 3214 976 3274">
     <span class='ocr_line' id='line_1_25' title="bbox 556 3214 976 3274; baseline -0.005 0"><span class='ocrx_word' id='word_1_171' title='bbox 556 3221 781 3274; x_wconf 64' lang='lat' dir='ltr'><strong>humanoribus</strong></span> <span class='ocrx_word' id='word_1_172' title='bbox 804 3214 849 3271; x_wconf 89' lang='lat'><strong>01</strong></span> <span class='ocrx_word' id='word_1_173' title='bbox 872 3221 976 3273; x_wconf 79' lang='lat' dir='ltr'><strong>amas.</strong></span> 
     </span>
    </p>
   </div>
   <div class='ocr_carea' id='block_1_5' title="bbox 171 3396 1364 3786">
    <p class='ocr_par' dir='ltr' id='par_1_8' title="bbox 171 3396 1364 3786">
     <span class='ocr_line' id='line_1_26' title="bbox 218 3396 1364 3488; baseline 0.002 -21"><span class='ocrx_word' id='word_1_174' title='bbox 218 3399 326 3468; x_wconf 84' lang='lat' dir='ltr'><strong>Habet</strong></span> <span class='ocrx_word' id='word_1_175' title='bbox 355 3399 415 3468; x_wconf 86' lang='lat' dir='ltr'><strong>hoo</strong></span> <span class='ocrx_word' id='word_1_176' title='bbox 443 3396 556 3488; x_wconf 77' lang='lat' dir='ltr'><strong>lingna</strong></span> <span class='ocrx_word' id='word_1_177' title='bbox 583 3399 756 3466; x_wconf 80' lang='lat' dir='ltr'><strong>Homerica</strong></span> <span class='ocrx_word' id='word_1_178' title='bbox 786 3406 825 3466; x_wconf 91' lang='lat' dir='ltr'><strong>ut</strong></span> <span class='ocrx_word' id='word_1_179' title='bbox 854 3399 1072 3488; x_wconf 80' lang='lat' dir='ltr'><strong>diphthongus</strong></span> <span class='ocrx_word' id='word_1_180' title='bbox 1103 3403 1137 3465; x_wconf 93' lang='lat' dir='ltr'><strong>in</strong></span> <span class='ocrx_word' id='word_1_181' title='bbox 1163 3424 1234 3479; x_wconf 89' lang='grc' dir='ltr'><em>μοι,</em></span> <span class='ocrx_word' id='word_1_182' title='bbox 1260 3402 1308 3468; x_wconf 84' lang='grc' dir='ltr'><strong>σοί</strong></span> <span class='ocrx_word' id='word_1_183' title='bbox 1331 3408 1364 3469; x_wconf 91' lang='lat' dir='ltr'><strong>et</strong></span> 
     </span>
     <span class='ocr_line' id='line_1_27' title="bbox 171 3505 1363 3589; baseline -0.002 -15"><span class='ocrx_word' id='word_1_184' title='bbox 171 3531 219 3575; x_wconf 92' lang='grc' dir='ltr'><strong>τοι</strong></span> <span class='ocrx_word' id='word_1_185' title='bbox 250 3511 349 3573; x_wconf 88' lang='lat' dir='ltr'><strong>etiam</strong></span> <span class='ocrx_word' id='word_1_186' title='bbox 380 3511 452 3573; x_wconf 91' lang='lat' dir='ltr'><strong>ante</strong></span> <span class='ocrx_word' id='word_1_187' title='bbox 475 3506 606 3572; x_wconf 84' lang='lat' dir='ltr'><strong>brevem</strong></span> <span class='ocrx_word' id='word_1_188' title='bbox 629 3505 774 3572; x_wconf 79' lang='lat' dir='ltr'><strong>vocalem</strong></span> <span class='ocrx_word' id='word_1_189' title='bbox 796 3505 950 3589; x_wconf 87' lang='lat' dir='ltr'><strong>elidatur,</strong></span> <span class='ocrx_word' id='word_1_190' title='bbox 974 3509 1024 3572; x_wconf 89' lang='lat' dir='ltr'><strong>uit</strong></span> <span class='ocrx_word' id='word_1_191' title='bbox 1048 3516 1112 3572; x_wconf 83' lang='grc' dir='ltr'><strong>-ΛΙ</strong></span> <span class='ocrx_word' id='word_1_192' title='bbox 1135 3508 1305 3573; x_wconf 84' lang='lat' dir='ltr'><strong>verborum</strong></span> <span class='ocrx_word' id='word_1_193' title='bbox 1328 3509 1363 3572; x_wconf 90' lang='lat' dir='ltr'><strong>in</strong></span> 
     </span>
     <span class='ocr_line' id='line_1_28' title="bbox 171 3609 1363 3694; baseline -0.001 -15"><span class='ocrx_word' id='word_1_194' title='bbox 171 3613 306 3694; x_wconf 83' lang='grc' dir='ltr'><em>βούλομ’</em></span> <span class='ocrx_word' id='word_1_195' title='bbox 326 3612 404 3692; x_wconf 64' lang='lat' dir='ltr'><strong>aa.</strong></span> <span class='ocrx_word' id='word_1_196' title='bbox 426 3609 556 3692; x_wconf 83' lang='grc' dir='ltr'><em>βούλετ’</em></span> <span class='ocrx_word' id='word_1_197' title='bbox 577 3613 717 3692; x_wconf 76' lang='grc' dir='ltr'><em>ύρύγειν,</em></span> <span class='ocrx_word' id='word_1_198' title='bbox 739 3618 771 3678; x_wconf 92' lang='lat' dir='ltr'><strong>et</strong></span> <span class='ocrx_word' id='word_1_199' title='bbox 791 3615 864 3679; x_wconf 88' lang='lat' dir='ltr'><strong>sim.</strong></span> <span class='ocrx_word' id='word_1_200' title='bbox 899 3612 1017 3679; x_wconf 88' lang='lat' dir='ltr'><strong>Multis</strong></span> <span class='ocrx_word' id='word_1_201' title='bbox 1035 3610 1115 3678; x_wconf 89' lang='lat' dir='ltr'><strong>olim</strong></span> <span class='ocrx_word' id='word_1_202' title='bbox 1135 3632 1172 3678; x_wconf 86' lang='lat' dir='ltr'><strong>ea</strong></span> <span class='ocrx_word' id='word_1_203' title='bbox 1191 3634 1240 3679; x_wconf 91' lang='lat' dir='ltr'><strong>res</strong></span> <span class='ocrx_word' id='word_1_204' title='bbox 1258 3612 1363 3680; x_wconf 72' lang='lat' dir='ltr'><strong>bandi</strong></span> 
     </span>
     <span class='ocr_line' id='line_1_29' title="bbox 172 3715 516 3786; baseline -0.012 0"><span class='ocrx_word' id='word_1_205' title='bbox 172 3719 237 3786; x_wconf 83' lang='lat' dir='ltr'><strong>fuit</strong></span> <span class='ocrx_word' id='word_1_206' title='bbox 258 3719 349 3786; x_wconf 89' lang='lat' dir='ltr'><strong>Iliad.</strong></span> <span class='ocrx_word' id='word_1_207' title='bbox 376 3728 414 3784; x_wconf 86' lang='lat' dir='ltr'><strong>A.</strong></span> <span class='ocrx_word' id='word_1_208' title='bbox 441 3715 516 3784; x_wconf 81' lang='lat'><strong>170.</strong></span> 
     </span>
    </p>
   </div>
   <div class='ocr_carea' id='block_1_6' title="bbox 135 3823 1367 4548">
    <p class='ocr_par' dir='ltr' id='par_1_9' title="bbox 135 3823 1367 4548">
     <span class='ocr_line' id='line_1_30' title="bbox 942 3823 1166 3891; baseline -0.009 0"><span class='ocrx_word' id='word_1_209' title='bbox 942 3824 1009 3891; x_wconf 71' lang='lat' dir='ltr'><strong>seat</strong></span> <span class='ocrx_word' id='word_1_210' title='bbox 1034 3827 1066 3891; x_wconf 79' lang='lat' dir='ltr'><strong>C&#39;</strong></span> <span class='ocrx_word' id='word_1_211' title='bbox 1089 3823 1166 3890; x_wconf 83' lang='grc' dir='ltr'><em>Ὀίοι</em></span> 
     </span>
     <span class='ocr_line' id='line_1_31' title="bbox 332 3929 1181 4016; baseline -0.002 -18"><span class='ocrx_word' id='word_1_212' title='bbox 332 3931 430 3999; x_wconf 68' lang='lat' dir='ltr'><strong>totae·</strong></span> <span class='ocrx_word' id='word_1_213' title='bbox 453 3929 564 4010; x_wconf 75' lang='grc' dir='ltr'><em>ἄτιμος</em></span> <span class='ocrx_word' id='word_1_214' title='bbox 589 3931 641 3998; x_wconf 69' lang='lat' dir='ltr'><strong>ties</strong></span> <span class='ocrx_word' id='word_1_215' title='bbox 667 3929 781 4016; x_wconf 78' lang='grc' dir='ltr'><em>ύφενος</em></span> <span class='ocrx_word' id='word_1_216' title='bbox 805 3931 857 3997; x_wconf 87' lang='grc' dir='ltr'><strong>καί</strong></span> <span class='ocrx_word' id='word_1_217' title='bbox 881 3935 1013 3997; x_wconf 85' lang='grc' dir='ltr'><em>πλοῦτον</em></span> <span class='ocrx_word' id='word_1_218' title='bbox 1037 3929 1181 4013; x_wconf 73' lang='grc' dir='ltr'><em>ἀφύξειν.</em></span> 
     </span>
     <span class='ocr_line' id='line_1_32' title="bbox 173 4036 1363 4124; baseline -0.003 -18"><span class='ocrx_word' id='word_1_219' title='bbox 173 4038 231 4106; x_wconf 90' lang='lat' dir='ltr'><strong>ubi</strong></span> <span class='ocrx_word' id='word_1_220' title='bbox 252 4036 422 4105; x_wconf 81' lang='lat' dir='ltr'><strong>mirificam</strong></span> <span class='ocrx_word' id='word_1_221' title='bbox 445 4043 477 4104; x_wconf 90' lang='lat' dir='ltr'><strong>et</strong></span> <span class='ocrx_word' id='word_1_222' title='bbox 495 4036 720 4124; x_wconf 84' lang='lat' dir='ltr'><strong>penidioulam</strong></span> <span class='ocrx_word' id='word_1_223' title='bbox 741 4037 926 4103; x_wconf 79' lang='grc' dir='ltr'><em>ύντίπτωτιν</em></span> <span class='ocrx_word' id='word_1_224' title='bbox 946 4038 984 4103; x_wconf 93' lang='lat' dir='ltr'><strong>de</strong></span> <span class='ocrx_word' id='word_1_225' title='bbox 1004 4056 1062 4103; x_wconf 91' lang='lat' dir='ltr'><strong>suo</strong></span> <span class='ocrx_word' id='word_1_226' title='bbox 1080 4039 1254 4104; x_wconf 78' lang='lat' dir='ltr'><strong>commenti</strong></span> <span class='ocrx_word' id='word_1_227' title='bbox 1274 4041 1363 4104; x_wconf 88' lang='lat' dir='ltr'><strong>sunt:</strong></span> 
     </span>
     <span class='ocr_line' id='line_1_33' title="bbox 135 4142 1364 4228; baseline -0.002 -17"><span class='ocrx_word' id='word_1_228' title='bbox 135 4211 142 4228; x_wconf 59' lang='lat'>‚</span> <span class='ocrx_word' id='word_1_229' title='bbox 175 4149 329 4223; x_wconf 76' lang='grc' dir='ltr'><em>ύπτῶτις</em></span> <span class='ocrx_word' id='word_1_230' title='bbox 353 4146 555 4221; x_wconf 78' lang='grc' dir='ltr'><em>ἐνύλλακται.</em></span> <span class='ocrx_word' id='word_1_231' title='bbox 579 4143 647 4208; x_wconf 78' lang='lat' dir='ltr'><strong>sissi</strong></span> <span class='ocrx_word' id='word_1_232' title='bbox 672 4143 735 4224; x_wconf 79' lang='grc' dir='ltr'><em>γοὶρ</em></span> <span class='ocrx_word' id='word_1_233' title='bbox 758 4151 881 4222; x_wconf 76' lang='grc' dir='ltr'><em>γενικῆς</em></span> <span class='ocrx_word' id='word_1_234' title='bbox 906 4142 1057 4222; x_wconf 76' lang='grc' dir='ltr'><em>κέχρηται</em></span> <span class='ocrx_word' id='word_1_235' title='bbox 1081 4142 1258 4227; x_wconf 76' lang='grc' dir='ltr'><em>ύνομαςικρῑ.</em></span> <span class='ocrx_word' id='word_1_236' title='bbox 1303 4143 1364 4209; x_wconf 86' lang='grc' dir='ltr'><strong>Νο-</strong></span> 
     </span>
     <span class='ocr_line' id='line_1_34' title="bbox 174 4249 1363 4336; baseline 0 -20"><span class='ocrx_word' id='word_1_237' title='bbox 174 4252 334 4316; x_wconf 68' lang='lat' dir='ltr'><strong>missusne</strong></span> <span class='ocrx_word' id='word_1_238' title='bbox 351 4273 408 4335; x_wconf 85' lang='lat' dir='ltr'><strong>pro</strong></span> <span class='ocrx_word' id='word_1_239' title='bbox 427 4249 576 4334; x_wconf 73' lang='grc' dir='ltr'><em>ρεοίιίοο,</em></span> <span class='ocrx_word' id='word_1_240' title='bbox 594 4251 761 4335; x_wconf 87' lang='lat' dir='ltr'><strong>inquiunt,</strong></span> <span class='ocrx_word' id='word_1_241' title='bbox 781 4251 872 4336; x_wconf 87' lang='lat' dir='ltr'><strong>quasi</strong></span> <span class='ocrx_word' id='word_1_242' title='bbox 891 4269 941 4316; x_wconf 90' lang='lat' dir='ltr'><strong>res</strong></span> <span class='ocrx_word' id='word_1_243' title='bbox 961 4253 1043 4314; x_wconf 91' lang='lat' dir='ltr'><strong>esset</strong></span> <span class='ocrx_word' id='word_1_244' title='bbox 1061 4255 1138 4315; x_wconf 89' lang='lat' dir='ltr'><strong>nota</strong></span> <span class='ocrx_word' id='word_1_245' title='bbox 1157 4255 1190 4315; x_wconf 91' lang='lat' dir='ltr'><strong>et</strong></span> <span class='ocrx_word' id='word_1_246' title='bbox 1209 4269 1363 4317; x_wconf 80' lang='lat' dir='ltr'><strong>concessa.</strong></span> 
     </span>
     <span class='ocr_line' id='line_1_35' title="bbox 175 4353 1367 4443; baseline -0.002 -18"><span class='ocrx_word' id='word_1_247' title='bbox 175 4355 317 4424; x_wconf 72' lang='lat' dir='ltr'><strong>Tandem</strong></span> <span class='ocrx_word' id='word_1_248' title='bbox 338 4354 540 4423; x_wconf 88' lang='lat' dir='ltr'><strong>intelleotum</strong></span> <span class='ocrx_word' id='word_1_249' title='bbox 563 4360 612 4422; x_wconf 88' lang='lat' dir='ltr'><strong>est</strong></span> <span class='ocrx_word' id='word_1_250' title='bbox 634 4361 762 4443; x_wconf 78' lang='lat' dir='ltr'><strong>potitam</strong></span> <span class='ocrx_word' id='word_1_251' title='bbox 785 4355 906 4422; x_wconf 78' lang='lat' dir='ltr'><strong>dicere:</strong></span> <span class='ocrx_word' id='word_1_252' title='bbox 931 4353 997 4420; x_wconf 75' lang='grc' dir='ltr'><strong>οὐδὲ</strong></span> <span class='ocrx_word' id='word_1_253' title='bbox 1023 4361 1091 4422; x_wconf 84' lang='lat' dir='ltr'><strong>col</strong></span> <span class='ocrx_word' id='word_1_254' title='bbox 1114 4354 1165 4421; x_wconf 79' lang='grc' dir='ltr'><strong>δίο</strong></span> <span class='ocrx_word' id='word_1_255' title='bbox 1179 4393 1221 4406; x_wconf 88' lang='grc'>-</span> <span class='ocrx_word' id='word_1_256' title='bbox 1234 4359 1367 4423; x_wconf 82' lang='grc' dir='ltr'><em>πλοῦτον</em></span> 
     </span>
     <span class='ocr_line' id='line_1_36' title="bbox 175 4459 639 4548; baseline -0.004 -18"><span class='ocrx_word' id='word_1_257' title='bbox 175 4460 319 4548; x_wconf 77' lang='grc' dir='ltr'><em>οὶφύξειν.</em></span> <span class='ocrx_word' id='word_1_258' title='bbox 367 4459 420 4528; x_wconf 77' lang='lat' dir='ltr'><strong>sie</strong></span> <span class='ocrx_word' id='word_1_259' title='bbox 444 4465 476 4528; x_wconf 76' lang='lat' dir='ltr'><strong>ab</strong></span> <span class='ocrx_word' id='word_1_260' title='bbox 501 4471 536 4528; x_wconf 88' lang='lat' dir='ltr'><strong>Z.</strong></span> <span class='ocrx_word' id='word_1_261' title='bbox 564 4459 639 4530; x_wconf 78' lang='lat'><strong>165.</strong></span> 
     </span>
    </p>
   </div>
   <div class='ocr_carea' id='block_1_7' title="bbox 0 0 1709 5186">
    <p class='ocr_par' dir='ltr' id='par_1_10' title="bbox 0 0 1709 5186">
     <span class='ocr_line' id='line_1_37' title="bbox 0 0 1709 5186; baseline 0 0"><span class='ocrx_word' id='word_1_262' title='bbox 0 0 1709 5186; x_wconf 95' lang='lat' dir='ltr'><strong> </strong></span> 
     </span>
    </p>
   </div>
  </div>
 </body>
</html>
