<?xml version="1.0" encoding="UTF-8"?>
<!DOCTYPE html PUBLIC "-//W3C//DTD XHTML 1.0 Transitional//EN"
    "http://www.w3.org/TR/xhtml1/DTD/xhtml1-transitional.dtd">
<html xmlns="http://www.w3.org/1999/xhtml" xml:lang="en" lang="en">
 <head>
  <title>
</title>
<meta http-equiv="Content-Type" content="text/html;charset=utf-8" />
  <meta name='ocr-system' content='tesseract 3.04.00' />
  <meta name='ocr-capabilities' content='ocr_page ocr_carea ocr_par ocr_line ocrx_word'/>
</head>
<body>
  <div class='ocr_page' id='page_1' title='image "./miscellaneacrit01cobegoog_0247.png"; bbox 0 0 3208 5158; ppageno 0'>
   <div class='ocr_carea' id='block_1_1' title="bbox 873 351 939 426">
    <p class='ocr_par' dir='ltr' id='par_1_1' title="bbox 873 351 939 426">
     <span class='ocr_line' id='line_1_1' title="bbox 873 351 939 426; baseline 0 0"><span class='ocrx_word' id='word_1_1' title='bbox 873 351 939 426; x_wconf 90' lang='grc'>222</span> 
     </span>
    </p>
   </div>
   <div class='ocr_carea' id='block_1_2' title="bbox 306 508 1591 850">
    <p class='ocr_par' dir='ltr' id='par_1_2' title="bbox 306 508 1591 850">
     <span class='ocr_line' id='line_1_2' title="bbox 306 508 1591 631; baseline -0.006 -14"><span class='ocrx_word' id='word_1_2' title='bbox 306 547 401 617; x_wconf 79' lang='lat' dir='ltr'>litera</span> <span class='ocrx_word' id='word_1_3' title='bbox 434 571 450 628; x_wconf 93' lang='grc' dir='ltr'><em>ρ</em></span> <span class='ocrx_word' id='word_1_4' title='bbox 481 549 627 615; x_wconf 87' lang='lat' dir='ltr'>medium</span> <span class='ocrx_word' id='word_1_5' title='bbox 658 573 679 614; x_wconf 86' lang='grc' dir='ltr'><em>ο</em></span> <span class='ocrx_word' id='word_1_6' title='bbox 710 552 845 616; x_wconf 68' lang='lat' dir='ltr'>monum.</span> <span class='ocrx_word' id='word_1_7' title='bbox 892 547 984 630; x_wconf 83' lang='lat' dir='ltr'>Quod</span> <span class='ocrx_word' id='word_1_8' title='bbox 1013 565 1105 631; x_wconf 86' lang='lat' dir='ltr'>saepe</span> <span class='ocrx_word' id='word_1_9' title='bbox 1133 547 1168 610; x_wconf 90' lang='lat' dir='ltr'>in</span> <span class='ocrx_word' id='word_1_10' title='bbox 1199 565 1232 612; x_wconf 89' lang='lat' dir='ltr'>rs</span> <span class='ocrx_word' id='word_1_11' title='bbox 1254 544 1358 611; x_wconf 84' lang='lat' dir='ltr'>simili</span> <span class='ocrx_word' id='word_1_12' title='bbox 1380 545 1495 612; x_wconf 82' lang='lat' dir='ltr'>iactum</span> <span class='ocrx_word' id='word_1_13' title='bbox 1590 508 1591 522; x_wconf 27' lang='lat' dir='ltr'>i</span> 
     </span>
     <span class='ocr_line' id='line_1_3' title="bbox 308 651 1496 742; baseline -0.003 -20"><span class='ocrx_word' id='word_1_14' title='bbox 308 661 371 734; x_wconf 89' lang='lat' dir='ltr'>est,</span> <span class='ocrx_word' id='word_1_15' title='bbox 398 661 436 721; x_wconf 90' lang='lat' dir='ltr'>ut</span> <span class='ocrx_word' id='word_1_16' title='bbox 459 654 720 721; x_wconf 69' lang='lat' dir='ltr'>annotatiunculae</span> <span class='ocrx_word' id='word_1_17' title='bbox 737 655 925 742; x_wconf 79' lang='lat' dir='ltr'>marginalis</span> <span class='ocrx_word' id='word_1_18' title='bbox 942 658 977 720; x_wconf 92' lang='lat' dir='ltr'>iu</span> <span class='ocrx_word' id='word_1_19' title='bbox 997 659 1125 720; x_wconf 81' lang='lat' dir='ltr'>textum</span> <span class='ocrx_word' id='word_1_20' title='bbox 1145 654 1311 738; x_wconf 88' lang='lat' dir='ltr'>irreperet,</span> <span class='ocrx_word' id='word_1_21' title='bbox 1333 651 1421 717; x_wconf 88' lang='lat' dir='ltr'>idem</span> <span class='ocrx_word' id='word_1_22' title='bbox 1439 673 1496 718; x_wconf 89' lang='lat' dir='ltr'>usu</span> 
     </span>
     <span class='ocr_line' id='line_1_4' title="bbox 307 755 1494 850; baseline -0.005 -20"><span class='ocrx_word' id='word_1_23' title='bbox 307 765 396 830; x_wconf 76' lang='lat' dir='ltr'>seuit</span> <span class='ocrx_word' id='word_1_24' title='bbox 426 764 460 826; x_wconf 88' lang='lat' dir='ltr'>iu</span> <span class='ocrx_word' id='word_1_25' title='bbox 490 759 645 828; x_wconf 74' lang='lat' dir='ltr'>Strabone</span> <span class='ocrx_word' id='word_1_26' title='bbox 676 782 748 850; x_wconf 79' lang='lat' dir='ltr'>pag.</span> <span class='ocrx_word' id='word_1_27' title='bbox 784 760 857 827; x_wconf 80' lang='lat'>147.</span> <span class='ocrx_word' id='word_1_28' title='bbox 906 759 1020 827; x_wconf 84' lang='lat' dir='ltr'>Strabo</span> <span class='ocrx_word' id='word_1_29' title='bbox 1052 759 1193 825; x_wconf 67' lang='lat' dir='ltr'>dherat:</span> <span class='ocrx_word' id='word_1_30' title='bbox 1217 761 1350 824; x_wconf 75' lang='grc' dir='ltr'><em>τοιοῦτο</em></span> <span class='ocrx_word' id='word_1_31' title='bbox 1373 760 1431 836; x_wconf 83' lang='grc' dir='ltr'>μὲν</span> <span class='ocrx_word' id='word_1_32' title='bbox 1451 755 1494 824; x_wconf 72' lang='grc' dir='ltr'>οὖν</span> 
     </span>
    </p>
   </div>
   <div class='ocr_carea' id='block_1_3' title="bbox 308 861 1592 953">
    <p class='ocr_par' dir='ltr' id='par_1_3' title="bbox 308 861 1592 953">
     <span class='ocr_line' id='line_1_5' title="bbox 308 861 1592 953; baseline -0.004 -19"><span class='ocrx_word' id='word_1_33' title='bbox 308 869 509 950; x_wconf 63' lang='lat' dir='ltr'>iunxissem</span> <span class='ocrx_word' id='word_1_34' title='bbox 534 865 631 948; x_wconf 76' lang='grc' dir='ltr'><em>εἴρηκε</em></span> <span class='ocrx_word' id='word_1_35' title='bbox 656 865 869 948; x_wconf 76' lang='grc' dir='ltr'><em>περὶτούτων.</em></span> <span class='ocrx_word' id='word_1_36' title='bbox 917 865 955 932; x_wconf 87' lang='lat' dir='ltr'>lu</span> <span class='ocrx_word' id='word_1_37' title='bbox 979 869 1102 952; x_wconf 87' lang='lat' dir='ltr'>optimo</span> <span class='ocrx_word' id='word_1_38' title='bbox 1126 861 1243 931; x_wconf 79' lang='lat' dir='ltr'>Codice</span> <span class='ocrx_word' id='word_1_39' title='bbox 1264 866 1294 931; x_wconf 84' lang='lat' dir='ltr'>A</span> <span class='ocrx_word' id='word_1_40' title='bbox 1318 869 1399 930; x_wconf 87' lang='lat' dir='ltr'>teste</span> <span class='ocrx_word' id='word_1_41' title='bbox 1422 864 1495 930; x_wconf 85' lang='lat' dir='ltr'>Kre-</span> <span class='ocrx_word' id='word_1_42' title='bbox 1591 923 1592 953; x_wconf 39' lang='lat' dir='ltr'>s</span> 
     </span>
    </p>
   </div>
   <div class='ocr_carea' id='block_1_4' title="bbox 306 969 1493 1166">
    <p class='ocr_par' dir='ltr' id='par_1_4' title="bbox 306 969 1493 1166">
     <span class='ocr_line' id='line_1_6' title="bbox 306 969 1493 1059; baseline -0.003 -20"><span class='ocrx_word' id='word_1_43' title='bbox 306 994 395 1040; x_wconf 88' lang='lat' dir='ltr'>maro</span> <span class='ocrx_word' id='word_1_44' title='bbox 424 975 459 1038; x_wconf 80' lang='lat' dir='ltr'>ia</span> <span class='ocrx_word' id='word_1_45' title='bbox 489 974 622 1055; x_wconf 69' lang='lat' dir='ltr'>marpissa</span> <span class='ocrx_word' id='word_1_46' title='bbox 653 996 759 1038; x_wconf 78' lang='grc' dir='ltr'><em>οοοοοοο</em></span> <span class='ocrx_word' id='word_1_47' title='bbox 781 974 884 1058; x_wconf 83' lang='lat' dir='ltr'>prima</span> <span class='ocrx_word' id='word_1_48' title='bbox 918 973 1042 1039; x_wconf 89' lang='lat' dir='ltr'>addidit</span> <span class='ocrx_word' id='word_1_49' title='bbox 1071 971 1168 1053; x_wconf 72' lang='grc' dir='ltr'>ὤοοὶῳ</span> <span class='ocrx_word' id='word_1_50' title='bbox 1196 970 1333 1059; x_wconf 70' lang='grc' dir='ltr'>(ὡραῖον,</span> <span class='ocrx_word' id='word_1_51' title='bbox 1365 969 1493 1059; x_wconf 87' lang='lat' dir='ltr'>opinor).</span> 
     </span>
     <span class='ocr_line' id='line_1_7' title="bbox 308 1077 1216 1166; baseline -0.003 -19"><span class='ocrx_word' id='word_1_52' title='bbox 308 1079 401 1147; x_wconf 88' lang='lat' dir='ltr'>Nunc</span> <span class='ocrx_word' id='word_1_53' title='bbox 424 1099 591 1166; x_wconf 76' lang='lat' dir='ltr'>perperam</span> <span class='ocrx_word' id='word_1_54' title='bbox 615 1080 740 1146; x_wconf 84' lang='lat' dir='ltr'>editur:</span> <span class='ocrx_word' id='word_1_55' title='bbox 763 1080 793 1145; x_wconf 84' lang='grc' dir='ltr'>ἐν</span> <span class='ocrx_word' id='word_1_56' title='bbox 816 1077 913 1162; x_wconf 73' lang='grc' dir='ltr'><em>ὡραίῳ</em></span> <span class='ocrx_word' id='word_1_57' title='bbox 937 1081 1084 1161; x_wconf 69' lang='grc' dir='ltr'>σχήματι</span> <span class='ocrx_word' id='word_1_58' title='bbox 1107 1077 1216 1158; x_wconf 66' lang='grc' dir='ltr'>εἴρηκε.</span> 
     </span>
    </p>
   </div>
   <div class='ocr_carea' id='block_1_5' title="bbox 353 1284 1492 1374">
    <p class='ocr_par' dir='ltr' id='par_1_5' title="bbox 353 1284 1492 1374">
     <span class='ocr_line' id='line_1_8' title="bbox 353 1284 1492 1374; baseline -0.004 -19"><span class='ocrx_word' id='word_1_59' title='bbox 353 1288 412 1355; x_wconf 82' lang='lat' dir='ltr'>Elst</span> <span class='ocrx_word' id='word_1_60' title='bbox 441 1291 476 1354; x_wconf 93' lang='lat' dir='ltr'>in</span> <span class='ocrx_word' id='word_1_61' title='bbox 507 1287 598 1354; x_wconf 87' lang='lat' dir='ltr'>libris</span> <span class='ocrx_word' id='word_1_62' title='bbox 629 1287 760 1356; x_wconf 83' lang='lat' dir='ltr'>Graecis</span> <span class='ocrx_word' id='word_1_63' title='bbox 788 1294 821 1354; x_wconf 87' lang='lat' dir='ltr'>et</span> <span class='ocrx_word' id='word_1_64' title='bbox 844 1287 985 1374; x_wconf 57' lang='lat' dir='ltr'>{reliquis</span> <span class='ocrx_word' id='word_1_65' title='bbox 1014 1294 1047 1354; x_wconf 90' lang='lat' dir='ltr'>et</span> <span class='ocrx_word' id='word_1_66' title='bbox 1076 1290 1112 1352; x_wconf 91' lang='lat' dir='ltr'>in</span> <span class='ocrx_word' id='word_1_67' title='bbox 1142 1284 1361 1353; x_wconf 85' lang='lat' dir='ltr'>Straboniauis</span> <span class='ocrx_word' id='word_1_68' title='bbox 1383 1287 1492 1373; x_wconf 82' lang='lat' dir='ltr'>duplex</span> 
     </span>
    </p>
   </div>
   <div class='ocr_carea' id='block_1_6' title="bbox 309 1395 1593 1483">
    <p class='ocr_par' dir='ltr' id='par_1_6' title="bbox 309 1395 1593 1483">
     <span class='ocr_line' id='line_1_9' title="bbox 309 1395 1593 1483; baseline -0.003 -22"><span class='ocrx_word' id='word_1_69' title='bbox 309 1395 497 1461; x_wconf 88' lang='lat' dir='ltr'>mendorum</span> <span class='ocrx_word' id='word_1_70' title='bbox 518 1417 635 1483; x_wconf 80' lang='lat' dir='ltr'>genus,</span> <span class='ocrx_word' id='word_1_71' title='bbox 662 1395 747 1482; x_wconf 90' lang='lat' dir='ltr'>quod</span> <span class='ocrx_word' id='word_1_72' title='bbox 770 1418 809 1462; x_wconf 85' lang='lat' dir='ltr'>ex</span> <span class='ocrx_word' id='word_1_73' title='bbox 831 1395 910 1462; x_wconf 86' lang='lat' dir='ltr'>Mes.</span> <span class='ocrx_word' id='word_1_74' title='bbox 934 1399 969 1460; x_wconf 90' lang='lat' dir='ltr'>iu</span> <span class='ocrx_word' id='word_1_75' title='bbox 993 1395 1147 1462; x_wconf 78' lang='lat' dir='ltr'><strong>editiones</strong></span> <span class='ocrx_word' id='word_1_76' title='bbox 1169 1413 1279 1460; x_wconf 90' lang='lat' dir='ltr'>omnes</span> <span class='ocrx_word' id='word_1_77' title='bbox 1297 1395 1440 1458; x_wconf 87' lang='lat' dir='ltr'>manavit</span> <span class='ocrx_word' id='word_1_78' title='bbox 1465 1398 1493 1458; x_wconf 90' lang='lat' dir='ltr'>et</span> <span class='ocrx_word' id='word_1_79' title='bbox 1592 1403 1593 1412; x_wconf 77' lang='grc'>’</span> 
     </span>
    </p>
   </div>
   <div class='ocr_carea' id='block_1_7' title="bbox 310 1499 1493 1587">
    <p class='ocr_par' dir='ltr' id='par_1_7' title="bbox 310 1499 1493 1587">
     <span class='ocr_line' id='line_1_10' title="bbox 310 1499 1493 1587; baseline -0.003 -21"><span class='ocrx_word' id='word_1_80' title='bbox 310 1503 449 1566; x_wconf 88' lang='lat' dir='ltr'>nimium</span> <span class='ocrx_word' id='word_1_81' title='bbox 473 1505 631 1587; x_wconf 74' lang='lat' dir='ltr'>patienter</span> <span class='ocrx_word' id='word_1_82' title='bbox 654 1502 693 1566; x_wconf 88' lang='lat' dir='ltr'>ab</span> <span class='ocrx_word' id='word_1_83' title='bbox 714 1501 900 1568; x_wconf 79' lang='lat' dir='ltr'>Editoribus</span> <span class='ocrx_word' id='word_1_84' title='bbox 920 1502 1083 1568; x_wconf 88' lang='lat' dir='ltr'>toleratur.</span> <span class='ocrx_word' id='word_1_85' title='bbox 1119 1499 1335 1568; x_wconf 89' lang='lat' dir='ltr'>Obscurantur</span> <span class='ocrx_word' id='word_1_86' title='bbox 1354 1500 1493 1566; x_wconf 87' lang='lat' dir='ltr'>ascribis</span> 
     </span>
    </p>
   </div>
   <div class='ocr_carea' id='block_1_8' title="bbox 186 1605 1494 1696">
    <p class='ocr_par' dir='ltr' id='par_1_8' title="bbox 186 1605 1494 1696">
     <span class='ocr_line' id='line_1_11' title="bbox 186 1605 1494 1696; baseline -0.002 -24"><span class='ocrx_word' id='word_1_87' title='bbox 186 1629 195 1640; x_wconf 89' lang='lat'>·</span> <span class='ocrx_word' id='word_1_88' title='bbox 310 1631 408 1672; x_wconf 77' lang='lat' dir='ltr'>crassa</span> <span class='ocrx_word' id='word_1_89' title='bbox 438 1613 575 1682; x_wconf 66' lang='lat' dir='ltr'>selues,</span> <span class='ocrx_word' id='word_1_90' title='bbox 608 1629 685 1693; x_wconf 85' lang='lat' dir='ltr'>quaa</span> <span class='ocrx_word' id='word_1_91' title='bbox 715 1608 913 1696; x_wconf 78' lang='lat' dir='ltr'>ineleganter</span> <span class='ocrx_word' id='word_1_92' title='bbox 943 1607 1124 1691; x_wconf 85' lang='lat' dir='ltr'>resolvunt,</span> <span class='ocrx_word' id='word_1_93' title='bbox 1156 1613 1188 1672; x_wconf 84' lang='lat' dir='ltr'>et</span> <span class='ocrx_word' id='word_1_94' title='bbox 1217 1609 1337 1692; x_wconf 86' lang='lat' dir='ltr'>passim</span> <span class='ocrx_word' id='word_1_95' title='bbox 1367 1605 1494 1690; x_wconf 82' lang='lat' dir='ltr'>expletis</span> 
     </span>
    </p>
   </div>
   <div class='ocr_carea' id='block_1_9' title="bbox 310 1711 1494 1798">
    <p class='ocr_par' dir='ltr' id='par_1_9' title="bbox 310 1711 1494 1798">
     <span class='ocr_line' id='line_1_12' title="bbox 310 1711 1494 1798; baseline -0.005 -18"><span class='ocrx_word' id='word_1_96' title='bbox 310 1713 476 1780; x_wconf 84' lang='lat' dir='ltr'>vocabulis</span> <span class='ocrx_word' id='word_1_97' title='bbox 502 1719 586 1780; x_wconf 86' lang='lat' dir='ltr'>certo</span> <span class='ocrx_word' id='word_1_98' title='bbox 609 1733 672 1778; x_wconf 89' lang='lat' dir='ltr'>usu</span> <span class='ocrx_word' id='word_1_99' title='bbox 695 1717 728 1780; x_wconf 88' lang='lat' dir='ltr'>st</span> <span class='ocrx_word' id='word_1_100' title='bbox 751 1734 840 1780; x_wconf 89' lang='lat' dir='ltr'>mors</span> <span class='ocrx_word' id='word_1_101' title='bbox 863 1713 951 1779; x_wconf 87' lang='lat' dir='ltr'>elisis</span> <span class='ocrx_word' id='word_1_102' title='bbox 974 1713 1080 1780; x_wconf 87' lang='lat' dir='ltr'>foedos</span> <span class='ocrx_word' id='word_1_103' title='bbox 1102 1717 1135 1778; x_wconf 88' lang='lat' dir='ltr'>et</span> <span class='ocrx_word' id='word_1_104' title='bbox 1156 1715 1374 1798; x_wconf 86' lang='lat' dir='ltr'>ineptissimos</span> <span class='ocrx_word' id='word_1_105' title='bbox 1393 1711 1494 1776; x_wconf 88' lang='lat' dir='ltr'>hiatus</span> 
     </span>
    </p>
   </div>
   <div class='ocr_carea' id='block_1_10' title="bbox 310 1815 1594 1905">
    <p class='ocr_par' dir='ltr' id='par_1_10' title="bbox 310 1815 1594 1905">
     <span class='ocr_line' id='line_1_13' title="bbox 310 1815 1594 1905; baseline -0.003 -21"><span class='ocrx_word' id='word_1_106' title='bbox 310 1822 510 1884; x_wconf 84' lang='lat' dir='ltr'>invexerunt.</span> <span class='ocrx_word' id='word_1_107' title='bbox 560 1815 670 1884; x_wconf 83' lang='lat' dir='ltr'>Orases</span> <span class='ocrx_word' id='word_1_108' title='bbox 701 1821 785 1905; x_wconf 90' lang='lat' dir='ltr'>apud</span> <span class='ocrx_word' id='word_1_109' title='bbox 812 1817 999 1884; x_wconf 75' lang='lat' dir='ltr'>Strabonem</span> <span class='ocrx_word' id='word_1_110' title='bbox 1023 1824 1061 1885; x_wconf 90' lang='lat' dir='ltr'>ut</span> <span class='ocrx_word' id='word_1_111' title='bbox 1084 1818 1168 1904; x_wconf 90' lang='lat' dir='ltr'>apud</span> <span class='ocrx_word' id='word_1_112' title='bbox 1191 1829 1330 1884; x_wconf 86' lang='lat' dir='ltr'>caeteros</span> <span class='ocrx_word' id='word_1_113' title='bbox 1353 1819 1494 1883; x_wconf 86' lang='lat' dir='ltr'>creberri-</span> <span class='ocrx_word' id='word_1_114' title='bbox 1593 1819 1594 1824; x_wconf 76' lang='grc'>’</span> 
     </span>
    </p>
   </div>
   <div class='ocr_carea' id='block_1_11' title="bbox 281 1921 1595 2535">
    <p class='ocr_par' dir='ltr' id='par_1_11' title="bbox 281 1921 1595 2535">
     <span class='ocr_line' id='line_1_14' title="bbox 311 1921 1493 2011; baseline -0.003 -23"><span class='ocrx_word' id='word_1_115' title='bbox 311 1943 383 1988; x_wconf 91' lang='lat' dir='ltr'>mae</span> <span class='ocrx_word' id='word_1_116' title='bbox 406 1921 484 1989; x_wconf 91' lang='lat' dir='ltr'>olim</span> <span class='ocrx_word' id='word_1_117' title='bbox 508 1923 654 2010; x_wconf 83' lang='lat' dir='ltr'>fuerunt,</span> <span class='ocrx_word' id='word_1_118' title='bbox 678 1946 813 2011; x_wconf 86' lang='lat' dir='ltr'>quarum</span> <span class='ocrx_word' id='word_1_119' title='bbox 837 1945 909 2010; x_wconf 90' lang='lat' dir='ltr'>pars</span> <span class='ocrx_word' id='word_1_120' title='bbox 933 1930 1061 1990; x_wconf 87' lang='lat' dir='ltr'>tantum</span> <span class='ocrx_word' id='word_1_121' title='bbox 1084 1943 1168 1990; x_wconf 88' lang='lat' dir='ltr'>nuuc</span> <span class='ocrx_word' id='word_1_122' title='bbox 1190 1930 1343 2010; x_wconf 90' lang='lat' dir='ltr'>superest.</span> <span class='ocrx_word' id='word_1_123' title='bbox 1385 1923 1493 2006; x_wconf 82' lang='lat' dir='ltr'>Perpe-</span> 
     </span>
     <span class='ocr_line' id='line_1_15' title="bbox 311 2029 1492 2108; baseline -0.003 -14"><span class='ocrx_word' id='word_1_124' title='bbox 311 2033 385 2094; x_wconf 82' lang='lat' dir='ltr'>tuae</span> <span class='ocrx_word' id='word_1_125' title='bbox 416 2029 481 2095; x_wconf 83' lang='lat' dir='ltr'>lere</span> <span class='ocrx_word' id='word_1_126' title='bbox 507 2036 596 2096; x_wconf 89' lang='lat' dir='ltr'>erant</span> <span class='ocrx_word' id='word_1_127' title='bbox 618 2034 652 2096; x_wconf 91' lang='lat' dir='ltr'>in</span> <span class='ocrx_word' id='word_1_128' title='bbox 675 2031 786 2097; x_wconf 82' lang='lat' dir='ltr'>vocula</span> <span class='ocrx_word' id='word_1_129' title='bbox 812 2030 867 2096; x_wconf 76' lang='lat' dir='ltr'>acl</span> <span class='ocrx_word' id='word_1_130' title='bbox 889 2029 968 2108; x_wconf 73' lang='lat' dir='ltr'>xire,</span> <span class='ocrx_word' id='word_1_131' title='bbox 994 2031 1101 2108; x_wconf 62' lang='lat' dir='ltr'>uest,</span> <span class='ocrx_word' id='word_1_132' title='bbox 1126 2032 1235 2107; x_wconf 71' lang='grc' dir='ltr'><strong><em>κάκεῖ,</em></strong></span> <span class='ocrx_word' id='word_1_133' title='bbox 1260 2031 1413 2102; x_wconf 69' lang='grc' dir='ltr'><em>κάκεῖνος,</em></span> <span class='ocrx_word' id='word_1_134' title='bbox 1436 2051 1492 2092; x_wconf 76' lang='grc' dir='ltr'>κο·</span> 
     </span>
     <span class='ocr_line' id='line_1_16' title="bbox 310 2133 1491 2217; baseline -0.003 -17"><span class='ocrx_word' id='word_1_135' title='bbox 310 2135 362 2206; x_wconf 71' lang='lat' dir='ltr'>aba</span> <span class='ocrx_word' id='word_1_136' title='bbox 382 2135 522 2214; x_wconf 74' lang='grc' dir='ltr'><em>κοὶροδδο</em></span> <span class='ocrx_word' id='word_1_137' title='bbox 543 2143 618 2202; x_wconf 86' lang='lat' dir='ltr'>cett.</span> <span class='ocrx_word' id='word_1_138' title='bbox 639 2141 672 2202; x_wconf 86' lang='lat' dir='ltr'>st</span> <span class='ocrx_word' id='word_1_139' title='bbox 690 2138 724 2200; x_wconf 90' lang='lat' dir='ltr'>in</span> <span class='ocrx_word' id='word_1_140' title='bbox 740 2136 882 2202; x_wconf 76' lang='lat' dir='ltr'>articulis</span> <span class='ocrx_word' id='word_1_141' title='bbox 900 2137 974 2216; x_wconf 66' lang='lat' dir='ltr'>etas</span> <span class='ocrx_word' id='word_1_142' title='bbox 986 2136 1110 2213; x_wconf 71' lang='grc' dir='ltr'><em>τάνδρός</em></span> <span class='ocrx_word' id='word_1_143' title='bbox 1124 2185 1132 2213; x_wconf 85' lang='grc'>,</span> <span class='ocrx_word' id='word_1_144' title='bbox 1146 2133 1298 2217; x_wconf 71' lang='grc' dir='ltr'><em>ἅνθρωπος</em></span> <span class='ocrx_word' id='word_1_145' title='bbox 1311 2135 1491 2214; x_wconf 66' lang='grc' dir='ltr'><em>τάνθρώπου,</em></span> 
     </span>
     <span class='ocr_line' id='line_1_17' title="bbox 311 2221 1595 2324; baseline -0.003 -18"><span class='ocrx_word' id='word_1_146' title='bbox 311 2239 450 2322; x_wconf 73' lang='grc' dir='ltr'>ἁδελφὸς</span> <span class='ocrx_word' id='word_1_147' title='bbox 481 2242 661 2324; x_wconf 71' lang='grc' dir='ltr'>τάδελφοῦ,</span> <span class='ocrx_word' id='word_1_148' title='bbox 694 2243 834 2318; x_wconf 72' lang='grc' dir='ltr'><strong><em>τάγαθὸν</em></strong></span> <span class='ocrx_word' id='word_1_149' title='bbox 864 2242 1011 2320; x_wconf 62' lang='lat' dir='ltr'>adsciri,</span> <span class='ocrx_word' id='word_1_150' title='bbox 1044 2244 1174 2316; x_wconf 71' lang='grc' dir='ltr'><strong><em>τάληθὲς</em></strong></span> <span class='ocrx_word' id='word_1_151' title='bbox 1201 2243 1372 2315; x_wconf 69' lang='grc' dir='ltr'>τάληθοῦς,</span> <span class='ocrx_word' id='word_1_152' title='bbox 1394 2242 1492 2319; x_wconf 65' lang='lat' dir='ltr'>sirpo</span> <span class='ocrx_word' id='word_1_153' title='bbox 1594 2221 1595 2262; x_wconf 50' lang='lat' dir='ltr'>l</span> 
     </span>
     <span class='ocr_line' id='line_1_18' title="bbox 281 2345 1490 2430; baseline -0.002 -18"><span class='ocrx_word' id='word_1_154' title='bbox 281 2415 284 2422; x_wconf 16' lang='grc' dir='ltr'><strong><em>Δ</em></strong></span> <span class='ocrx_word' id='word_1_155' title='bbox 310 2347 386 2427; x_wconf 69' lang='lat' dir='ltr'>Sic,</span> <span class='ocrx_word' id='word_1_156' title='bbox 419 2347 592 2430; x_wconf 59' lang='grc' dir='ltr'><em>τοῦδαφος,</em></span> <span class='ocrx_word' id='word_1_157' title='bbox 624 2347 830 2429; x_wconf 70' lang='grc' dir='ltr'><em>τοῦλοὲχοςοο,</em></span> <span class='ocrx_word' id='word_1_158' title='bbox 859 2345 987 2425; x_wconf 80' lang='grc' dir='ltr'><strong><em>τοῖλλο,</em></strong></span> <span class='ocrx_word' id='word_1_159' title='bbox 1019 2348 1189 2420; x_wconf 69' lang='grc' dir='ltr'>τάναντία.</span> <span class='ocrx_word' id='word_1_160' title='bbox 1221 2346 1400 2428; x_wconf 67' lang='grc' dir='ltr'><em>τάργύριον,</em></span> <span class='ocrx_word' id='word_1_161' title='bbox 1426 2345 1490 2410; x_wconf 80' lang='grc' dir='ltr'>τοῦ-</span> 
     </span>
     <span class='ocr_line' id='line_1_19' title="bbox 310 2452 1489 2535; baseline -0.003 -17"><span class='ocrx_word' id='word_1_162' title='bbox 310 2452 487 2533; x_wconf 65' lang='lat' dir='ltr'>clypeam</span> <span class='ocrx_word' id='word_1_163' title='bbox 520 2453 804 2535; x_wconf 75' lang='grc' dir='ltr'><em>τοὶπιγροέμμοοτο,</em></span> <span class='ocrx_word' id='word_1_164' title='bbox 834 2455 1042 2528; x_wconf 69' lang='grc' dir='ltr'>τάπιτήδεια.</span> <span class='ocrx_word' id='word_1_165' title='bbox 1066 2453 1284 2535; x_wconf 75' lang='grc' dir='ltr'><em>οοέοδροὲποδοο,</em></span> <span class='ocrx_word' id='word_1_166' title='bbox 1307 2453 1489 2531; x_wconf 55' lang='lat' dir='ltr'>scivissem,</span> 
     </span>
    </p>
   </div>
   <div class='ocr_carea' id='block_1_12' title="bbox 309 2558 1596 2754">
    <p class='ocr_par' dir='ltr' id='par_1_12' title="bbox 309 2558 1596 2754">
     <span class='ocr_line' id='line_1_20' title="bbox 310 2558 1596 2648; baseline -0.004 -23"><span class='ocrx_word' id='word_1_167' title='bbox 310 2559 496 2636; x_wconf 70' lang='grc' dir='ltr'><strong><em>τάπιτίμια,</em></strong></span> <span class='ocrx_word' id='word_1_168' title='bbox 523 2559 702 2633; x_wconf 72' lang='grc' dir='ltr'><strong><em>τάπινίκια,</em></strong></span> <span class='ocrx_word' id='word_1_169' title='bbox 726 2559 908 2646; x_wconf 82' lang='lat' dir='ltr'>similiaque</span> <span class='ocrx_word' id='word_1_170' title='bbox 930 2561 1104 2646; x_wconf 84' lang='lat' dir='ltr'>complura.</span> <span class='ocrx_word' id='word_1_171' title='bbox 1140 2560 1274 2648; x_wconf 79' lang='lat' dir='ltr'>Saepius</span> <span class='ocrx_word' id='word_1_172' title='bbox 1295 2558 1490 2626; x_wconf 88' lang='lat' dir='ltr'>haecomnia</span> <span class='ocrx_word' id='word_1_173' title='bbox 1595 2631 1596 2636; x_wconf 9' lang='grc' dir='ltr'><em>ρ</em></span> 
     </span>
     <span class='ocr_line' id='line_1_21' title="bbox 309 2663 1596 2754; baseline -0.003 -23"><span class='ocrx_word' id='word_1_174' title='bbox 309 2669 344 2731; x_wconf 90' lang='lat' dir='ltr'>iu</span> <span class='ocrx_word' id='word_1_175' title='bbox 373 2667 464 2731; x_wconf 89' lang='lat' dir='ltr'>honis</span> <span class='ocrx_word' id='word_1_176' title='bbox 493 2664 657 2732; x_wconf 80' lang='lat' dir='ltr'>Strabonis</span> <span class='ocrx_word' id='word_1_177' title='bbox 689 2663 859 2732; x_wconf 87' lang='lat' dir='ltr'>Oodicibus</span> <span class='ocrx_word' id='word_1_178' title='bbox 889 2666 1056 2732; x_wconf 87' lang='lat' dir='ltr'>emendate</span> <span class='ocrx_word' id='word_1_179' title='bbox 1086 2670 1203 2754; x_wconf 82' lang='lat' dir='ltr'>scripta</span> <span class='ocrx_word' id='word_1_180' title='bbox 1228 2669 1441 2753; x_wconf 88' lang='lat' dir='ltr'>reperiuntur,</span> <span class='ocrx_word' id='word_1_181' title='bbox 1461 2665 1491 2727; x_wconf 89' lang='lat' dir='ltr'>iu</span> <span class='ocrx_word' id='word_1_182' title='bbox 1595 2671 1596 2678; x_wconf 78' lang='grc'>’</span> 
     </span>
    </p>
   </div>
   <div class='ocr_carea' id='block_1_13' title="bbox 309 2771 1492 4130">
    <p class='ocr_par' dir='ltr' id='par_1_13' title="bbox 309 2771 1489 2942">
     <span class='ocr_line' id='line_1_22' title="bbox 309 2771 1489 2859; baseline -0.003 -22"><span class='ocrx_word' id='word_1_183' title='bbox 309 2771 480 2858; x_wconf 91' lang='lat' dir='ltr'>permultis</span> <span class='ocrx_word' id='word_1_184' title='bbox 519 2777 628 2836; x_wconf 90' lang='lat' dir='ltr'>tamen</span> <span class='ocrx_word' id='word_1_185' title='bbox 665 2771 818 2838; x_wconf 85' lang='lat' dir='ltr'>distracta</span> <span class='ocrx_word' id='word_1_186' title='bbox 850 2773 960 2839; x_wconf 73' lang='lat' dir='ltr'>rideas</span> <span class='ocrx_word' id='word_1_187' title='bbox 993 2793 1075 2859; x_wconf 88' lang='lat' dir='ltr'>quaa</span> <span class='ocrx_word' id='word_1_188' title='bbox 1109 2775 1253 2840; x_wconf 87' lang='lat' dir='ltr'>contrahi</span> <span class='ocrx_word' id='word_1_189' title='bbox 1288 2773 1387 2840; x_wconf 85' lang='lat' dir='ltr'>solere</span> <span class='ocrx_word' id='word_1_190' title='bbox 1420 2771 1489 2835; x_wconf 86' lang='lat' dir='ltr'>satis</span> 
     </span>
     <span class='ocr_line' id='line_1_23' title="bbox 311 2881 443 2942; baseline 0 0"><span class='ocrx_word' id='word_1_191' title='bbox 311 2881 443 2942; x_wconf 89' lang='lat' dir='ltr'>constet.</span> 
     </span>
    </p>

    <p class='ocr_par' dir='ltr' id='par_1_14' title="bbox 309 2981 1492 3703">
     <span class='ocr_line' id='line_1_24' title="bbox 355 2981 1491 3070; baseline -0.001 -22"><span class='ocrx_word' id='word_1_192' title='bbox 355 2981 463 3049; x_wconf 87' lang='lat' dir='ltr'>Multo</span> <span class='ocrx_word' id='word_1_193' title='bbox 497 2985 595 3048; x_wconf 89' lang='lat' dir='ltr'>etiam</span> <span class='ocrx_word' id='word_1_194' title='bbox 630 2987 736 3069; x_wconf 88' lang='lat' dir='ltr'>peiora</span> <span class='ocrx_word' id='word_1_195' title='bbox 769 2990 802 3050; x_wconf 88' lang='lat' dir='ltr'>et</span> <span class='ocrx_word' id='word_1_196' title='bbox 836 2987 906 3049; x_wconf 91' lang='lat' dir='ltr'>auri</span> <span class='ocrx_word' id='word_1_197' title='bbox 936 2983 1121 3052; x_wconf 85' lang='lat' dir='ltr'>molestiora</span> <span class='ocrx_word' id='word_1_198' title='bbox 1150 3006 1188 3051; x_wconf 87' lang='lat' dir='ltr'>ea</span> <span class='ocrx_word' id='word_1_199' title='bbox 1217 2990 1292 3051; x_wconf 90' lang='lat' dir='ltr'>suut</span> <span class='ocrx_word' id='word_1_200' title='bbox 1321 2989 1356 3052; x_wconf 91' lang='lat' dir='ltr'>iu</span> <span class='ocrx_word' id='word_1_201' title='bbox 1386 2985 1491 3070; x_wconf 86' lang='lat' dir='ltr'>quihus</span> 
     </span>
     <span class='ocr_line' id='line_1_25' title="bbox 310 3087 1492 3177; baseline 0.001 -21"><span class='ocrx_word' id='word_1_202' title='bbox 310 3088 389 3156; x_wconf 87' lang='lat' dir='ltr'>elisa</span> <span class='ocrx_word' id='word_1_203' title='bbox 419 3087 539 3155; x_wconf 80' lang='lat' dir='ltr'>voculis</span> <span class='ocrx_word' id='word_1_204' title='bbox 563 3109 582 3154; x_wconf 84' lang='lat' dir='ltr'>a</span> <span class='ocrx_word' id='word_1_205' title='bbox 604 3089 706 3155; x_wconf 88' lang='lat' dir='ltr'>scriba</span> <span class='ocrx_word' id='word_1_206' title='bbox 727 3087 853 3156; x_wconf 88' lang='lat' dir='ltr'>inficets</span> <span class='ocrx_word' id='word_1_207' title='bbox 876 3089 1002 3177; x_wconf 83' lang='lat' dir='ltr'>expleta</span> <span class='ocrx_word' id='word_1_208' title='bbox 1024 3095 1081 3156; x_wconf 88' lang='lat' dir='ltr'>est.</span> <span class='ocrx_word' id='word_1_209' title='bbox 1129 3089 1245 3157; x_wconf 84' lang='lat' dir='ltr'>Paucis</span> <span class='ocrx_word' id='word_1_210' title='bbox 1268 3092 1352 3176; x_wconf 90' lang='lat' dir='ltr'>apud</span> <span class='ocrx_word' id='word_1_211' title='bbox 1375 3089 1492 3156; x_wconf 85' lang='lat' dir='ltr'>Strabo</span> 
     </span>
     <span class='ocr_line' id='line_1_26' title="bbox 310 3193 1489 3281; baseline -0.002 -21"><span class='ocrx_word' id='word_1_212' title='bbox 310 3217 385 3260; x_wconf 88' lang='lat' dir='ltr'>nem</span> <span class='ocrx_word' id='word_1_213' title='bbox 417 3197 543 3281; x_wconf 80' lang='lat' dir='ltr'>paginis</span> <span class='ocrx_word' id='word_1_214' title='bbox 565 3193 706 3281; x_wconf 81' lang='lat' dir='ltr'>legimus</span> <span class='ocrx_word' id='word_1_215' title='bbox 730 3196 819 3260; x_wconf 77' lang='grc' dir='ltr'>οὶλλδ</span> <span class='ocrx_word' id='word_1_216' title='bbox 845 3196 996 3273; x_wconf 71' lang='grc' dir='ltr'><em>ἀνοδίαις,</em></span> <span class='ocrx_word' id='word_1_217' title='bbox 1025 3195 1113 3261; x_wconf 69' lang='grc' dir='ltr'><strong><em>ἀλλὰ</em></strong></span> <span class='ocrx_word' id='word_1_218' title='bbox 1137 3194 1217 3272; x_wconf 66' lang='lat' dir='ltr'>siud,</span> <span class='ocrx_word' id='word_1_219' title='bbox 1242 3193 1310 3262; x_wconf 77' lang='lat' dir='ltr'>elsa</span> <span class='ocrx_word' id='word_1_220' title='bbox 1335 3197 1489 3265; x_wconf 71' lang='grc' dir='ltr'><strong><em>ἀπελθεῖν,</em></strong></span> 
     </span>
     <span class='ocr_line' id='line_1_27' title="bbox 310 3299 1491 3388; baseline -0.003 -21"><span class='ocrx_word' id='word_1_221' title='bbox 310 3301 396 3379; x_wconf 72' lang='grc' dir='ltr'>μετὰ</span> <span class='ocrx_word' id='word_1_222' title='bbox 416 3301 546 3380; x_wconf 68' lang='grc' dir='ltr'><em>ἀνδρῶν.</em></span> <span class='ocrx_word' id='word_1_223' title='bbox 563 3302 648 3376; x_wconf 72' lang='grc' dir='ltr'>μετὰ</span> <span class='ocrx_word' id='word_1_224' title='bbox 669 3301 765 3365; x_wconf 80' lang='grc' dir='ltr'><em>οὐλοῢ</em></span> <span class='ocrx_word' id='word_1_225' title='bbox 786 3305 818 3366; x_wconf 83' lang='lat' dir='ltr'>et</span> <span class='ocrx_word' id='word_1_226' title='bbox 837 3299 901 3367; x_wconf 89' lang='lat' dir='ltr'>alia</span> <span class='ocrx_word' id='word_1_227' title='bbox 920 3301 1153 3368; x_wconf 87' lang='lat' dir='ltr'>eiusdemmodi</span> <span class='ocrx_word' id='word_1_228' title='bbox 1172 3305 1302 3388; x_wconf 86' lang='lat' dir='ltr'>passim.</span> <span class='ocrx_word' id='word_1_229' title='bbox 1335 3303 1372 3368; x_wconf 89' lang='lat' dir='ltr'>Iu</span> <span class='ocrx_word' id='word_1_230' title='bbox 1391 3301 1491 3388; x_wconf 87' lang='lat' dir='ltr'>rapido</span> 
     </span>
     <span class='ocr_line' id='line_1_28' title="bbox 310 3405 1490 3494; baseline -0.003 -21"><span class='ocrx_word' id='word_1_231' title='bbox 310 3407 443 3474; x_wconf 86' lang='lat' dir='ltr'>flumine</span> <span class='ocrx_word' id='word_1_232' title='bbox 473 3405 624 3472; x_wconf 85' lang='lat' dir='ltr'>orationis</span> <span class='ocrx_word' id='word_1_233' title='bbox 654 3405 918 3472; x_wconf 86' lang='lat' dir='ltr'>Demosthenicee</span> <span class='ocrx_word' id='word_1_234' title='bbox 952 3411 1061 3494; x_wconf 89' lang='lat' dir='ltr'>aequis</span> <span class='ocrx_word' id='word_1_235' title='bbox 1094 3411 1211 3474; x_wconf 89' lang='lat' dir='ltr'>animis</span> <span class='ocrx_word' id='word_1_236' title='bbox 1244 3409 1380 3475; x_wconf 87' lang='lat' dir='ltr'>audiunt</span> <span class='ocrx_word' id='word_1_237' title='bbox 1413 3405 1490 3487; x_wconf 73' lang='grc' dir='ltr'><em>οορδ</em></span> 
     </span>
     <span class='ocr_line' id='line_1_29' title="bbox 310 3509 1488 3601; baseline 0.003 -24"><span class='ocrx_word' id='word_1_238' title='bbox 310 3511 494 3587; x_wconf 52' lang='lat' dir='ltr'>’Atrectum</span> <span class='ocrx_word' id='word_1_239' title='bbox 529 3511 616 3590; x_wconf 76' lang='grc' dir='ltr'><em>πορδ</em></span> <span class='ocrx_word' id='word_1_240' title='bbox 647 3509 855 3593; x_wconf 75' lang='grc' dir='ltr'>Ἀλεξάνδρῳ.</span> <span class='ocrx_word' id='word_1_241' title='bbox 888 3516 979 3598; x_wconf 90' lang='lat' dir='ltr'>qnasi</span> <span class='ocrx_word' id='word_1_242' title='bbox 1009 3513 1087 3579; x_wconf 89' lang='lat' dir='ltr'>haec</span> <span class='ocrx_word' id='word_1_243' title='bbox 1116 3534 1272 3601; x_wconf 89' lang='lat' dir='ltr'>umquam</span> <span class='ocrx_word' id='word_1_244' title='bbox 1299 3517 1344 3582; x_wconf 88' lang='lat' dir='ltr'>sic</span> <span class='ocrx_word' id='word_1_245' title='bbox 1366 3513 1488 3583; x_wconf 80' lang='lat' dir='ltr'>Graeco</span> 
     </span>
     <span class='ocr_line' id='line_1_30' title="bbox 309 3617 950 3703; baseline -0.003 -17"><span class='ocrx_word' id='word_1_246' title='bbox 309 3641 383 3686; x_wconf 91' lang='lat' dir='ltr'>rum</span> <span class='ocrx_word' id='word_1_247' title='bbox 408 3639 461 3684; x_wconf 88' lang='lat' dir='ltr'>ors</span> <span class='ocrx_word' id='word_1_248' title='bbox 482 3617 617 3683; x_wconf 87' lang='lat' dir='ltr'>rotundo</span> <span class='ocrx_word' id='word_1_249' title='bbox 640 3617 742 3683; x_wconf 79' lang='lat' dir='ltr'>afferri</span> <span class='ocrx_word' id='word_1_250' title='bbox 763 3620 950 3703; x_wconf 88' lang='lat' dir='ltr'>potuissent.</span> 
     </span>
    </p>

    <p class='ocr_par' dir='ltr' id='par_1_15' title="bbox 309 3723 1490 4130">
     <span class='ocr_line' id='line_1_31' title="bbox 356 3723 1490 3812; baseline 0.001 -22"><span class='ocrx_word' id='word_1_251' title='bbox 356 3726 400 3790; x_wconf 89' lang='lat' dir='ltr'>At</span> <span class='ocrx_word' id='word_1_252' title='bbox 422 3724 576 3812; x_wconf 79' lang='lat' dir='ltr'>leguntur</span> <span class='ocrx_word' id='word_1_253' title='bbox 598 3723 675 3788; x_wconf 89' lang='lat' dir='ltr'>haec</span> <span class='ocrx_word' id='word_1_254' title='bbox 699 3725 811 3791; x_wconf 89' lang='lat' dir='ltr'>omnia</span> <span class='ocrx_word' id='word_1_255' title='bbox 828 3726 947 3808; x_wconf 85' lang='lat' dir='ltr'>passim</span> <span class='ocrx_word' id='word_1_256' title='bbox 972 3723 1102 3812; x_wconf 80' lang='lat' dir='ltr'>(dixerit</span> <span class='ocrx_word' id='word_1_257' title='bbox 1124 3724 1253 3812; x_wconf 88' lang='lat' dir='ltr'>aliquis)</span> <span class='ocrx_word' id='word_1_258' title='bbox 1275 3729 1375 3796; x_wconf 86' lang='lat' dir='ltr'>etiam</span> <span class='ocrx_word' id='word_1_259' title='bbox 1395 3729 1427 3792; x_wconf 89' lang='lat' dir='ltr'>in</span> <span class='ocrx_word' id='word_1_260' title='bbox 1444 3747 1490 3811; x_wconf 86' lang='lat' dir='ltr'>op</span> 
     </span>
     <span class='ocr_line' id='line_1_32' title="bbox 310 3825 1490 3914; baseline -0.002 -17"><span class='ocrx_word' id='word_1_261' title='bbox 310 3835 401 3897; x_wconf 88' lang='lat' dir='ltr'>timis</span> <span class='ocrx_word' id='word_1_262' title='bbox 436 3835 469 3897; x_wconf 91' lang='lat' dir='ltr'>et</span> <span class='ocrx_word' id='word_1_263' title='bbox 503 3831 734 3914; x_wconf 86' lang='lat' dir='ltr'>antiquissimis</span> <span class='ocrx_word' id='word_1_264' title='bbox 768 3825 948 3896; x_wconf 86' lang='lat' dir='ltr'>Oodioibns.</span> <span class='ocrx_word' id='word_1_265' title='bbox 995 3828 1085 3906; x_wconf 88' lang='lat' dir='ltr'>Scio,</span> <span class='ocrx_word' id='word_1_266' title='bbox 1117 3831 1172 3896; x_wconf 90' lang='lat' dir='ltr'>sed</span> <span class='ocrx_word' id='word_1_267' title='bbox 1201 3834 1234 3896; x_wconf 90' lang='lat' dir='ltr'>in</span> <span class='ocrx_word' id='word_1_268' title='bbox 1266 3831 1326 3898; x_wconf 90' lang='lat' dir='ltr'>tali</span> <span class='ocrx_word' id='word_1_269' title='bbox 1356 3853 1389 3898; x_wconf 85' lang='lat' dir='ltr'>rs</span> <span class='ocrx_word' id='word_1_270' title='bbox 1417 3827 1490 3896; x_wconf 83' lang='lat' dir='ltr'>nihil</span> 
     </span>
     <span class='ocr_line' id='line_1_33' title="bbox 309 3934 1489 4024; baseline 0.003 -22"><span class='ocrx_word' id='word_1_271' title='bbox 309 3937 402 4003; x_wconf 88' lang='lat' dir='ltr'>libris</span> <span class='ocrx_word' id='word_1_272' title='bbox 431 3935 511 4002; x_wconf 85' lang='lat' dir='ltr'>Mss.</span> <span class='ocrx_word' id='word_1_273' title='bbox 545 3956 611 4001; x_wconf 88' lang='lat' dir='ltr'>csse</span> <span class='ocrx_word' id='word_1_274' title='bbox 642 3934 832 4000; x_wconf 87' lang='lat' dir='ltr'>credendum</span> <span class='ocrx_word' id='word_1_275' title='bbox 864 3938 944 4001; x_wconf 88' lang='lat' dir='ltr'>satis</span> <span class='ocrx_word' id='word_1_276' title='bbox 972 3937 1137 4006; x_wconf 87' lang='lat' dir='ltr'>ostendent</span> <span class='ocrx_word' id='word_1_277' title='bbox 1165 3936 1295 4004; x_wconf 82' lang='lat' dir='ltr'>Codices</span> <span class='ocrx_word' id='word_1_278' title='bbox 1315 3943 1489 4024; x_wconf 67' lang='lat' dir='ltr'>postem,</span> 
     </span>
     <span class='ocr_line' id='line_1_34' title="bbox 310 4040 1490 4130; baseline -0.001 -21"><span class='ocrx_word' id='word_1_279' title='bbox 310 4042 463 4130; x_wconf 80' lang='lat' dir='ltr'>Aeschyli</span> <span class='ocrx_word' id='word_1_280' title='bbox 506 4048 538 4109; x_wconf 89' lang='lat' dir='ltr'>et</span> <span class='ocrx_word' id='word_1_281' title='bbox 577 4041 741 4127; x_wconf 87' lang='lat' dir='ltr'>Sophoclis</span> <span class='ocrx_word' id='word_1_282' title='bbox 781 4040 960 4121; x_wconf 80' lang='lat' dir='ltr'>Medicam,</span> <span class='ocrx_word' id='word_1_283' title='bbox 996 4044 1217 4129; x_wconf 85' lang='lat' dir='ltr'>Aristophanis</span> <span class='ocrx_word' id='word_1_284' title='bbox 1250 4044 1431 4121; x_wconf 83' lang='lat' dir='ltr'>Ravennae,</span> <span class='ocrx_word' id='word_1_285' title='bbox 1461 4046 1490 4108; x_wconf 91' lang='lat' dir='ltr'>iu</span> 
     </span>
    </p>
   </div>
   <div class='ocr_carea' id='block_1_14' title="bbox 311 4146 1491 4319">
    <p class='ocr_par' dir='ltr' id='par_1_16' title="bbox 311 4146 1491 4319">
     <span class='ocr_line' id='line_1_35' title="bbox 311 4146 1491 4239; baseline 0 -26"><span class='ocrx_word' id='word_1_286' title='bbox 311 4149 427 4232; x_wconf 91' lang='lat' dir='ltr'>quihus</span> <span class='ocrx_word' id='word_1_287' title='bbox 451 4169 543 4233; x_wconf 89' lang='lat' dir='ltr'>saepe</span> <span class='ocrx_word' id='word_1_288' title='bbox 564 4146 706 4232; x_wconf 86' lang='lat' dir='ltr'>vocales,</span> <span class='ocrx_word' id='word_1_289' title='bbox 731 4167 809 4233; x_wconf 88' lang='lat' dir='ltr'>quas</span> <span class='ocrx_word' id='word_1_290' title='bbox 832 4147 926 4216; x_wconf 87' lang='lat' dir='ltr'>elisas</span> <span class='ocrx_word' id='word_1_291' title='bbox 949 4153 1105 4235; x_wconf 88' lang='lat' dir='ltr'>oportuit,</span> <span class='ocrx_word' id='word_1_292' title='bbox 1124 4156 1226 4216; x_wconf 84' lang='lat' dir='ltr'>metro</span> <span class='ocrx_word' id='word_1_293' title='bbox 1237 4151 1386 4239; x_wconf 79' lang='lat' dir='ltr'>iugulato</span> <span class='ocrx_word' id='word_1_294' title='bbox 1397 4148 1491 4237; x_wconf 84' lang='lat' dir='ltr'>exple</span> 
     </span>
     <span class='ocr_line' id='line_1_36' title="bbox 312 4253 518 4319; baseline 0.01 -3"><span class='ocrx_word' id='word_1_295' title='bbox 312 4259 362 4317; x_wconf 89' lang='lat' dir='ltr'>tas</span> <span class='ocrx_word' id='word_1_296' title='bbox 384 4253 518 4319; x_wconf 85' lang='lat' dir='ltr'>videbis.</span> 
     </span>
    </p>
   </div>
   <div class='ocr_carea' id='block_1_15' title="bbox 358 4460 1492 4554">
    <p class='ocr_par' dir='ltr' id='par_1_17' title="bbox 358 4460 1492 4554">
     <span class='ocr_line' id='line_1_37' title="bbox 358 4460 1492 4554; baseline 0 -24"><span class='ocrx_word' id='word_1_297' title='bbox 358 4460 452 4532; x_wconf 83' lang='lat' dir='ltr'>Nuus</span> <span class='ocrx_word' id='word_1_298' title='bbox 483 4461 612 4550; x_wconf 80' lang='lat' dir='ltr'>quidem</span> <span class='ocrx_word' id='word_1_299' title='bbox 642 4463 681 4528; x_wconf 86' lang='lat' dir='ltr'>ds</span> <span class='ocrx_word' id='word_1_300' title='bbox 711 4485 827 4554; x_wconf 77' lang='lat' dir='ltr'>genera</span> <span class='ocrx_word' id='word_1_301' title='bbox 856 4466 917 4532; x_wconf 83' lang='lat' dir='ltr'>hoc</span> <span class='ocrx_word' id='word_1_302' title='bbox 945 4465 1134 4534; x_wconf 88' lang='lat' dir='ltr'>mendorum</span> <span class='ocrx_word' id='word_1_303' title='bbox 1168 4470 1246 4536; x_wconf 88' lang='lat' dir='ltr'>satis</span> <span class='ocrx_word' id='word_1_304' title='bbox 1277 4489 1345 4536; x_wconf 84' lang='lat' dir='ltr'>esse</span> <span class='ocrx_word' id='word_1_305' title='bbox 1378 4467 1492 4534; x_wconf 87' lang='lat' dir='ltr'>dictum</span> 
     </span>
    </p>
   </div>
   <div class='ocr_carea' id='block_1_16' title="bbox 0 0 1610 5158">
    <p class='ocr_par' dir='ltr' id='par_1_18' title="bbox 0 0 1610 5158">
     <span class='ocr_line' id='line_1_38' title="bbox 0 0 1610 5158; baseline 0 0"><span class='ocrx_word' id='word_1_306' title='bbox 0 0 1610 5158; x_wconf 95' lang='lat' dir='ltr'> </span> 
     </span>
    </p>
   </div>
  </div>
 </body>
</html>
