3372 5192
648 355 649 358 ‘
727 358 793 439 '533

164 558 468 641 συμπαρεσκεύασαν
488 558 634 642 άυθρυποι
654 553 736 635 ύπυς
755 562 783 628 οἱ
802 561 860 640 μὲν
880 562 1082 630 ἐκπεσοῦνται
1102 567 1160 628 τῶν
1181 555 1352 643 βασιλέιον,

163 661 207 739 εἷς
239 665 269 730 δέ
288 704 329 714 -
350 669 458 732 πάσαν
489 667 543 748 ὑφ’
574 667 667 733 αὐτὸν
690 667 850 745 ποιήσεται
875 669 930 736 rio
954 671 1055 751 άρχην
1079 668 1095 745 ἢ
1122 669 1191 743 τοὺς
1214 669 1272 748 μὲν
1291 678 1355 736 τοῖν

163 771 241 837 δυοῖν
263 773 478 852 βοηθήσαντας
502 772 541 838 σὀν
565 775 608 846 είς
633 771 733 856 Φόβον
757 774 809 839 καὶ
834 775 1044 857 συκοφαντίας
1068 775 1241 854 εὐλάβειαν
1269 776 1354 841 καθι-

162 877 304 958 εάντες,’
317 889 401 944 ΤΩΙ
427 879 457 944 δέ
479 881 522 961 τῷ
546 879 586 944 ἑνί
614 880 671 968 (cic
695 885 780 946 recte
803 880 967 948 Dobraeua
988 902 1045 968 pro
1068 881 1111 961 τῷ
1135 882 1162 946 θ’
1182 881 1235 968 ἐνί)
1257 879 1356 963 πράτ-

162 1006 244 1050 τοντι
267 987 322 1061 την
342 985 443 1067 άρχην
467 985 622 1078 τοσαύτην
646 985 785 1064 ἐξουσίαν
809 986 958 1065 διδθυτεςς
994 986 1188 1074 Interpolata
1209 988 1261 1053 his
1278 993 1353 1053 aunt

161 1090 196 1155 in
218 1089 310 1157 libris
334 1094 482 1158 omnibus
505 1097 577 1178 post
596 1091 778 1166 celerrime
799 1094 877 1159 haee
896 1094 1009 1161 verba:
1030 1087 1064 1162 tv
1083 1093 1161 1166 είκδς
1182 1094 1352 1172 προσδοκᾶν

163 1194 291 1269 ἐκείνους
324 1197 378 1279 ἐφ’
405 1197 533 1273 ἑαυτοὺς
557 1200 653 1264 ἐλθεῖν
678 1197 716 1264 άν
737 1199 790 1264 διά
812 1204 866 1265 τοῦ
889 1199 1097 1282 ψηφίσματος
1121 1200 1255 1278 τουτουί,
1281 1201 1353 1285 qui·
1408 1241 1413 1251 ι

161 1299 223 1367 bus
240 1301 384 1390 plerique
402 1305 523 1371 addunt
540 1304 708 1372 insulsiora
727 1307 825 1372 etiam
845 1305 939 1372 haec:
960 1303 989 1372 εί
1005 1331 1035 1392 τι
1056 1305 1146 1373 πάθοι
1168 1305 1352 1387 Χαρίδημος.

208 1407 337 1494 Optime
360 1412 467 1476 omnia
489 1410 567 1477 haec
590 1409 688 1477 doleri
710 1413 805 1478 iussit
827 1412 991 1480 Dobraeua
1016 1436 1077 1492 „ec
1097 1437 1166 1498 ρορ.
1191 1411 1268 1478 624.
1297 1410 1352 1478 20.

162 1514 251 1580 orta¹'
275 1537 341 1582 eaac
365 1517 547 1584 admonens.
1295 1519 1298 1525 ’

206 1711 285 1799 Peg.
319 1709 394 1776 626.
428 1709 460 1777 9.
491 1707 530 1775 ὧν
556 1709 833 1788 ploraverim*
860 1714 962 1794 ἐρρύθη
985 1713 1020 1778 τθ
1048 1712 1269 1795 προβούλευμα
1288 1710 1351 1796 [ἵνα

163 1817 319 1898 κυρώσειεν
342 1817 356 1880 ὃ
379 1815 473 1894 δῆμος
497 1815 718 1903 ἐξαπατηθείς]
742 1817 795 1883 καί
820 1819 857 1883 δι’
878 1815 900 1885 ά
924 1821 978 1894 την
1000 1821 1128 1901 μραφην
1152 1818 1351 1897 ἐποιησάμεθ’

162 1925 250 2001 ἡμεῖς
271 1925 398 1998 ταυτηνί
423 1921 616 2007 [βουλθμενοι
637 1925 790 2009 κωλῦσαι]
812 1927 904 1989 ταῦτ’
927 1925 1003 2004 triv,
1025 1923 1046 1989 ὦ
1065 1924 1170 2004 άνδρες
1189 1926 1351 2000 Ἀθηναῖοι.

162 2029 235 2094 Non
266 2033 394 2095 tantum
425 2031 625 2116 ineptissime
655 2033 841 2116 interposita
872 2035 946 2096 aunt
976 2051 1056 2118 quae
1078 2033 1202 2096 uncinis
1224 2031 1355 2096 inclusi·

162 2155 254 2214 mua,
286 2135 340 2201 ced
370 2136 457 2221 prior
486 2137 585 2201 etiam
615 2156 688 2220 para
718 2135 888 2202 manifesto
919 2157 992 2202 cum
1025 2135 1165 2202 Oratoria
1198 2139 1356 2203 sententia

164 2245 295 2329 pugnat.
343 2239 415 2306 Non
447 2242 532 2306 enim
563 2238 613 2308 ἵνα
644 2241 800 2323 κυρώσειεν
833 2243 846 2306 θ
876 2241 969 2320 δῆμος
1001 2239 1207 2318 ἐξαπατηθείς
1231 2240 1356 2321 διεπρά-

160 2343 256 2422 ξαντθ
278 2369 358 2420 τινες
380 2351 469 2412 τοῦτο
493 2347 635 2424 γενέσθαι
662 2347 695 2412 τθ
719 2347 956 2436 προβούλευμα,
978 2349 1032 2414 aed
1053 2348 1233 2427 βουλόμενοι
1254 2371 1355 2429 παρα·

162 2451 265 2517 δοῦναι
294 2452 334 2517 ἐν)
365 2453 408 2534 τῷ
440 2451 662 2535 Κερσοβλέπτης
694 2453 748 2527 την
779 2455 881 2536 άρχην
913 2451 1061 2532 άπασαν,
1092 2458 1130 2519 ut
1152 2453 1260 2540 paullo
1283 2461 1356 2520 ante

161 2557 286 2624 dixerat
307 2579 382 2647 pag.
405 2556 481 2624 623.
506 2557 560 2624 24.
607 2557 733 2624 Sumsit
755 2580 813 2626 aua
836 2559 1046 2646 interpolator
1067 2580 1106 2625 ex
1127 2580 1201 2646 pag.
1223 2558 1299 2624 625.
1322 2558 1354 2625 7.

160 2663 227 2730 Νοο
255 2667 364 2730 minua
396 2664 511 2730 stolide
540 2665 721 2743 βουλόμενοι
752 2667 889 2732 κωλῦσαι
917 2669 1037 2732 incerta
1061 2671 1153 2750 eunt,
1178 2669 1253 2751 quia
1274 2668 1353 2732 haec

160 2771 230 2855 ipsa
253 2775 286 2836 et
307 2770 385 2836 haec
408 2771 503 2835 unica
524 2791 619 2836 causa
644 2777 712 2838 erat
735 2793 792 2838 cur
813 2770 927 2838 Orator
949 2774 1004 2848 την
1028 2771 1155 2854 apamia
1176 2774 1350 2849 ἐποιήσατο.

205 2945 287 3038 Pag.
323 2947 399 3014 626.
433 2946 488 3016 12.
512 2949 627 3014 δίκαιον
649 2947 677 3014 δ’
702 2949 765 3018 ἐςὶν
788 2949 858 3022 ἴσως
882 2950 998 3026 ἐμὲ-
1018 2948 1130 3030 αίρεσιν
1154 2953 1225 3029 ὑμῖν
1248 2954 1349 3018 δοῦναι

158 3061 222 3126 τοῖς
245 3055 457 3133 ἀκουσομένοις
480 3053 513 3118 τί
536 3061 650 3136 πρῶτον
670 3053 713 3118 Ἣ
738 3055 770 3120 τί
793 3054 929 3135 δεύτερον
951 3053 993 3119 Ἣ
1018 3059 1049 3121 τί
1072 3067 1252 3122 τελευταῖον
1274 3059 1350 3136 βου·

159 3160 295 3238 λομένσις
327 3162 447 3227 άιιούειν
479 3159 550 3238 ὑμῖν
581 3160 654 3228 erlo.
702 3159 826 3226 Natura
854 3163 901 3226 rei
930 3159 1072 3246 postulat
1094 3166 1132 3227 ut
1154 3165 1349 3251 corrigatur:

159 3268 191 3332 τί
214 3272 328 3347 πρῶτον
351 3276 424 3332 ΚΑΙ
448 3267 480 3330 τί
503 3265 639 3347 δεύτερον
665 3275 737 3330 ΚΑΙ
761 3267 793 3330 τί
815 3275 1006 3331 τελευταῖον.
1052 3266 1128 3332 Tria
1151 3275 1240 3334 erant
1259 3289 1348 3334 accu-
1414 3271 1415 3274 ’

159 3375 290 3438 actionis
321 3375 443 3457 capita,
464 3371 503 3436 de
526 3373 641 3456 quibus
663 3393 788 3437 neccsse
809 3379 877 3438 erat
899 3379 931 3438 et
955 3378 1169 3438 accusatorem
1192 3374 1295 3439 dicere
1319 3377 1351 3438 et

160 3477 282 3544 iudices
313 3477 439 3555 audire,
471 3478 525 3542 eod
556 3478 634 3562 quid
666 3479 827 3562 primum,
856 3479 933 3564 quid
957 3477 1151 3562 secundum,
1175 3479 1251 3563 quid
1275 3479 1351 3545 ulti·

158 3604 250 3649 mum
283 3584 393 3649 audue
422 3581 558 3649 mallent
586 3583 746 3648 iudicibus
777 3587 939 3669 optionem
968 3584 1064 3663 facit,
1093 3587 1126 3649 in
1149 3606 1212 3671 qua
1232 3608 1266 3652 re
1289 3587 1351 3651 dia

160 3691 324 3757 iunctivac
346 3686 522 3775 particulae
545 3687 654 3754 uullua
673 3687 763 3755 locua
784 3695 843 3755 eat.

203 3867 284 3956 Pag.
310 3865 386 3934 629.
412 3867 466 3933 11.
493 3865 613 3950 άκριτον
641 3875 704 3940 τοῖς
726 3868 1000 3949 ἐπαιτιασαμένοις
1024 3868 1196 3950 παρέδωκεν
1219 3867 1238 3936 θ
1258 3894 1288 3936 τι
1312 3871 1350 3938 θον
1384 3910 1386 3916 ¹

158 3973 333 4052 βούλωνται
363 3977 496 4055 χρῆσθαι
527 3973 578 4039 τὸν
608 3974 671 4039 οὐδ’
702 3976 728 4039 εί
761 3975 910 4050 πεποίηκέ
936 4000 984 4041 πω
1008 3974 1148 4056 φανεράν.
1197 3977 1247 4042 Ad
1269 3979 1351 4045 inle-

157 4083 312 4168 gritatem
334 4081 509 4146 secuntiae
533 4101 634 4146 unum
657 4080 850 4147 vocabulum
874 4081 971 4147 deest.
1018 4081 1220 4169 Legendum:
1245 4084 1305 4149 οὐδ’
1325 4086 1351 4151 εί

161 4185 309 4262 πεποίηκέ
332 4212 379 4254 πυ
403 4188 535 4270 Φανερὸν
554 4191 705 4254 ὌΝΤΑ.

203 4366 282 4454 Pag.
320 4365 397 4432 630.
429 4365 484 4432 21.
515 4369 554 4442 ὥς
587 4366 713 4446 θνθμος
745 4363 894 4431 τύπτει
925 4364 1025 4431 δοῦναι
1050 4364 1147 4441 δίκην.
1169 4367 1252 4436 alius
1273 4367 1355 4438 liber

158 4470 291 4558 πράττει
314 4471 474 4539 tralaticio
498 4493 601 4541 errore
622 4493 681 4562 pro
703 4469 902 4558 προστάττει.
