3392 5186
740 367 806 442 389

184 566 321 635 Homeri
349 566 473 632 imitari
502 568 605 652 putet.
658 563 830 652 Ecquando
858 562 1017 654 philologi
1046 585 1155 666 sopore
1185 566 1374 632 audebimus

186 678 220 738 ei
241 674 300 738 hos
328 675 452 758 poiteet
452 691 562 736 rorum
590 690 694 758 nugas
724 675 757 735 ei
777 673 913 756 ineptias
934 658 1134 737 contemnere
1157 676 1190 737 et
1212 668 1375 737 deridere?

187 779 292 860 Quom
314 780 358 842 sii
380 776 458 843 haec
480 774 650 842 stolidai
617 782 650 841 ei
672 776 808 842 absurde
835 777 1376 865 lingua,queHomeri'1miietor

187 885 461 966 rememoremur,
491 901 554 946 uno
582 883 703 969 insigni
725 881 871 968 exemplo
894 887 943 948 ost
929 883 1087 949 tendere
1077 888 1179 950 nursi.
1155 881 1377 948 iVersetur

187 989 351 1076 inlepido
377 993 409 1054 ei
437 990 541 1054 iocoso
570 991 760 1074 argumento
789 986 847 1053 lib.
870 987 931 1054 Π1.
960 1010 1007 1054 vs.
1031 988 1086 1054 91.
1110 1012 1177 1077 sqq.
1224 988 1376 1070 Queritur

187 1095 294 1162 Venus
317 1095 357 1160 de
386 1091 462 1178 filii,
493 1089 678 1179 Cupidinis,
707 1095 915 1178 protervitate
943 1099 976 1160 et
999 1098 1209 1161 contumacis.
1257 1095 1375 1182 Propo·

187 1221 264 1267 nom
286 1200 395 1266 locum
417 1197 530 1287 lingue
550 1197 696 1283 populari
719 1201 893 1284 scriptum,
918 1198 1031 1266 deinde
1052 1200 1150 1266 verba
1172 1205 1284 1286 posteo
1302 1202 1377 1267 sub·

187 1309 308 1373 iioiam.
328 1301 349 1369 ὦ
367 1305 450 1383 Ἥρα
471 1303 523 1368 καί
545 1304 678 1381 ’Λθηνοῖ,
698 1305 821 1390 inquii,
842 1304 913 1383 ὑμῖν
931 1310 1055 1384 μᾶλλον
1074 1303 1112 1370 δν
1131 1306 1246 1371 πίθοιτο
1260 1305 1277 1381 ἢ
1290 1307 1361 1384 ἐμοί
1366 1328 1374 1346 ·

190 1412 272 1491 ὑμῶν
292 1411 349 1489 μὲν
367 1409 432 1488 yso
452 1410 536 1490 αὐτῷ
557 1409 668 1490 καίπερ
687 1409 884 1492 ἀναισχύντῳ
902 1408 964 1475 θντι
984 1410 1074 1489 θλίγη
1096 1410 1135 1490 γέ
1158 1434 1205 1485 τις
1231 1413 1322 1485 αίδιδς
1345 1413 1376 1477 ἐν

159 1569 164 1584 .
189 1519 365 1601 ὀφθαλμοῖς
385 1513 470 1594 έςαι,
492 1517 567 1594 ἐμοῦ
587 1516 619 1582 δέ
640 1515 722 1580 οὐδέν
741 1517 907 1598 Φροντίζει.
932 1518 1007 1582 ἄλλ’
1027 1517 1076 1582 eis}
1095 1523 1258 1597 Φιλονιαῶν
1278 1541 1378 1582 κατα-

188 1627 303 1708 φρονεῖ.
328 1623 382 1698 ἥδη
405 1623 437 1688 δέ
462 1622 514 1686 καί
540 1623 789 1703 ὑπεραλγήσασα
809 1624 852 1704 τῷ
870 1622 1038 1704 πράγματι
1062 1622 1217 1698 ἠπείλησα
1236 1623 1279 1688 τθι
1299 1622 1376 1699 τθξα

190 1731 275 1811 αὐτῷ
304 1728 357 1794 καί
388 1730 459 1799 τοὺς
489 1727 589 1800 θϊτοὺο
618 1727 848 1803 αατακλοίσειν,
881 1732 896 1794 θ
927 1729 958 1794 δέ
982 1729 1129 1810 θρνισθείς
1152 1730 1378 1804 αντηπείλησεν

190 1832 236 1900 ὅτι
268 1837 294 1901 εί
325 1835 369 1913 μθη
400 1833 516 1912 καθέξω
548 1834 590 1898 τὼ
620 1825 728 1914 χεῖρε.
766 1831 821 1906 ἕως
853 1833 897 1900 ἐτι
928 1839 982 1899 τοῦ
1013 1838 1108 1913 θυμοῦ
1140 1843 1264 1916 κρατεῖ,
1298 1837 1378 1912 αὐτη

189 1942 329 2021 ἐμαυτὴν
362 1939 556 2017 αἱτιιίσομαι.
611 1937 701 2004 Haec
729 1941 833 2026 igitur
865 1939 1055 2026 Apollonius
1090 1941 1136 2006 sic
1170 1939 1380 2028 grandiloquo

189 2050 329 2114 orations
352 2049 441 2134 spice
463 2047 612 2138 vestivit:

368 2154 446 2235 Ἥρη
472 2149 619 2226 Ἀθηναίη
639 2174 696 2228 τε,
722 2149 837 2216 πίθοιτθ
860 2175 909 2216 κεν
934 2150 1015 2230 ιίμμι
1040 2151 1165 2230 μοίνιιτα

372 2258 389 2336 η
412 2258 496 2336 ἐμοί·
521 2257 631 2336 ὑμείων
654 2255 718 2338 γὰρ
742 2256 893 2339 ἅναιδιίτρ
917 2281 973 2337 περ
1000 2257 1078 2324 ἐθντι

370 2364 463 2440 τυτθιί
486 2365 521 2442 μ’
545 2363 636 2437 αίδδις
660 2361 761 2428 ἔσσετ’
784 2363 815 2427 ἐν
838 2361 991 2444 ίμμασιν·
1015 2361 1117 2443 αὐτὰρ
1141 2363 1224 2440 ἐμεῖο

371 2472 426 2537 οὐκ
447 2469 569 2548 ὄθεται,
587 2467 680 2548 μάλα
703 2469 730 2534 δ’
750 2469 815 2533 αίέν
839 2469 1016 2551 ἐριδμαίνων
1037 2467 1176 2551 ἀθερίζει.

372 2577 424 2643 καί
448 2576 484 2652 δή
506 2577 531 2642 oi
554 2577 686 2655 μενέηνα
709 2576 916 2656 περισχομένη
939 2574 1089 2650 ιιακίτηπι

371 2685 507 2748 αὐτοῖσιν
529 2680 641 2759 τόξοισι
665 2681 822 2761 δυσηχέας
846 2677 922 2758 ἆξαι
947 2679 1049 2754 θ’ίςοθς

372 2788 531 2870 θμφαδίη.
554 2797 633 2854 τοῖον
655 2789 718 2868 γὰρ
742 2786 932 2862 ἐπηπείλησε
955 2785 1132 2870 χαλεφθείς

372 2897 398 2960 εί
419 2896 464 2974 μη
487 2892 590 2970 τηλθθι
612 2901 722 2974 χειρας
746 2917 801 2966 sore
824 2894 868 2960 ἐτι
895 2893 988 2970 θυμὸν
1011 2892 1109 2975 ἐρύκει
1232 2947 1235 2954 ,

373 2997 429 3077 ἕξω
453 3001 532 3099 ἐμας
557 2997 731 3077 μετέπειτα
755 3022 778 3073 χ
781 2998 1047 3078 ἰίτεμβοίμην
1035 3005 1080 3063 soi
1101 2997 1191 3078 αὐτη.

236 3103 311 3172 Sosi
297 3110 366 3172 ient
393 3106 471 3172 haec
501 3109 536 3173 vi
538 3108 609 3190 iiis,
641 3123 778 3191 quorum
808 3123 909 3189 pauca
938 3101 1036 3168 verbo
1062 3085 1202 3165 in‘dicere
1224 3101 1301 3166 satis
1323 3105 1381 3165 esi.

191 3213 375 3279 Absurdum
398 3234 464 3279 esse
487 3209 617 3279 vides
599 3235 680 3290 υμμι
705 3208 831 3288 μθλιτα
854 3235 871 3284 η
857 3206 983 3286 ἐμοί,
1009 3226 1065 3293 pro
1089 3209 1229 3283 μαλλον,
1254 3203 1380 3278 αναίδη-

192 3341 242 3389 τοι
272 3340 329 3404 pro
360 3318 506 3394 θναιδης,
540 3317 643 3393 τηλθθι
676 3323 787 3398 χεῖρας
818 3313 902 3397 ἐχειν
934 3332 991 3400 pro
1021 3312 1170 3392 κατέχειν
1199 3312 1241 3375 τὼ
1271 3333 1380 3393 χειρε,

192 3425 390 3504 ιθτεμβοίμην
420 3427 536 3492 omisso
567 3419 631 3499 θτι,
656 3423 861 3509 profuturo,
885 3441 942 3507 pro
966 3417 1137 3501 μέμφομαι
1161 3419 1325 3504 positum,
1351 3421 1383 3482 et

192 3533 416 3617 turpissimum
446 3533 592 3597 omnium
623 3530 668 3595 ἑοῖ
695 3549 751 3616 pro
782 3527 859 3606 ἐμοί.
906 3526 1031 3612 Nempe
1059 3524 1095 3588 hi
1125 3525 1314 3609 ροόιοιείιί,
1345 3527 1383 3588 ut

191 3642 306 3703 notum
336 3641 402 3712 est,
430 3639 531 3702 trium
557 3655 762 3723 personarum
791 3633 980 3719 pronomina
1008 3633 1041 3695 ei
1070 3631 1247 3715 possessive
1267 3648 1383 3713 susque

193 3742 295 3828 dequo
316 3742 435 3808 hebent
458 3747 490 3808 et
513 3742 679 3823 σφωΐτερος
705 3745 756 3823 (ιιι
774 3741 834 3806 hoc
854 3738 937 3823 nior)
958 3740 1080 3822 ponunt
1099 3755 1155 3820 pro
1175 3755 1272 3817 ποια,
1296 3739 1384 3813 νινε,

193 3869 283 3927 moe,
307 3855 424 3933 ποιέει,
447 3854 560 3933 νοτίαν,
584 3850 675 3933 qussi
695 3845 780 3912 nihil
803 3845 978 3930 quidquem
995 3843 1188 3908 discriminis
1205 3842 1289 3905 inter
1306 3839 1385 3906 hoec

194 3957 302 4021 omnio
330 3955 551 4020 intercederet:
585 3958 617 4020 ei
648 3952 765 4018 lioebot
792 3953 834 4016 iis
862 3949 993 4036 quidem
1016 3947 1105 4032 loqui
1128 3966 1185 4010 suo
1209 3946 1383 4031 arbitratu,

194 4060 249 4128 sed
273 4061 312 4127 sb
335 4058 475 4127 Homero
505 4061 682 4125 abstineant
700 4077 834 4123 monum
854 4059 887 4121 et
908 4057 943 4119 in
967 4054 1042 4118 crisi
1065 4053 1245 4117 carminum
1263 4048 1384 4117 Homo-

195 4167 334 4233 ricorum
365 4171 462 4233 testes
491 4187 531 4232 ne
562 4165 787 4252 producantur.
821 4160 960 4226 hiemes
980 4159 1068 4224 enim
1090 4177 1200 4222 omnes
1222 4156 1387 4223 intestabi-

196 4269 305 4360 lesque
329 4279 412 4338 suni.
