3392 5186
899 369 963 438 356

340 559 394 624 tur
424 563 461 624 ut
490 561 574 644 apud
598 559 807 648 Stephanum.
854 561 903 626 Ex
925 558 1057 638 τόρννριι
1080 561 1222 626 nascitur
1247 559 1333 635 όχιῖ,
1358 551 1456 637 ὐνμα
1481 557 1535 646 (ut

341 667 492 750 πρᾶγμα)
506 672 538 732 et
549 667 666 744 αὐχμός.
693 666 793 742 'Asel
804 667 1075 752 suntfrnpmento,
1089 663 1236 745 νὶρρκύτων
1248 666 1331 744 ὐχαῖ
1341 666 1426 750 apud
1437 667 1535 731 Euri-

338 772 446 856 pidem
470 777 503 837 et
524 773 637 850 ὐραῖτι
661 778 767 838 κωπῶν
787 775 820 835 in
843 772 995 859 Aeschyli
1014 775 1235 854 Αραιαααικαννε.
1284 770 1369 837 Hinc
1389 771 1533 848 κύματος

338 878 406 955 dyst
430 881 462 942 at
484 879 630 943 Atticum
654 880 839 956 κνριατινχιῖ.
861 880 1026 955 Ἄχραατα
1045 883 1077 942 et
1095 877 1196 956 αὐχμοί
1219 877 1304 962 apud
1327 877 1468 943 medicos
1491 877 1535 941 de

331 984 488 1068 fracturis
517 993 685 1069 ponuntur.
733 983 906 1070 Eleganter
938 986 950 1048 ό
984 985 1149 1061 κατεαγὼς
1183 983 1225 1046 τόι
1256 979 1320 1046 ὦτα
1350 985 1390 1048 ab
1413 984 1536 1047 Atticis

340 1086 530 1164 ὠτοκάταξις
555 1090 689 1166 dicitur,
713 1093 751 1155 ut
769 1087 1026 1168 βαρβαροτνῖραξις
1050 1089 1064 1152 ό
1088 1088 1139 1152 τὸν
1162 1088 1307 1168 βόρβορον
1331 1087 1506 1167 ταράττων.

385 1195 545 1260 Praemisi
564 1196 642 1260 haec
661 1199 769 1260 omnia
788 1200 825 1258 ut
845 1195 923 1259 duos
935 1194 1019 1279 apud
1031 1193 1211 1259 Homerum
1223 1193 1309 1260 locos
1320 1196 1354 1257 in
1366 1196 1533 1281 integrum

342 1303 554 1367 restituerem.
601 1301 717 1365 Editur
739 1302 773 1364 in
796 1299 909 1386 Odyas.
934 1309 974 1364 T.
1000 1297 1076 1364 539.

367 1470 378 1484 ,p
705 1409 783 1470 πᾶσι
807 1409 878 1470 κατ’
902 1405 1041 1486 αὐχένας
1066 1401 1129 1485 ἦξε.

341 1513 396 1578 sed
418 1533 518 1596 neque
543 1520 569 1574 H
594 1517 677 1577 recte
700 1512 813 1588 habet,
837 1518 875 1576 ut
894 1515 927 1576 in
951 1509 1074 1587 τννέιρξε
1096 1516 1128 1576 ct
1152 1510 1351 1588 κατεύξαρεν
1368 1509 1532 1588 vidimus,

341 1624 373 1684 et
395 1637 451 1702 pro
476 1617 613 1695 αὐχένας
636 1619 809 1701 requiritur
831 1618 1002 1704 singularis
1021 1617 1162 1698 αὐχένα,
1187 1616 1340 1694 κατέαξεν
1359 1613 1460 1694 iscire
1480 1615 1534 1678 τόν

340 1723 463 1800 αὐχένα
488 1727 519 1785 et
543 1719 677 1797 κατέαξε
698 1725 776 1786 πᾶσι
796 1723 847 1787 τόν
867 1726 1008 1804 αὐχένα,
1029 1723 1174 1805 caprelis,
1195 1722 1327 1786 omnibus
1336 1721 1441 1804 frepit
1460 1735 1535 1784 calt-

341 1843 450 1892 worn.
498 1826 607 1910 Itaque
631 1825 786 1892 facillima
808 1835 919 1912 perata
943 1828 1123 1894 emendatio
1145 1829 1223 1894 haec
1247 1832 1312 1892 est:

681 1937 759 1997 πᾶσι
783 1933 855 1998 κατ’
879 1935 1004 2015 αὐχέΝ’
1023 1933 1166 2010 ”eante

341 2042 380 2102 ut
403 2048 435 2102 P.
465 2036 517 2101 63.

704 2151 757 2219 τῆς
785 2143 811 2207 δ’
839 2143 873 2219 ἐξ
899 2144 1010 2224 αὐχέν’
1036 2143 1132 2220 ἔταξε.

387 2251 478 2316 Alter
507 2249 596 2315 locus
619 2255 666 2316 est
691 2260 732 2315 Ψ.
758 2249 833 2314 392.
858 2241 915 2315 ubi
939 2251 1015 2316 libri
1038 2251 1205 2316 exhibent:
1227 2247 1348 2314 ἵππειον
1371 2247 1403 2314 δέ
1428 2250 1453 2313 ci
1477 2245 1534 2322 ἦξε

343 2355 397 2420 aa
422 2355 532 2440 ζυγόν,
556 2356 720 2422 Beklxerus
745 2355 776 2419 δέ
797 2358 951 2440 expunxit
974 2360 1006 2421 et
1034 2356 1152 2422 edidit:
1177 2352 1296 2420 ἵπτειόν
1320 2378 1358 2420 τοι
1382 2351 1454 2437 ἦξε,
1478 2354 1536 2419 sed

341 2463 388 2526 ita
417 2459 480 2526 loci
512 2463 737 2528 correctionem
768 2482 832 2527 non
862 2461 1005 2547 perfecit.
1053 2461 1241 2546 Repositum
1273 2465 1471 2546 oportuerat,
1496 2464 1536 2524 ut

344 2566 494 2632 arbitror:

658 2667 778 2736 ἵππειόν
802 2696 839 2738 τοι
861 2669 968 2750 ἜΑξε
993 2673 1048 2738 όεύ
1071 2671 1176 2754 ζυγόν.

885 2983 985 3050 XLV.

840 3201 878 3256 ΕΙ
893 3196 1044 3258 -νΕΤΙ,

387 3401 504 3482 Editur
526 3404 561 3465 in
585 3398 726 3488 Odyssea
749 3425 766 3464 ν
787 3423 835 3467 vs.
860 3396 942 3466 178:

500 3505 588 3590 ξεῖν’,
608 3505 697 3570 '‘eT1
722 3507 774 3570 καὶ
799 3512 850 3570 νῦν
874 3505 972 3571 ένόνῖδ’
996 3507 1128 3580 ὐνιύτεις
1152 3507 1237 3572 κατιδ
1260 3506 1348 3583 δῶμα

501 3610 611 3691 ἀνέρας
636 3610 777 3693 αἵτῖζων,
801 3611 883 3691 ὐτόιρ
902 3613 956 3677 οὐκ
981 3609 1101 3687 έξεισόα
1125 3611 1252 3694 όύραζει

503 3715 628 3790 πάντας
650 3716 750 3783 οὐκέτι
775 3721 827 3783 νῶϊ
847 3717 1064 3798 διακρινέεσθαι
1088 3717 1136 3782 tte

501 3823 568 3904 πρὶν
593 3831 701 3903 χειρῶν
726 3822 911 3901 seducetur.

288 4001 293 4010 ¹
389 3929 590 4015 Quamquam
614 3950 677 3995 non
695 3947 753 3995 me*
767 3931 868 4017 fugit,
889 3936 928 3994 ut
946 3929 1121 3995 Aristarchi
1141 3931 1246 3996 verbis
1265 3935 1349 4006 nter,
1373 3928 1427 4015 (nd
1437 3927 1533 3996 Iliad.

339 4045 380 4102 N.
407 4035 496 4124 172.)
518 4033 563 4099 ότι
584 4034 722 4110 'Osaces
747 4034 905 4100 διακόπτει
930 4036 990 4108 τὰς
1010 4035 1139 4117 Φρόσεις
1162 4033 1212 4100 ἵινα
1232 4039 1275 4112 μὴ
1297 4036 1548 4117 μακροπερέοδας·

340 4141 488 4226 γένηται,
513 4145 622 4206 tamen
644 4141 704 4206 hoc
726 4139 796 4206 loco
819 4144 959 4225 suspicor
982 4141 1060 4206 duas
1084 4144 1255 4207 sententiaa
1278 4143 1363 4206 inter
1386 4161 1418 4206 se
1441 4149 1533 4226 aptas

342 4255 374 4315 et
403 4268 499 4312 nexas
529 4247 626 4312 fuisse
657 4251 689 4312 et
720 4267 776 4331 pro
797 4245 885 4310 ἜΤΙ
918 4267 981 4311 nna
1003 4246 1133 4312 literula
1158 4251 1314 4330 expuncta
1335 4250 1464 4330 potitam
1491 4255 1530 4311 ΕΙ

344 4354 483 4420 dedisse:
515 4354 541 4417 εὐ
574 4353 625 4416 καὶ
658 4357 709 4417 νύν
739 4353 871 4427 ὐνιύσεις
894 4391 935 4400 -
956 4351 1079 4424 πάντας
1111 4353 1210 4416 οὐκέτι
1241 4354 1292 4416 νῶϊ
1314 4351 1532 4432 διακρινέεσθαι

303 4495 304 4500 1
345 4462 412 4534 tre,
435 4463 472 4522 ut
495 4460 529 4522 in
552 4463 627 4522 noto
650 4458 719 4523 loco
743 4469 781 4523 A.
808 4456 861 4523 59.
