3404 5192
780 345 846 414 259

327 534 372 611 μη
396 533 431 607 δὴ
453 530 547 605 οὕτως
570 532 714 614 dodorus·
738 532 834 615 σοίρος
857 536 885 601 δ’
913 537 967 601 οὐκ
989 535 1115 603 ἔσσεται
1140 534 1261 612 ἄλλοις.

329 640 397 718 πρίν
420 644 454 717 ν’
478 639 527 704 ert
550 642 594 704 νὼ
617 640 689 721 τῷδ’
716 639 797 721 οἱνθοί
821 640 876 706 σὺν
898 638 1034 710 ίιιτιοισιν
1058 642 1110 709 καί
1135 641 1267 724 ὄχεσφιν

328 743 472 828 Ιιιίντιβίην
496 746 616 814 ἐλθόντε
639 747 693 812 σὺν
718 744 815 812 ἔντεσι
841 750 1026 827 πειρηθῆναι.

216 855 248 916 et
273 850 386 937 Odyss.
414 843 454 916 0.
481 848 558 917 475.

397 955 546 1022 ἐσέπλεον
571 957 652 1038 dycta
675 956 807 1023 κέλευθα
830 959 883 1023 Na
908 959 1154 1037 οὶνοιβησοίμενοι.

217 1060 257 1126 ad
277 1059 386 1127 locum
408 1060 525 1128 Iliados
548 1067 735 1128 annotatur:
767 1064 828 1130 vd:
860 1062 895 1128 σθ
927 1063 971 1129 νὼ
999 1063 1230 1146 βαρυτονητέον.
1256 1063 1348 1141 dra?
1372 1066 1402 1131 δέ
1458 1113 1461 1119 -

216 1166 246 1230 έν
269 1165 381 1231 ’uota
404 1166 457 1232 aul
480 1163 572 1244 ἅπαξ
595 1169 626 1232 ἕν
649 1168 816 1253 Ὀδυσσεία
839 1171 882 1251 τῷ
906 1177 972 1237 ΝΩ
998 1173 1156 1252 έχμίσατο
1176 1174 1249 1237 κατ’
1269 1174 1401 1238 αἰτιατι-

216 1273 270 1348 uisa
293 1274 428 1349 πτῶσιν,
453 1271 552 1353 θ’σιτεο
576 1273 628 1339 καί
654 1273 767 1341 astate.

646 1381 689 1444 νθι
721 1379 965 1460 αναβησοίμενοι.

216 1481 315 1572 ordre
338 1483 442 1563 μέντοι
474 1509 513 1563 γε
545 1486 601 1551 σὺν
630 1486 672 1564 τῷ
705 1485 874 1565 [λέγεται
899 1487 951 1553 καί
977 1489 1027 1553 ἐτ’
1049 1487 1169 1564 εὐθείας
1193 1487 1269 1554 αθσθ
1292 1485 1401 1552 τοίσσει

216 1589 268 1653 καί
293 1590 344 1655 ἐντ’
368 1591 542 1665 αἰτιατικῆς
569 1591 621 1656 καὶ
646 1597 905 1673 προτιεμσιτᾶται.

491 1701 557 1764 νῶΐ
584 1697 610 1762 δ’
634 1699 694 1777 ἐγὼ
720 1697 864 1774 Σθένελός
888 1723 924 1765 τε
947 1699 996 1786 (II
1023 1709 1049 1767 1.
1073 1699 1151 1785 la).

216 1801 287 1866 καί·

373 1908 434 1972 οὐδ’
458 1906 497 1973 θον
527 1912 593 1974 νῶϊ
621 1907 773 1987 διαδράκοι
798 1908 895 1984 ἦέλιθς
918 1936 974 1992 ιτερ
999 1911 1051 2000 (11
1079 1921 1111 1980 Ξ.
1136 1909 1241 1995 344.).

260 2013 463 2080 Aristarchus
493 2014 720 2081 animadvertit
748 2017 783 2079 in
812 2014 948 2081 Homeri
978 2017 1172 2082 carminibus
1203 2017 1253 2082 bie
1275 2021 1401 2082 tantum

215 2124 284 2182 ΝΩ
317 2120 464 2204 reperiri,
496 2118 596 2184 semel
626 2122 660 2185 in
680 2118 794 2196 Iliade,
822 2119 921 2185 semel
944 2123 978 2184 in
1002 2119 1156 2208 Odyssea,
1182 2126 1214 2186 et
1236 2123 1403 2207 utrobique
1500 2164 1503 2170 ·

216 2243 282 2289 ease
313 2225 519 2290 οοοιαοίὶονα.
562 2225 642 2291 Vide
674 2245 770 2310 quam
803 2227 1031 2311 circumspecte
1061 2237 1093 2291 et
1116 2230 1208 2293 anxie
1230 2229 1405 2316 investiget

216 2331 333 2394 omnia.
380 2330 515 2397 Perinde
546 2337 595 2397 est
625 2334 707 2396 sitne
737 2333 956 2397 nominativus
986 2352 1025 2396 an
1056 2335 1273 2418 accusativus,
1305 2339 1338 2398 et
1365 2335 1402 2398 νοί

174 2425 177 2434 ’
218 2434 279 2522 (νηί)
312 2441 445 2522 utroque
471 2456 546 2501 casu
569 2439 686 2522 passim
710 2436 794 2520 apud
816 2439 940 2504 Atticos
963 2441 1072 2522 politas
1094 2437 1215 2526 legitur
1238 2443 1270 2504 et
1293 2437 1403 2527 Tragi-

216 2561 268 2608 cos
299 2547 330 2608 et
354 2539 514 2619 (lomicos;
539 2542 650 2608 sedin
673 2563 706 2606 re
730 2547 931 2609 controversa
953 2549 986 2608 et
1009 2545 1125 2610 rariore
1145 2543 1228 2610 nihil
1255 2545 1403 2611 omitten-

216 2647 294 2712 dum
323 2652 424 2734 putat.
472 2645 593 2713 Deinde
623 2647 714 2713 docet
745 2652 796 2714 νῶι·
820 2653 853 2715 ct
874 2651 1109 2716 nominativum
1133 2670 1200 2716 esse
1224 2654 1256 2716 et
1278 2670 1403 2717 aecusa-

216 2754 243 2818 ti
324 2802 332 2818 .

261 2858 471 2926 Transeamus
500 2860 541 2926 ad
568 2859 738 2926 secundam
761 2878 946 2946 personam:
971 2865 1056 2938 σφῶϊ
1077 2864 1109 2927 et
1132 2865 1230 2942 σφῶϊν
1253 2863 1403 2948 plurimis

215 2962 293 3030 locis
334 2967 550 3031 inveniuntur.
620 2966 683 3032 Pro
726 2968 811 3048 σφῶϊ
851 2971 986 3051 quatuor
1019 2966 1097 3033 locis
1131 2970 1166 3033 in
1199 2967 1299 3034 Iliade
1332 2969 1401 3048 σφώ

215 3072 379 3148 scribitur,
411 3091 467 3157 pro
496 3074 595 3153 σφῶϊν
618 3091 682 3137 uno
706 3070 776 3137 loco
799 3069 958 3158 Odysseae
980 3071 1101 3161 legitur
1123 3081 1209 3154 σφῶν
1232 3095 1271 3139 an
1294 3075 1400 3154 σφῷν,

214 3197 291 3242 nam
314 3173 527 3244 Grammatici
550 3182 681 3244 certant.
729 3175 898 3263 Optimum
921 3183 969 3244 est
990 3175 1076 3264 ipsos
1099 3199 1263 3265 apponere.
1308 3176 1408 3244 Iliad.'

214 3292 255 3348 Α.
279 3279 356 3348 574.

442 3390 469 3454 εί
493 3387 528 3464 θη
555 3389 639 3470 σφὼ
666 3383 756 3453 ἕνεκα
779 3389 889 3464 θνητῶν
913 3387 1091 3468 ἐριδαίνετον
1110 3386 1177 3455 ὦδε.

260 3493 351 3561 Iliad.
376 3504 419 3561 Λ.
446 3491 522 3561 782.

577 3599 662 3682 σφὼ
696 3599 727 3664 δέ
750 3597 832 3678 μάλ’
855 3598 1006 3675 ἠθέλετον.

260 3702 350 3770 Iliad.
371 3713 414 3771 N.
441 3702 495 3772 47.

390 3809 527 3890 Δίαντε,
561 3814 645 3888 σΦθι
677 3809 735 3889 μέν
759 3836 793 3877 τε
817 3811 954 3876 σαώσετε
977 3810 1054 3876 λαθν
1077 3811 1229 3892 ’Δχαιῶα

260 3914 350 3982 Iliad.
377 3924 416 3980 0.
443 3915 517 3982 146.

351 4021 428 4095 Ζεὺς
460 4023 543 4103 σφὼ
575 4024 617 4094 είς
637 4021 719 4098 Ἴδην
743 4021 845 4087 κέλετ’
869 4020 996 4099 ἐλθέμεν
1019 4017 1086 4087 θττι
1109 4019 1243 4102 τοίχιςα.

260 4130 354 4207 Σφῶν
377 4135 431 4210 (an
454 4129 555 4215 σφῷν)
580 4131 737 4214 reperitur
757 4131 791 4192 in
815 4127 928 4214 Odyss.
953 4140 993 4192 Δ.
1021 4125 1075 4191 62.

166 4241 170 4251 ’
441 4236 474 4299 cd
498 4235 561 4314 γὰρ
586 4239 674 4308 σφῶν
697 4257 738 4312 νε
761 4231 848 4311 γένος
872 4231 1018 4298 θτθλοιλε
1043 4233 1167 4308 τοιιιίοιν.

214 4337 254 4403 ad
284 4358 393 4404 omnes
422 4341 456 4404 in
485 4338 585 4405 Iliade
615 4337 701 4404 locos
723 4333 1038 4404 tacet'ArIstonicus.
1085 4338 1196 4424 ltaque
1221 4338 1400 4405 delabimur

214 4441 254 4507 ad
276 4442 453 4510 Herodiani
476 4483 518 4494 -
543 4444 648 4511 dicam
670 4443 769 4511 libere
796 4444 881 4529 qnod
902 4445 1003 4510 sentio
1028 4482 1070 4494 —
1095 4446 1248 4533 argutias.
1283 4444 1334 4512 Ad
1357 4456 1398 4512 Α.
