3372 5192
893 341 959 414 524

373 533 453 627 Peg.
486 536 562 604 607.
596 533 651 601 28.
681 534 766 611 οὗτος
797 538 983 616 Εὐκτήμονα
1014 537 1121 618 φύσιος
1156 535 1215 608 τοὶς
1251 535 1402 618 ὑμετέρας
1434 533 1520 620 ἔχειν

329 644 475 726 εἰσφορὰς
501 643 553 708 κού
577 641 672 708 τοῦτ’
698 641 872 723 ἐξελέγξειν
897 645 913 720 ἢ
936 645 1009 722 παρ’
1029 643 1139 707 ἑαυτοῦ
1160 642 1347 717 καταθήσειν
1369 641 1521 729 [ύποσχύ-

327 752 429 836 μενοι]
445 789 486 798 -
501 749 550 814 ε’π1
575 750 630 824 τὴν
654 747 813 830 εἴσπραξιν
838 751 964 830 παρέδυ.
999 749 1156 836 Expunge
1181 746 1402 828 ὑποσχόμενος.
1438 749 1520 815 Pen-

329 857 405 922 dent
428 860 511 922 enim
535 853 708 934 ἐξελέγξειν
733 861 765 922 et
788 857 975 932 καταθήσειν
994 877 1033 920 ex
1054 854 1172 937 φύσιος.
1208 853 1398 920 Rectissime
1417 856 1520 943 igitur

327 967 433 1051 prime
463 983 578 1029 monus
608 964 642 1027 in
668 959 824 1029 01111111
848 961 1069 1044 ὑποσχόμενος.
1115 959 1230 1027 Dicam
1253 962 1291 1026 de
1315 962 1426 1027 eodem
1449 960 1519 1028 loco

328 1069 450 1155 eliquid
472 1068 565 1135 infre.

372 1310 452 1398 Peg.
486 1307 563 1375 608.
595 1307 649 1374 21.
681 1307 771 1374 ύλλοὶ
802 1313 884 1384 eoin
918 1311 956 1382 ὥς
990 1310 1004 1375 t
1035 1307 1123 1388 νύμοο
1154 1309 1288 1396 κελεύει,
1319 1316 1378 1376 τῶν
1413 1307 1519 1377 ἄλλων

328 1414 433 1483 ἕνεκα·
466 1422 555 1482 τοῦτο
586 1413 649 1496 γύρ
676 1415 721 1484 ἐτι
746 1412 920 1492 δημοτικόν.
966 1413 1114 1482 Totidem
1137 1416 1243 1483 verbis
1265 1415 1419 1504 leguntur
1440 1418 1519 1482 heec

327 1545 402 1611 pag.
434 1519 510 1588 751.
545 1520 576 1586 2.
607 1523 669 1587 nisi
700 1521 783 1606 quod
813 1522 952 1603 ἀγορεύει
985 1522 1153 1588 substituit
1176 1544 1232 1609 pro
1257 1522 1385 1588 κελεύει.
1434 1523 1519 1604 Quid

327 1629 370 1694 sit
404 1631 512 1694 eutem
546 1628 605 1693 τῶν
642 1624 745 1692 ἄλλων
779 1623 869 1692 ἕνεκα
899 1648 1001 1713 neque
1033 1627 1180 1716 intelligo
1214 1648 1316 1713 neque
1350 1628 1519 1696 emendare

326 1753 469 1821 possum.

371 1973 449 2061 Peg.
483 1971 559 2039 609.
592 1970 624 2038 2.
656 1974 745 2040 ύλλοὶ
775 1974 849 2053 παρ’
882 1975 953 2051 ύμῖν
984 1973 1061 2037 πύτε
1088 1973 1211 2038 πώποτε
1235 1973 1397 2040 δεινύτοιτοο
1423 1977 1452 2040 ἓν
1477 1986 1517 2058 τῇ

327 2079 416 2145 πύλει
441 2077 587 2158 γέγονενς
613 2080 663 2144 ἐπὶ
688 2087 746 2146 τῶν
764 2079 947 2164 τριύκοντοο,
969 2078 1085 2150 πάντες
1106 2078 1144 2145 iso
1163 2078 1288 2146 εἴποιτε.
1325 2081 1518 2148 Mendosum

330 2191 379 2251 cst
403 2186 478 2250 πύτε
501 2185 634 2250 πύποτε.
669 2185 772 2252 Periit
792 2183 945 2251 articulus
968 2192 1000 2250 et
1018 2187 1063 2250 eie
1081 2183 1296 2251 scribendum}
1318 2186 1395 2252 πύτε
1414 2196 1517 2252 ΤΩΝ

328 2296 453 2358 πύποτε
481 2292 644 2358 δεινύτοιτοο
668 2293 812 2372 γε’γονεν;
837 2291 1037 2375 Repetuntur
1058 2291 1167 2358 eedem
1189 2293 1286 2359 verbe
1308 2313 1382 2358 oum
1406 2294 1519 2360 eodem

325 2399 442 2465 mendo
475 2400 510 2463 in
542 2399 723 2465 ltmocratea
754 2419 828 2486 pag.
864 2395 940 2466 751.
975 2396 1026 2462 13.
1072 2396 1248 2464 Emendate
1270 2401 1421 2465 scribitur
1441 2421 1517 2487 pag.

327 2503 406 2572 705.
441 2504 472 2569 8.
504 2503 585 2584 νύμῳ
616 2513 716 2570 ΤΩΝ
747 2506 873 2570 πύποτε
904 2505 933 2567 ἐν
963 2503 1033 2581 ὑμῖν
1056 2503 1201 2570 τεθέντων
1224 2505 1358 2587 elexisse
1383 2506 1436 2572 κού
1460 2506 1517 2572 iss·

328 2609 455 2691 νοτύτῳ.

369 2852 449 2940 Peg.
485 2847 560 2915 609.
597 2848 650 2915 13.
685 2849 772 2915 ὁπότ’
805 2849 958 2931 ύνύρωπος
983 2851 1075 2927 πένης
1101 2852 1151 2929 -ἣ
1176 2853 1266 2932 τέγος
1291 2855 1329 2926 cic
1354 2853 1424 2938 τοὺς
1448 2853 1516 2930 γεύ-

323 2983 413 3030 τονοος
444 2956 620 3036 ύπερβιιίνοι
653 2955 670 3029 ἢ
698 2957 855 3022 ύποδύοιτο
880 2959 937 3024 ὑπὸ
962 2955 1066 3033 κλύνκν
1093 2959 1166 3040 ὑπὲρ
1192 2963 1245 3024 τοῦ
1270 2961 1314 3037 μὴ
1339 2960 1385 3045 [τὸ
1409 2963 1517 3044 σῶμα]

324 3065 418 3138 ύλοὺς
443 3066 485 3138 εἰς
506 3064 541 3129 τὸ
567 3061 767 3143 δεσμωτήριον
791 3062 945 3130 ἕλκεσύοιι.
992 3065 1108 3130 Nescio
1131 3065 1215 3130 unde
1238 3067 1461 3150 importunum
1480 3067 1516 3131 τύ

323 3177 414 3250 σῶμα
450 3171 628 3256 irrepserit,
660 3169 714 3234 sed
743 3171 804 3234 nisi
835 3172 1024 3257 expunxeris
1055 3173 1211 3236 sententie
1236 3191 1311 3236 sene
1341 3192 1404 3236 non
1436 3173 1516 3254 erit3

325 3281 482 3364 expuncto
506 3277 614 3342 omnis
635 3276 755 3341 hebent
777 3277 907 3361 optime.

370 3498 492 3566 lterum
524 3501 713 3586 deprensum
740 3504 788 3566 est
812 3505 1024 3566 correctorum
1046 3499 1168 3566 ferinus
1190 3523 1264 3589 peg.
1292 3500 1368 3567 610.
1392 3500 1423 3566 4.
1450 3511 1515 3574 τοῖς

324 3607 381 3686 μὶν
405 3605 519 3680 δούλοις
543 3606 578 3672 τὸ
603 3613 696 3686 σῶμα
718 3612 777 3672 τῶν
799 3606 998 3686 οὶδικκμύτων
1019 3605 1164 3672 οὶπύντων
1186 3607 1347 3673 ύπεύύννύν
1368 3609 1426 3686 ε’ςι,
1450 3615 1511 3679 τοῖς

323 3713 348 3779 δ’
378 3713 538 3794 reaccipere
572 3711 630 3778 κύον
662 3713 705 3777 τοὶ
736 3712 863 3790 μέγιςΑ
895 3712 1042 3792 Τύχωσιν
1070 3712 1241 3784 ύδικοῦντες
1265 3713 1357 3780 τοῦτο’
1378 3713 1412 3791 γ’
1436 3712 1513 3781 brer

323 3824 431 3884 σῶσον.
479 3818 531 3896 ¹Sic
554 3818 630 3884 libri
649 3817 793 3903 plerique
813 3838 934 3884 omnes.
984 3817 1310 3904 016111111111κύν
1330 3820 1373 3884 τὰ
1391 3819 1515 3898 με’γιτσ

322 3927 498 4006 Ἀτνχῶσιν
531 3926 648 3989 omisso
679 3922 861 3996 ἀδικοῦντες.
912 3921 1075 4010 Scriptum
1100 3931 1516 3991 1111ΤΑΜΕΓΙΟΤΑΤΤ-

324 4038 481 4106 xilem,
513 4030 596 4114 quod
627 4029 711 4095 mele
739 4029 860 4096 lectum
884 4030 929 4095 τοὶ
953 4029 1073 4109 μέγντιι
1097 4032 1233 4112 τύχωσιν
1257 4054 1312 4117 pro
1336 4033 1379 4098 rai
1403 4031 1512 4111 elyc'

322 4137 481 4216 ἀτυχῶσιν
510 4134 669 4201 emblema
700 4136 822 4221 peperit
851 4137 1034 4209 ἀδικοῦντες.
1085 4137 1235 4204 Perverse
1258 4139 1365 4204 editur
1386 4138 1513 4217 μέγιεΑ

324 4244 499 4322 Ἀτνχῶσιν
523 4241 615 4306 hiatu
638 4241 853 4325 intolerabili,
879 4241 988 4327 quoles
1011 4241 1179 4309 Editorum
1200 4246 1280 4310 vitio
1299 4245 1383 4329 opud
1399 4245 1515 4312 Demo·

321 4348 466 4414 sthenem
488 4345 660 4432 pullulent.
696 4345 795 4434 Saepe
819 4350 950 4433 antique
969 4349 1128 4414 scribendi
1148 4351 1228 4416 vitia
1247 4355 1285 4414 ut
1304 4349 1369 4417 h.l
1392 4359 1514 4420 veteres

322 4453 469 4522 elisiones
492 4453 644 4518 indicent.
