3358 5200
743 361 785 430 43

158 575 203 620 ne
235 555 331 623 verbo
361 555 491 640 quidem
519 557 645 620 mutato
674 553 727 620 vel
749 554 946 639 transposito.
994 552 1032 618 In
1057 553 1261 620 Editionibus
1284 553 1353 637 qui-

162 661 256 741 dem,
293 681 311 726 o
345 662 442 738 bone,
479 667 511 726 et
544 662 579 726 in
614 657 784 727 Codicibus
814 659 893 724 Mes.
926 661 1075 725 omnibus
1104 664 1229 744 praeter
1252 678 1354 722 unum

162 769 312 832 omnium
334 770 520 852 principem.
568 767 692 852 Nempe
715 769 749 830 in
773 765 839 831 solo
862 764 885 830 S
909 768 1064 850 scriptum
1088 773 1153 830 est:
1179 767 1204 830 ον’
1223 764 1280 842 μὲν
1300 763 1354 840 ἤδη

162 871 352 938 πεπόνθασιν
371 865 393 938 θ
413 875 448 946 δὴ
470 881 761 938 ΠΕΠΟΝΘΑΟΙΝ.
798 871 886 936 Haec
903 892 981 937 vers
998 877 1030 938 et
1050 873 1180 956 entique
1200 872 1357 954 scripturo

161 985 231 1057 est,
263 1001 361 1064 quom
392 980 471 1045 olim
502 980 671 1064 utrobique
701 979 874 1063 repositam
898 980 1049 1063 oportuit.
1097 977 1220 1062 Nempe
1244 978 1289 1041 sic
1310 975 1356 1041 lo

160 1091 308 1170 quuntur
336 1088 392 1171 qui
422 1106 496 1171 prae
527 1085 646 1171 pudore
678 1089 734 1150 eut
761 1083 867 1149 dolore
890 1105 958 1149 rem
981 1088 1109 1170 turpem
1131 1088 1188 1148 eut
1210 1082 1356 1148 acerbam

161 1191 283 1257 diserte
302 1211 549 1258 commemorare
568 1212 630 1256 non
650 1191 824 1268 sustinent,
845 1188 900 1254 sed
916 1209 985 1254 eam
998 1189 1201 1255 audientibus
1213 1207 1249 1252 sc
1260 1187 1356 1271 probe

161 1296 339 1362 scientibus
366 1295 610 1385 inteiiigendsm
633 1295 810 1381 relinquere
832 1293 976 1374 molunt,
1000 1300 1039 1360 ut
1061 1292 1185 1360 Helene
1207 1295 1241 1357 in
1264 1291 1357 1357 Euri-

161 1402 251 1488 pidis
279 1402 380 1468 Oreste
401 1423 450 1468 vs.
475 1401 527 1469 79.

553 1506 681 1572 ἔπλενσ’
705 1502 785 1580 ὅπως
810 1504 960 1572 ἔπλευσα.

161 1613 197 1679 id
230 1619 279 1679 est
308 1611 388 1686 ὅπως
419 1613 447 1678 δ’
479 1610 618 1679 ἔπλευσα
651 1614 797 1690 αἰδοῦμαι
828 1614 885 1706 μὲν
915 1610 1039 1691 λε’γενν,
1074 1612 1162 1691 ὑμεῖς
1186 1611 1212 1676 θ’
1238 1607 1270 1677 εὖ
1294 1608 1353 1679 iss.

162 1718 296 1785 Similis
318 1720 369 1784 his
392 1719 482 1805 larga
504 1740 603 1784 manu
627 1719 738 1783 effudit
760 1717 950 1784 Bloomfield
974 1719 1013 1783 ed
1036 1718 1187 1806 Aeschyli
1207 1721 1357 1800 Αροονσνν-

161 1847 270 1888 οισπεοε
292 1846 340 1890 vs.
365 1822 418 1888 66.
443 1823 598 1900 βλασς-οὔτ
623 1819 702 1896 όπως
724 1823 883 1902 ἔβλαςεν,
905 1824 1014 1902 ἱκόμην
1032 1822 1071 1889 ἵν’
1092 1825 1219 1902 ἱκόμην,
1239 1822 1357 1903 ἔγημεν

161 1932 201 2002 ὥς
235 1929 374 2008 ἔγημεν,
408 1929 516 2008 γέγηθ’
540 1927 619 2003 ὅπως
645 1930 788 2009 γέγηθα,
815 1929 928 1995 ὄλωλεν
952 1933 990 2002 ὡς
1015 1929 1146 2004 όλωλεν,
1174 1929 1294 2011 ἔκυρσεν
1318 1931 1357 2004 ὥς

161 2035 306 2114 ἔκυρσεν,
331 2041 364 2102 et
387 2036 451 2102 ulis
473 2035 574 2122 plura.
621 2035 659 2100 in
682 2039 822 2126 oratione
845 2035 991 2122 populari
1013 2039 1047 2101 in
1071 2036 1172 2102 simili
1192 2037 1358 2102 reticentia

161 2141 280 2208 vocula
305 2151 362 2206 ΔΗ
388 2145 573 2227 opponitur,
599 2146 636 2206 ut
657 2145 691 2207 in
715 2142 936 2228 Aristophanis
958 2143 1128 2222 Ισρεόεότοόο
1152 2141 1227 2207 146.

350 2249 374 2313 εί
399 2247 424 2312 δ’
448 2251 487 2322 ὡς
510 2249 622 2326 μοόλνς’
645 2247 833 2330 ἀπεχοίμεθ’
856 2244 889 2313 od
915 2248 952 2314 σὺ
977 2246 1012 2323 δη
1036 2250 1152 2326 λέγενς.

160 2356 241 2439 quia
271 2359 325 2417 τοῦ
356 2355 445 2426 πέους
477 2355 580 2420 dicere
612 2355 779 2420 erubescit.
827 2353 881 2420 Sic
911 2356 1015 2440 igitur
1042 2345 1064 2418 ci
1094 2355 1151 2431 δή,
1184 2353 1286 2421 όντννα
1317 2355 1353 2431 δη

158 2461 301 2544 repetito
320 2459 416 2526 verbo
433 2459 544 2526 eodem
564 2466 752 2526 consuetum
771 2466 819 2526 est
838 2460 952 2526 dicere.
988 2458 1181 2548 Hoogeveen
1193 2461 1233 2526 sd
1244 2461 1352 2550 Viget.

160 2587 191 2650 p.
229 2562 287 2630 27.
320 2587 358 2631 ex
388 2565 532 2632 Aristide
560 2571 592 2632 et
614 2565 786 2631 Heliodoro
810 2567 914 2632 effert:
941 2566 1097 2647 προείλετο
1121 2561 1222 2631 όντννα
1246 2567 1280 2644 δη
1302 2569 1354 2633 καί

159 2670 340 2750 προείλετο,
371 2676 403 2736 et
434 2669 556 2751 ἔδρασεν
586 2667 618 2749 ό,
649 2694 679 2736 rt
711 2671 746 2746 tt
779 2672 830 2734 καί
862 2669 1003 2750 ἔδρασεν,
1035 2672 1090 2738 sed
1118 2679 1193 2738 sunt
1215 2674 1293 2740 hoec
1315 2676 1354 2740 ab

160 2779 307 2861 antiquis
329 2782 445 2842 sumto.
479 2777 709 2843 Demosthenes
727 2779 795 2862 ipse
814 2798 887 2864 pag.
910 2775 986 2842 208.
1008 2777 1038 2842 2.
1061 2777 1195 2857 ἑκάτερον
1216 2786 1355 2856 μισοῦσιν

161 2879 211 2956 οὓς
258 2891 315 2946 ΔΗ
350 2887 508 2962 μισοῦσιν,
542 2888 574 2948 et
603 2886 648 2949 sio
679 2884 711 2948 h.
742 2881 764 2947 l.
797 2883 982 2949 πεπόνθασιν
1012 2877 1035 2949 όν
1069 2893 1125 2948 ΔΗ
1157 2885 1354 2953 πεπόνθασνν.

160 2986 261 3054 Nihil
290 2988 427 3073 impedit
456 3009 518 3074 quo
543 2991 651 3054 minus
674 2991 708 3052 in
731 2989 791 3054 tuli
813 3010 847 3055 re
869 2995 953 3055 recte
976 2990 1101 3056 dicetur
1123 2989 1309 3058 πεπόνθασιν
1333 2983 1355 3058 όν

162 3095 286 3164 πάντες
317 3094 438 3171 traco,
469 3099 507 3159 ut
533 3093 617 3180 apud
640 3093 811 3160 boontem
835 3096 916 3161 Phil.
942 3117 1016 3183 pag.
1044 3095 1098 3160 94.
1123 3116 1152 3162 Β.
1177 3095 1245 3163 ὅσθ’
1270 3101 1355 3177 ἡμᾶς

161 3202 219 3280 μὲν
259 3201 368 3264 πενθεῖν
400 3199 422 3264 ἃ
458 3199 574 3272 πάντες
606 3199 726 3274 ίσασνν,
760 3201 815 3266 sed
847 3204 936 3267 tenui
968 3208 1114 3288 certoque
1144 3203 1263 3269 indicio
1296 3213 1355 3269 ΔΗ

164 3307 316 3372 additum
348 3327 457 3373 rerem
485 3305 655 3373 lectionem
678 3307 825 3372 ostendit.
873 3307 995 3395 Magno
1017 3310 1120 3396 igitur
1141 3308 1286 3374 habende
1309 3316 1357 3375 est

165 3409 280 3478 Oodici
303 3410 326 3476 S
348 3414 468 3500 gretie,
498 3415 553 3499 qui
573 3411 659 3479 solue
677 3434 786 3479 veram
807 3412 976 3480 lectionem
996 3414 1035 3479 eb
1053 3417 1187 3480 interitu
1206 3419 1354 3482 serravit.

210 3623 293 3710 Peg.
329 3621 404 3688 149.
437 3620 468 3688 1.
492 3624 525 3690 τί
547 3627 616 3690 ποτ’
641 3622 689 3691 οὖν
713 3625 831 3698 ἐκείνως
855 3634 918 3698 τοῖς
941 3625 1049 3698 ἄλλοις
1074 3626 1126 3690 καί
1152 3627 1223 3704 ὑμῖν
1247 3629 1279 3693 οὐ
1305 3627 1358 3693 τόν

165 3732 263 3796 αὑτὸν
294 3731 401 3810 τρόπον
431 3731 657 3812 προσφέρεταν;
682 3730 820 3797 Mirifice
841 3735 1013 3818 oppositio:
1037 3732 1154 3804 ἐκείνων
1184 3769 1225 3781 -
1250 3735 1282 3798 οὐ
1307 3735 1359 3800 τόν

165 3837 263 3900 αὑτὸν
294 3835 420 3916 τρόπον,
452 3838 507 3903 sed
537 3857 646 3904 rerem
678 3837 848 3903 lectionem
879 3838 918 3902 eb
950 3837 1135 3904 Editoribus
1156 3840 1358 3923 repudiatum

165 3945 309 4008 servavit
339 3941 425 4008 solus
457 3941 497 4008 S:
530 3941 581 4007 sci
616 3943 687 4020 ὑμῖν
722 3947 863 4007 τοῦτον
885 3940 955 4008 τόν
992 3943 1102 4022 τρόπον
1133 3944 1354 4027 προσφίρεταν;

166 4047 335 4113 Usiteium
365 4055 414 4116 eet
444 4049 592 4116 omnibus
621 4049 741 4114 dicere:
775 4049 936 4120 ἐκείνως
966 4049 1024 4125 μὲν
1046 4057 1108 4122 τοῖς
1134 4049 1260 4128 ἄλλοις,
1287 4053 1358 4131 ὑμῖν

167 4155 198 4220 δὲ
232 4150 334 4218 οὕτω
363 4156 588 4238 προσφέρεται,
620 4159 653 4221 et
676 4174 802 4240 prorsus
824 4155 910 4220 idem
938 4159 986 4220 est
1008 4153 1100 4229 οὕτως
1125 4160 1158 4221 et
1179 4161 1285 4223 τοῦτον
1308 4161 1359 4226 τόν

166 4261 290 4342 τρόπον.

200 4364 359 4432 Mendosa
366 4367 521 4452 scripture
529 4365 694 4432 cstinloco
705 4387 801 4452 quem
812 4365 959 4433 falsarius
972 4365 1122 4434 describit
1132 4389 1206 4456 pag.
1218 4368 1293 4436 105.
1305 4370 1358 4440 17.

167 4473 200 4539 τί
211 4478 284 4539 ποτ’
295 4467 345 4536 οὖν
359 4472 475 4546 ἐκείνως
488 4480 550 4548 τοῖς
560 4469 666 4546 ἄλλοις
675 4471 729 4538 καί
738 4474 770 4539 οὐ
780 4472 931 4539 τόναύτόν
939 4471 1048 4556 τρόπον
1059 4473 1129 4552 ὑμῖν
1141 4475 1357 4560 προσφέρεται,
