3208 5158
869 368 935 438 234

301 563 494 642 μεμνῆσθαι,
529 567 562 627 et
592 563 733 646 ineptius
763 565 862 628 etiam
892 562 988 629 alter:
1022 561 1120 643 έροπα
1150 564 1183 628 δέ
1213 561 1408 634 fatuantur
1439 563 1492 626 καὶ

302 677 490 749 Φιλαργιι
499 666 534 746 ρθ
543 691 588 732 αν
613 667 835 732 ἐπιδείκνυνται
859 670 884 734 oi
909 674 1003 748 ςθχοι.
1044 667 1116 734 Ain’
1140 665 1237 735 verul
1260 665 1493 748 φιλαργυρίανθ

303 774 329 839 0
353 773 489 859 simplex
513 779 544 864 et
569 772 703 838 candida
726 775 915 857 antiquitas,
940 795 1036 860 quam
1061 773 1144 840 nihil
1166 775 1201 838 hi
1222 775 1367 840 homines
1389 781 1421 838 te
1441 793 1494 838 no

303 887 415 947 verant
434 887 491 946 aut
509 875 751 966 intelligebantl
775 880 894 964 Aperte
914 879 993 946 olim
1013 885 1087 945 voto
1105 880 1257 944 vivebant
1274 900 1376 963 neque
1393 881 1492 944 simu·

302 986 370 1052 lata
398 986 601 1051 humanitate
633 990 665 1050 et
697 982 858 1072 elegantia
888 1005 924 1050 ea
956 1005 1036 1070 quae
1065 983 1159 1051 valde
1189 985 1360 1069 cupiebant
1391 986 1495 1070 specie

303 1095 521 1160 recusantium
543 1089 694 1157 volebant
717 1092 877 1176 aspamari
902 1090 1016 1155 videri.

351 1198 441 1264 Iliad.
475 1207 514 1264 11.
541 1195 616 1262 667.
649 1195 791 1280 Apollini
814 1197 952 1281 imperat
974 1194 1097 1280 Iupiter
1119 1198 1220 1260 occiso
1243 1193 1425 1280 Sarpedone
1447 1217 1494 1258 κε

305 1305 452 1385 λαινεφέρ
485 1298 568 1380 αἷμα
600 1300 727 1380 κοθθηρον
754 1339 796 1350 -
821 1305 876 1366 καθ
898 1325 952 1376 μιν
975 1301 1086 1366 ἔπειτα
1109 1305 1215 1365 λοῦσον
1240 1308 1392 1374 ποταμοῖο
1415 1303 1493 1380 ρὀῖισι

305 1412 371 1476 κτέ.
421 1407 580 1474 Zenodotc
615 1409 721 1470 visum
756 1411 805 1472 est
839 1407 1019 1484 παράλογον
1053 1409 1105 1472 τδν
1140 1409 1328 1472 ’ΛΠΕΝΘΗ
1363 1411 1494 1471 τοιαῦτα

306 1518 526 1589 διακονεῖσθαι,
560 1533 657 1598 eoque
688 1511 851 1579 levissimo
883 1521 1073 1600 argumento
1104 1513 1229 1588 aldirnam
1264 1513 1335 1582 τοὺς
1366 1515 1492 1591 alzone,

305 1644 383 1710 quos
403 1620 606 1688 Aristarchus
625 1620 800 1683 rectissime
820 1621 962 1684 retinuit.
995 1615 1061 1684 Cur
1087 1625 1136 1684 est
1162 1617 1291 1684 tandem
1315 1619 1494 1699 παράλογον

305 1729 490 1815 Apollinem
531 1725 601 1792 lovi
642 1725 800 1790 carissimi
834 1723 894 1790 filii
929 1723 1024 1790 funus
1060 1725 1184 1790 curanti
1219 1723 1305 1790 dieto
1339 1745 1406 1791 ease
1440 1744 1494 1790 auu

308 1830 469 1900 dientem?

351 1935 556 2004 Subridicula
583 1939 743 2003 annotatio
766 1935 888 2024 legitur
912 1936 952 2003 ad
974 1936 1067 2004 Iliad.
1092 1947 1132 2002 Π.
1159 1933 1235 2002 747.
1262 1937 1383 2012 „duces
1405 1956 1493 2020 aeque

300 2047 435 2130 pleribus
465 2049 624 2109 οοοοιιιιθιιι·
653 2065 746 2128 aeque
779 2042 963 2108 οοθιιοιθθνιο”
999 2043 1128 2108 καθθλον
1163 2043 1226 2120 γὰρ
1263 2044 1318 2116 την
1350 2043 1492 2112 τοιαύτην

306 2161 416 2232 χρῆσιν
448 2150 498 2214 ua
530 2153 564 2214 τθ
594 2150 795 2230 μικροπρεπὲς
829 2152 1046 2233 παρῃτήσατο,
1077 2156 1109 2216 et
1139 2156 1211 2234 poat
1239 2166 1355 2233 pauca:
1388 2144 1492 2228 θ’ραδέ

307 2255 363 2324 οἷον
388 2253 421 2332 ἦν
445 2256 534 2336 ἰχθὺν
559 2257 712 2335 καθαίρειν
736 2259 786 2322 τὸν
811 2264 866 2330 τῆς
892 2257 1015 2326 Θέτιδος
1041 2257 1057 2330 ἢ
1083 2259 1134 2321 τδν
1158 2257 1255 2336 ζωμὸν
1277 2253 1373 2332 ἕψειν.
1415 2252 1494 2319 Sunt

307 2363 385 2429 haec
415 2363 567 2441 σατυρικοὶ
600 2367 653 2425 καθ
686 2363 808 2441 κωμικοὶ
835 2367 867 2429 et
898 2362 937 2428 eb
968 2361 1134 2428 Homerici
1157 2363 1307 2427 carminis
1331 2362 1493 2426 maiestate

308 2468 421 2534 aliena.

262 2649 275 2676 v
351 2572 443 2638 Iliad.
467 2582 506 2638 Σ.
531 2570 609 2638 591.
647 2571 808 2638 Vulcanus
831 2576 865 2638 in
889 2573 1025 2640 Achillis
1049 2572 1161 2660 clypeo
1184 2573 1318 2638 chorum
1341 2570 1490 2640 caelavit:

534 2679 576 2758 τῷ
602 2678 700 2743 ἴκελον
723 2676 780 2744 olda
805 2683 874 2745 ποτ’
899 2681 938 2745 et
965 2681 1073 2760 Κνωσῷ
1098 2679 1196 2760 stipala

536 2784 693 2856 Δαιδαλος
719 2786 862 2860 ἤσκησεν.

306 2891 434 2956 fuerunt
478 2888 625 2956 nonnulli
667 2893 723 2975 qni
758 2895 962 2978 opinarentur
997 2891 1159 2968 δύσφημον
1195 2886 1271 2955 εἶναι
1307 2893 1432 2967 μᾶλλον
1463 2889 1493 2953 δέ

307 3001 512 3064 ἈΠΡΕΠΕΟ
553 2995 710 3075 ‘fluorem
752 3004 890 3076 μιμητὴν
928 3000 1066 3076 γίνεσθαι
1103 3003 1162 3062 τῶν
1197 2995 1358 3061 Δαιδοθλον
1392 2996 1490 3076 ἔργον.

305 3103 416 3190 Itaque
457 3122 549 3188 opem
590 3100 658 3168 Deo
693 3103 827 3170 ferentes
861 3107 996 3169 minime
1030 3103 1240 3169 necessariam
1274 3122 1331 3187 pro
1366 3097 1434 3192 οθον
1457 3101 1492 3166 de

308 3231 365 3277 suo
393 3205 450 3275 olm
482 3208 636 3274 dederunt
668 3215 700 3274 et
731 3231 859 3276 omnem
889 3210 952 3276 loci
974 3210 1235 3294 compositionem
1257 3206 1353 3293 plane
1375 3225 1502 3293 pei-ver.

308 3322 425 3383 terunt.

353 3421 403 3487 hlx
432 3418 532 3486 simili
562 3419 719 3502 opinionis
752 3442 854 3489 errore
884 3419 1062 3488 zenodotus
1096 3421 1237 3504 corrupit
1266 3417 1376 3484 locum
1406 3415 1491 3484 iliad.

310 3539 349 3594 A.
374 3528 433 3615 88,
457 3525 514 3591 ubi
537 3524 685 3592 Minerva

547 3715 551 3722 ¹
796 3635 906 3712 Τρώιον
928 3632 1107 3698 κατεδύσεθ’
1131 3625 1236 3708 ὅμιλον

479 3743 636 3828 Πάνδαρον
658 3742 792 3809 θνπθθεον
817 3739 958 3822 διζημένη
982 3739 1011 3803 sl
1033 3761 1091 3802 που
1115 3737 1245 3818 ἐφεύροι.

490 3846 556 3931 εὗρε
580 3853 732 3922 Auaricum
758 3847 819 3913 νθδν
843 3845 992 3926 οὶμθμονθ
1015 3868 1051 3910 τε
1075 3843 1217 3925 κρατερθν
1242 3863 1278 3905 τε

491 3956 619 4026 έεεῶτα.

353 4065 526 4152 Indignum
550 4063 708 4131 Zenodoto
731 4063 838 4127 visum
858 4059 951 4126 deam
971 4054 1189 4122 immortalem
1209 4053 1322 4118 armiro
1340 4052 1399 4118 nbi
1419 4057 1497 4118 esset
1601 4127 1602 4134 p

308 4170 482 4237 Pandarus.
528 4169 639 4255 Itaque
674 4170 711 4232 dc
745 4189 798 4230 eno
832 4165 936 4231 dedit:
975 4163 1130 4241 Πθνδιιρον
1164 4163 1297 4224 θντίθεον
1333 4157 1495 4238 διζημένη·

309 4274 396 4355 εὗρε
430 4278 468 4340 δέ
502 4277 617 4340 τθνδε
647 4279 788 4340 Ἐςεῶπα
820 4277 853 4337 et
880 4291 926 4336 vs.
952 4267 1006 4334 89.
1031 4269 1186 4354 expunxit
1209 4265 1299 4329 δοκῶν
1322 4265 1496 4344 οὶνθρεθπινον

309 4383 344 4449 sd
377 4383 479 4464 ζητεῖν
510 4377 598 4446 εἶναι.
646 4378 820 4444 Subridena
851 4377 1016 4442 annotavit
1044 4370 1263 4439 Aristarchus:
1287 4369 1498 4434 καταλέλοιπε

309 4490 341 4556 δέ
363 4488 398 4554 τδ
421 4486 633 4570 διζημένη,
657 4505 772 4571 nempe
791 4485 851 4550 hoc
869 4501 994 4568 quoque
1011 4477 1189 4561 ἀνθρώπινον
1209 4481 1276 4542 erat
1291 4482 1324 4542 ot
1343 4477 1379 4542 in
1398 4475 1496 4542 Deam
