<?xml version="1.0" encoding="UTF-8"?>
<!DOCTYPE html PUBLIC "-//W3C//DTD XHTML 1.0 Transitional//EN"
    "http://www.w3.org/TR/xhtml1/DTD/xhtml1-transitional.dtd">
<html xmlns="http://www.w3.org/1999/xhtml" xml:lang="en" lang="en">
 <head>
  <title>
</title>
<meta http-equiv="Content-Type" content="text/html;charset=utf-8" />
  <meta name='ocr-system' content='tesseract 3.04.00' />
  <meta name='ocr-capabilities' content='ocr_page ocr_carea ocr_par ocr_line ocrx_word'/>
</head>
<body>
  <div class='ocr_page' id='page_1' title='image "./miscellaneacrit01cobegoog_0349.png"; bbox 0 0 3404 5192; ppageno 0'>
   <div class='ocr_carea' id='block_1_1' title="bbox 917 375 980 444">
    <p class='ocr_par' dir='ltr' id='par_1_1' title="bbox 917 375 980 444">
     <span class='ocr_line' id='line_1_1' title="bbox 917 375 980 444; baseline -0.032 0"><span class='ocrx_word' id='word_1_1' title='bbox 917 375 980 444; x_wconf 76' lang='lat'><strong><em>324</em></strong></span> 
     </span>
    </p>
   </div>
   <div class='ocr_carea' id='block_1_2' title="bbox 314 563 1539 2434">
    <p class='ocr_par' dir='ltr' id='par_1_2' title="bbox 348 563 1539 1070">
     <span class='ocr_line' id='line_1_2' title="bbox 349 563 1539 650; baseline -0.001 -17"><span class='ocrx_word' id='word_1_2' title='bbox 349 565 384 633; x_wconf 72' lang='grc' dir='ltr'><strong><em>αἴ</em></strong></span> <span class='ocrx_word' id='word_1_3' title='bbox 407 590 448 630; x_wconf 86' lang='grc' dir='ltr'><strong><em>κα</em></strong></span> <span class='ocrx_word' id='word_1_4' title='bbox 472 568 509 631; x_wconf 88' lang='grc' dir='ltr'><strong><em>τὺ</em></strong></span> <span class='ocrx_word' id='word_1_5' title='bbox 533 567 643 649; x_wconf 77' lang='grc' dir='ltr'><strong><em>βλεύης</em></strong></span> <span class='ocrx_word' id='word_1_6' title='bbox 670 568 694 650; x_wconf 89' lang='lat'><strong><em>¹)</em></strong></span> <span class='ocrx_word' id='word_1_7' title='bbox 719 563 889 648; x_wconf 79' lang='grc' dir='ltr'><strong><em>οφενδύνρι,</em></strong></span> <span class='ocrx_word' id='word_1_8' title='bbox 914 569 994 630; x_wconf 77' lang='lat' dir='ltr'>teste</span> <span class='ocrx_word' id='word_1_9' title='bbox 1016 564 1196 632; x_wconf 76' lang='lat' dir='ltr'>Herodiano</span> <span class='ocrx_word' id='word_1_10' title='bbox 1219 567 1259 632; x_wconf 86' lang='lat' dir='ltr'><strong><em>ad</em></strong></span> <span class='ocrx_word' id='word_1_11' title='bbox 1280 566 1372 632; x_wconf 83' lang='lat' dir='ltr'><strong>Iliad.</strong></span> <span class='ocrx_word' id='word_1_12' title='bbox 1396 576 1437 633; x_wconf 93' lang='lat' dir='ltr'><strong><em>N.</em></strong></span> <span class='ocrx_word' id='word_1_13' title='bbox 1465 564 1539 632; x_wconf 83' lang='lat'><strong><em>238</em></strong></span> 
     </span>
     <span class='ocr_line' id='line_1_3' title="bbox 349 668 1456 758; baseline -0.001 -18"><span class='ocrx_word' id='word_1_14' title='bbox 349 682 381 740; x_wconf 77' lang='lat' dir='ltr'>et</span> <span class='ocrx_word' id='word_1_15' title='bbox 402 677 436 739; x_wconf 90' lang='lat' dir='ltr'><strong><em>in</em></strong></span> <span class='ocrx_word' id='word_1_16' title='bbox 460 675 631 758; x_wconf 73' lang='lat' dir='ltr'>composito</span> <span class='ocrx_word' id='word_1_17' title='bbox 655 669 877 749; x_wconf 69' lang='grc' dir='ltr'><strong><em>ξυμβλήμεναι</em></strong></span> <span class='ocrx_word' id='word_1_18' title='bbox 902 675 934 734; x_wconf 77' lang='lat' dir='ltr'>el</span> <span class='ocrx_word' id='word_1_19' title='bbox 956 668 1153 748; x_wconf 75' lang='grc' dir='ltr'>ξυμβλήτην.</span> <span class='ocrx_word' id='word_1_20' title='bbox 1199 672 1290 738; x_wconf 83' lang='lat' dir='ltr'>Iliad.</span> <span class='ocrx_word' id='word_1_21' title='bbox 1316 683 1352 738; x_wconf 82' lang='grc' dir='ltr'><strong><em>Φ.</em></strong></span> <span class='ocrx_word' id='word_1_22' title='bbox 1378 671 1456 739; x_wconf 84' lang='grc'><strong>578.</strong></span> 
     </span>
     <span class='ocr_line' id='line_1_4' title="bbox 575 775 1226 858; baseline 0.003 -16"><span class='ocrx_word' id='word_1_23' title='bbox 575 778 643 858; x_wconf 67' lang='lat' dir='ltr'><strong><em>spo</em></strong></span> <span class='ocrx_word' id='word_1_24' title='bbox 666 780 699 856; x_wconf 75' lang='grc' dir='ltr'><strong><em>μ’</em></strong></span> <span class='ocrx_word' id='word_1_25' title='bbox 725 778 757 852; x_wconf 78' lang='grc' dir='ltr'><strong><em>ήὲ</em></strong></span> <span class='ocrx_word' id='word_1_26' title='bbox 780 775 1000 853; x_wconf 68' lang='grc' dir='ltr'><strong><em>ξυμβλήμεναι</em></strong></span> <span class='ocrx_word' id='word_1_27' title='bbox 1027 778 1058 850; x_wconf 84' lang='grc' dir='ltr'><strong><em>ήὲ</em></strong></span> <span class='ocrx_word' id='word_1_28' title='bbox 1080 777 1226 855; x_wconf 79' lang='grc' dir='ltr'><strong><em>δαμῆναι.</em></strong></span> 
     </span>
     <span class='ocr_line' id='line_1_5' title="bbox 348 884 656 974; baseline -0.01 -22"><span class='ocrx_word' id='word_1_29' title='bbox 348 891 380 953; x_wconf 78' lang='lat' dir='ltr'>ei</span> <span class='ocrx_word' id='word_1_30' title='bbox 403 885 514 974; x_wconf 91' lang='lat' dir='ltr'>Odyss.</span> <span class='ocrx_word' id='word_1_31' title='bbox 540 895 576 950; x_wconf 85' lang='grc' dir='ltr'><strong><em>Φ.</em></strong></span> <span class='ocrx_word' id='word_1_32' title='bbox 603 884 656 950; x_wconf 87' lang='grc'><strong><em>15.</em></strong></span> 
     </span>
     <span class='ocr_line' id='line_1_6' title="bbox 574 985 1279 1070; baseline 0.001 -14"><span class='ocrx_word' id='word_1_33' title='bbox 574 985 600 1056; x_wconf 80' lang='grc' dir='ltr'><strong><em>οἳ</em></strong></span> <span class='ocrx_word' id='word_1_34' title='bbox 624 992 650 1056; x_wconf 80' lang='grc' dir='ltr'><strong><em>δ’</em></strong></span> <span class='ocrx_word' id='word_1_35' title='bbox 677 993 706 1055; x_wconf 77' lang='grc' dir='ltr'><strong><em>ἕν</em></strong></span> <span class='ocrx_word' id='word_1_36' title='bbox 730 991 876 1070; x_wconf 71' lang='grc' dir='ltr'><strong><em>Μεσσήνη</em></strong></span> <span class='ocrx_word' id='word_1_37' title='bbox 898 987 1084 1066; x_wconf 74' lang='grc' dir='ltr'><strong><em>ξυμβλήτην</em></strong></span> <span class='ocrx_word' id='word_1_38' title='bbox 1108 991 1279 1066; x_wconf 80' lang='grc' dir='ltr'><strong><em>οὶλλήλοιϊν.</em></strong></span> 
     </span>
    </p>

    <p class='ocr_par' dir='ltr' id='par_1_3' title="bbox 314 1093 1537 2238">
     <span class='ocr_line' id='line_1_7' title="bbox 391 1093 1537 1181; baseline -0.003 -17"><span class='ocrx_word' id='word_1_39' title='bbox 391 1100 440 1164; x_wconf 79' lang='lat' dir='ltr'><strong><em>Hx</em></strong></span> <span class='ocrx_word' id='word_1_40' title='bbox 472 1098 615 1175; x_wconf 82' lang='grc' dir='ltr'><strong><em>ἒβλήμην</em></strong></span> <span class='ocrx_word' id='word_1_41' title='bbox 646 1101 846 1181; x_wconf 70' lang='lat' dir='ltr'><strong>componitur</strong></span> <span class='ocrx_word' id='word_1_42' title='bbox 873 1093 1086 1173; x_wconf 87' lang='grc' dir='ltr'><strong><em>ξυνεβλήμην,</em></strong></span> <span class='ocrx_word' id='word_1_43' title='bbox 1114 1093 1323 1174; x_wconf 84' lang='grc' dir='ltr'><strong><em>ξυμβλήμην.</em></strong></span> <span class='ocrx_word' id='word_1_44' title='bbox 1347 1096 1432 1162; x_wconf 87' lang='lat' dir='ltr'>unde</span> <span class='ocrx_word' id='word_1_45' title='bbox 1456 1095 1537 1172; x_wconf 87' lang='grc' dir='ltr'><strong><em>ξιιμ-</em></strong></span> 
     </span>
     <span class='ocr_line' id='line_1_8' title="bbox 346 1199 1535 1292; baseline -0.003 -22"><span class='ocrx_word' id='word_1_46' title='bbox 346 1208 501 1286; x_wconf 85' lang='grc' dir='ltr'><strong><em>βλήμενος</em></strong></span> <span class='ocrx_word' id='word_1_47' title='bbox 532 1205 654 1292; x_wconf 81' lang='lat' dir='ltr'>legitur</span> <span class='ocrx_word' id='word_1_48' title='bbox 683 1203 795 1290; x_wconf 79' lang='lat' dir='ltr'>Odyss.</span> <span class='ocrx_word' id='word_1_49' title='bbox 829 1214 869 1266; x_wconf 89' lang='lat' dir='ltr'><strong><em>A.</em></strong></span> <span class='ocrx_word' id='word_1_50' title='bbox 906 1199 980 1266; x_wconf 79' lang='lat'>127.</span> <span class='ocrx_word' id='word_1_51' title='bbox 1013 1206 1045 1265; x_wconf 73' lang='lat' dir='ltr'>ei</span> <span class='ocrx_word' id='word_1_52' title='bbox 1077 1201 1171 1278; x_wconf 86' lang='lat' dir='ltr'>alibi,</span> <span class='ocrx_word' id='word_1_53' title='bbox 1196 1207 1229 1268; x_wconf 77' lang='lat' dir='ltr'><strong><em>ct</em></strong></span> <span class='ocrx_word' id='word_1_54' title='bbox 1250 1199 1417 1278; x_wconf 78' lang='grc' dir='ltr'><strong><em>ξύμβλητο</em></strong></span> <span class='ocrx_word' id='word_1_55' title='bbox 1441 1202 1535 1268; x_wconf 76' lang='lat' dir='ltr'>Iliad.</span> 
     </span>
     <span class='ocr_line' id='line_1_9' title="bbox 349 1305 1535 1388; baseline -0.007 -11"><span class='ocrx_word' id='word_1_56' title='bbox 349 1320 382 1378; x_wconf 88' lang='grc' dir='ltr'><strong><em>Ξ,</em></strong></span> <span class='ocrx_word' id='word_1_57' title='bbox 411 1310 463 1375; x_wconf 86' lang='grc'><strong><em>39.</em></strong></span> <span class='ocrx_word' id='word_1_58' title='bbox 489 1311 501 1374; x_wconf 83' lang='grc' dir='ltr'><strong><em>ύ</em></strong></span> <span class='ocrx_word' id='word_1_59' title='bbox 524 1310 555 1374; x_wconf 79' lang='grc' dir='ltr'><strong><em>δὲ</em></strong></span> <span class='ocrx_word' id='word_1_60' title='bbox 575 1307 741 1386; x_wconf 74' lang='grc' dir='ltr'><strong><em>ξύμβλητο</em></strong></span> <span class='ocrx_word' id='word_1_61' title='bbox 762 1305 901 1388; x_wconf 68' lang='grc' dir='ltr'><strong><em>μεραιύς,</em></strong></span> <span class='ocrx_word' id='word_1_62' title='bbox 921 1312 953 1372; x_wconf 78' lang='lat' dir='ltr'>et</span> <span class='ocrx_word' id='word_1_63' title='bbox 973 1305 1156 1384; x_wconf 78' lang='grc' dir='ltr'><strong><em>ξύμβληντο</em></strong></span> <span class='ocrx_word' id='word_1_64' title='bbox 1175 1307 1253 1372; x_wconf 86' lang='lat' dir='ltr'><strong>ibid.</strong></span> <span class='ocrx_word' id='word_1_65' title='bbox 1275 1329 1323 1374; x_wconf 81' lang='lat' dir='ltr'>ve.</span> <span class='ocrx_word' id='word_1_66' title='bbox 1344 1305 1398 1372; x_wconf 79' lang='grc'><strong><em>27.</em></strong></span> <span class='ocrx_word' id='word_1_67' title='bbox 1423 1307 1535 1387; x_wconf 75' lang='grc' dir='ltr'><strong><em>Νύςορι</em></strong></span> 
     </span>
     <span class='ocr_line' id='line_1_10' title="bbox 314 1411 1535 1493; baseline -0.002 -12"><span class='ocrx_word' id='word_1_68' title='bbox 314 1460 317 1465; x_wconf 89' lang='lat'>-</span> <span class='ocrx_word' id='word_1_69' title='bbox 349 1417 379 1483; x_wconf 78' lang='grc' dir='ltr'><strong><em>δὲ</em></strong></span> <span class='ocrx_word' id='word_1_70' title='bbox 415 1413 607 1493; x_wconf 87' lang='grc' dir='ltr'><strong><em>ξύμβληντο.</em></strong></span> <span class='ocrx_word' id='word_1_71' title='bbox 654 1414 783 1480; x_wconf 78' lang='lat' dir='ltr'>Habent</span> <span class='ocrx_word' id='word_1_72' title='bbox 817 1418 926 1478; x_wconf 86' lang='lat' dir='ltr'>autem</span> <span class='ocrx_word' id='word_1_73' title='bbox 960 1411 1102 1488; x_wconf 82' lang='grc' dir='ltr'><strong><em>ἐβλήμην</em></strong></span> <span class='ocrx_word' id='word_1_74' title='bbox 1137 1418 1169 1477; x_wconf 77' lang='lat' dir='ltr'>et</span> <span class='ocrx_word' id='word_1_75' title='bbox 1202 1411 1395 1490; x_wconf 89' lang='grc' dir='ltr'><strong><em>ξυμβλήμην</em></strong></span> <span class='ocrx_word' id='word_1_76' title='bbox 1429 1418 1467 1478; x_wconf 78' lang='lat' dir='ltr'><strong><em>ut</em></strong></span> <span class='ocrx_word' id='word_1_77' title='bbox 1500 1418 1535 1478; x_wconf 91' lang='lat' dir='ltr'><strong><em>in</em></strong></span> 
     </span>
     <span class='ocr_line' id='line_1_11' title="bbox 347 1519 1530 1608; baseline -0.004 -21"><span class='ocrx_word' id='word_1_78' title='bbox 347 1525 490 1608; x_wconf 73' lang='lat' dir='ltr'>optativo</span> <span class='ocrx_word' id='word_1_79' title='bbox 520 1521 667 1602; x_wconf 78' lang='grc' dir='ltr'><strong><em>βλύμον,</em></strong></span> <span class='ocrx_word' id='word_1_80' title='bbox 699 1521 798 1600; x_wconf 80' lang='grc' dir='ltr'><strong><em>βλήο,</em></strong></span> <span class='ocrx_word' id='word_1_81' title='bbox 829 1519 950 1599; x_wconf 82' lang='grc' dir='ltr'><strong><em>βλήτο,</em></strong></span> <span class='ocrx_word' id='word_1_82' title='bbox 984 1520 1028 1582; x_wconf 90' lang='lat' dir='ltr'><strong><em>sic</em></strong></span> <span class='ocrx_word' id='word_1_83' title='bbox 1063 1520 1096 1582; x_wconf 87' lang='lat' dir='ltr'><strong><em>in</em></strong></span> <span class='ocrx_word' id='word_1_84' title='bbox 1129 1521 1330 1584; x_wconf 77' lang='lat' dir='ltr'>coniunctim</span> <span class='ocrx_word' id='word_1_85' title='bbox 1364 1519 1530 1596; x_wconf 85' lang='grc' dir='ltr'><strong><em>βλέομαι,</em></strong></span> 
     </span>
     <span class='ocr_line' id='line_1_12' title="bbox 348 1621 1531 1709; baseline -0.001 -18"><span class='ocrx_word' id='word_1_86' title='bbox 348 1627 462 1704; x_wconf 89' lang='grc' dir='ltr'><strong><em>βλήεαι</em></strong></span> <span class='ocrx_word' id='word_1_87' title='bbox 507 1631 537 1690; x_wconf 80' lang='lat' dir='ltr'>ei</span> <span class='ocrx_word' id='word_1_88' title='bbox 576 1625 711 1702; x_wconf 83' lang='grc' dir='ltr'><strong><em>βλήεται</em></strong></span> <span class='ocrx_word' id='word_1_89' title='bbox 749 1631 780 1689; x_wconf 83' lang='lat' dir='ltr'>et</span> <span class='ocrx_word' id='word_1_90' title='bbox 817 1622 1010 1700; x_wconf 85' lang='grc' dir='ltr'><strong><em>ξυμβλήεαι.</em></strong></span> <span class='ocrx_word' id='word_1_91' title='bbox 1058 1621 1202 1701; x_wconf 75' lang='grc' dir='ltr'><strong><em>Βλέιιμαι</em></strong></span> <span class='ocrx_word' id='word_1_92' title='bbox 1235 1625 1319 1709; x_wconf 88' lang='lat' dir='ltr'>apud</span> <span class='ocrx_word' id='word_1_93' title='bbox 1353 1624 1531 1690; x_wconf 84' lang='lat' dir='ltr'>Homerum</span> 
     </span>
     <span class='ocr_line' id='line_1_13' title="bbox 348 1730 1534 1818; baseline -0.002 -21"><span class='ocrx_word' id='word_1_94' title='bbox 348 1753 505 1817; x_wconf 77' lang='lat' dir='ltr'>nusquam</span> <span class='ocrx_word' id='word_1_95' title='bbox 529 1737 689 1816; x_wconf 69' lang='lat' dir='ltr'>comparet</span> <span class='ocrx_word' id='word_1_96' title='bbox 712 1731 855 1796; x_wconf 85' lang='lat' dir='ltr'>sedeam</span> <span class='ocrx_word' id='word_1_97' title='bbox 875 1730 1011 1794; x_wconf 86' lang='lat' dir='ltr'>formem</span> <span class='ocrx_word' id='word_1_98' title='bbox 1032 1733 1184 1794; x_wconf 84' lang='lat' dir='ltr'>sermonis</span> <span class='ocrx_word' id='word_1_99' title='bbox 1204 1730 1369 1795; x_wconf 83' lang='lat' dir='ltr'>Homerici</span> <span class='ocrx_word' id='word_1_100' title='bbox 1387 1731 1534 1818; x_wconf 77' lang='lat' dir='ltr'>analogia</span> 
     </span>
     <span class='ocr_line' id='line_1_14' title="bbox 346 1833 1533 1924; baseline -0.003 -20"><span class='ocrx_word' id='word_1_101' title='bbox 346 1838 469 1924; x_wconf 89' lang='lat' dir='ltr'>liquido</span> <span class='ocrx_word' id='word_1_102' title='bbox 486 1841 696 1914; x_wconf 77' lang='lat' dir='ltr'>demonstrat,</span> <span class='ocrx_word' id='word_1_103' title='bbox 718 1843 755 1900; x_wconf 76' lang='lat' dir='ltr'><strong><em>ut</em></strong></span> <span class='ocrx_word' id='word_1_104' title='bbox 775 1833 925 1918; x_wconf 73' lang='grc' dir='ltr'><strong><em>κτέωμεν,</em></strong></span> <span class='ocrx_word' id='word_1_105' title='bbox 948 1834 1073 1910; x_wconf 83' lang='grc' dir='ltr'><strong><em>ύέαμεν,</em></strong></span> <span class='ocrx_word' id='word_1_106' title='bbox 1095 1835 1250 1915; x_wconf 76' lang='grc' dir='ltr'><strong><em>Φύέιομεν,</em></strong></span> <span class='ocrx_word' id='word_1_107' title='bbox 1271 1834 1399 1913; x_wconf 67' lang='lat' dir='ltr'>eluces.</span> <span class='ocrx_word' id='word_1_108' title='bbox 1425 1835 1533 1900; x_wconf 77' lang='lat' dir='ltr'>Tertia</span> 
     </span>
     <span class='ocr_line' id='line_1_15' title="bbox 347 1939 1530 2028; baseline -0.003 -19"><span class='ocrx_word' id='word_1_109' title='bbox 347 1945 484 2022; x_wconf 83' lang='grc' dir='ltr'><strong><em>βλήεται</em></strong></span> <span class='ocrx_word' id='word_1_110' title='bbox 504 1944 581 2007; x_wconf 79' lang='lat' dir='ltr'>tulit</span> <span class='ocrx_word' id='word_1_111' title='bbox 599 1947 734 2009; x_wconf 78' lang='lat' dir='ltr'>aetatem</span> <span class='ocrx_word' id='word_1_112' title='bbox 755 1945 790 2006; x_wconf 90' lang='lat' dir='ltr'><strong><em>in</em></strong></span> <span class='ocrx_word' id='word_1_113' title='bbox 808 1940 921 2028; x_wconf 85' lang='lat' dir='ltr'>Odyss.</span> <span class='ocrx_word' id='word_1_114' title='bbox 942 1953 974 2005; x_wconf 88' lang='lat' dir='ltr'><strong><em>P.</em></strong></span> <span class='ocrx_word' id='word_1_115' title='bbox 989 1939 1066 2006; x_wconf 82' lang='lat'>472.</span> <span class='ocrx_word' id='word_1_116' title='bbox 1079 1941 1189 2005; x_wconf 73' lang='grc' dir='ltr'><strong><em>ὁτιιύτ·</em></strong></span> <span class='ocrx_word' id='word_1_117' title='bbox 1201 1942 1274 2021; x_wconf 80' lang='grc' dir='ltr'><strong><em>οὶνήρ</em></strong></span> <span class='ocrx_word' id='word_1_118' title='bbox 1288 1979 1328 1990; x_wconf 90' lang='lat'><em>-</em></span> <span class='ocrx_word' id='word_1_119' title='bbox 1344 1950 1530 2006; x_wconf 80' lang='grc' dir='ltr'>ΒΛΗΕΤΑΙ</span> 
     </span>
     <span class='ocr_line' id='line_1_16' title="bbox 346 2047 1532 2136; baseline -0.003 -20"><span class='ocrx_word' id='word_1_120' title='bbox 346 2072 403 2136; x_wconf 87' lang='lat' dir='ltr'><strong><em>pro</em></strong></span> <span class='ocrx_word' id='word_1_121' title='bbox 434 2049 571 2134; x_wconf 87' lang='grc' dir='ltr'><strong><em>βλήται,</em></strong></span> <span class='ocrx_word' id='word_1_122' title='bbox 602 2050 659 2115; x_wconf 89' lang='lat' dir='ltr'><strong><em>ubi</em></strong></span> <span class='ocrx_word' id='word_1_123' title='bbox 689 2069 752 2114; x_wconf 87' lang='lat' dir='ltr'><strong><em>nou</em></strong></span> <span class='ocrx_word' id='word_1_124' title='bbox 783 2049 870 2113; x_wconf 77' lang='lat' dir='ltr'>deest</span> <span class='ocrx_word' id='word_1_125' title='bbox 903 2048 1082 2130; x_wconf 80' lang='lat' dir='ltr'>discrepans</span> <span class='ocrx_word' id='word_1_126' title='bbox 1105 2049 1261 2132; x_wconf 82' lang='lat' dir='ltr'>scriptura</span> <span class='ocrx_word' id='word_1_127' title='bbox 1283 2047 1454 2134; x_wconf 85' lang='grc' dir='ltr'><strong><em>βλήοεται,</em></strong></span> <span class='ocrx_word' id='word_1_128' title='bbox 1478 2047 1532 2113; x_wconf 88' lang='lat' dir='ltr'>sed</span> 
     </span>
     <span class='ocr_line' id='line_1_17' title="bbox 348 2151 1459 2238; baseline -0.007 -14"><span class='ocrx_word' id='word_1_129' title='bbox 348 2159 414 2226; x_wconf 88' lang='lat' dir='ltr'>eine</span> <span class='ocrx_word' id='word_1_130' title='bbox 437 2156 549 2222; x_wconf 86' lang='lat' dir='ltr'>idoneo</span> <span class='ocrx_word' id='word_1_131' title='bbox 571 2161 661 2221; x_wconf 77' lang='lat' dir='ltr'>teste.</span> <span class='ocrx_word' id='word_1_132' title='bbox 709 2161 827 2226; x_wconf 83' lang='grc' dir='ltr'><strong><em>Βλήται</em></strong></span> <span class='ocrx_word' id='word_1_133' title='bbox 849 2155 1041 2238; x_wconf 80' lang='lat' dir='ltr'>conspicitur</span> <span class='ocrx_word' id='word_1_134' title='bbox 1063 2155 1097 2216; x_wconf 90' lang='lat' dir='ltr'><strong><em>in</em></strong></span> <span class='ocrx_word' id='word_1_135' title='bbox 1121 2156 1294 2238; x_wconf 74' lang='lat' dir='ltr'>composito</span> <span class='ocrx_word' id='word_1_136' title='bbox 1318 2162 1356 2218; x_wconf 89' lang='lat' dir='ltr'><strong><em>H.</em></strong></span> <span class='ocrx_word' id='word_1_137' title='bbox 1382 2151 1459 2218; x_wconf 82' lang='lat'>204.</span> 
     </span>
    </p>

    <p class='ocr_par' dir='ltr' id='par_1_4' title="bbox 347 2256 1530 2434">
     <span class='ocr_line' id='line_1_18' title="bbox 483 2256 1335 2342; baseline -0.002 -16"><span class='ocrx_word' id='word_1_138' title='bbox 483 2264 507 2327; x_wconf 78' lang='lat' dir='ltr'><strong><em>si</em></strong></span> <span class='ocrx_word' id='word_1_139' title='bbox 532 2263 558 2328; x_wconf 78' lang='grc' dir='ltr'><strong><em>δ’</em></strong></span> <span class='ocrx_word' id='word_1_140' title='bbox 583 2259 643 2342; x_wconf 78' lang='grc' dir='ltr'><strong><em>ἄρα</em></strong></span> <span class='ocrx_word' id='word_1_141' title='bbox 666 2285 712 2333; x_wconf 84' lang='grc' dir='ltr'><strong><em>τις</em></strong></span> <span class='ocrx_word' id='word_1_142' title='bbox 737 2259 788 2324; x_wconf 71' lang='grc' dir='ltr'><strong><em>καὶ</em></strong></span> <span class='ocrx_word' id='word_1_143' title='bbox 813 2263 920 2336; x_wconf 81' lang='grc' dir='ltr'><strong><em>μοῦνος</em></strong></span> <span class='ocrx_word' id='word_1_144' title='bbox 945 2258 995 2322; x_wconf 77' lang='grc' dir='ltr'><strong><em>ἰὼν</em></strong></span> <span class='ocrx_word' id='word_1_145' title='bbox 1017 2256 1202 2334; x_wconf 84' lang='grc' dir='ltr'><strong><em>ξυμβλήται</em></strong></span> <span class='ocrx_word' id='word_1_146' title='bbox 1226 2258 1335 2332; x_wconf 75' lang='grc' dir='ltr'><strong><em>ὁδίτης.</em></strong></span> 
     </span>
     <span class='ocr_line' id='line_1_19' title="bbox 347 2364 1530 2434; baseline -0.003 0"><span class='ocrx_word' id='word_1_147' title='bbox 347 2369 444 2434; x_wconf 76' lang='lat' dir='ltr'>Estne</span> <span class='ocrx_word' id='word_1_148' title='bbox 476 2368 516 2433; x_wconf 84' lang='lat' dir='ltr'><strong><em>ad</em></strong></span> <span class='ocrx_word' id='word_1_149' title='bbox 545 2369 626 2432; x_wconf 87' lang='lat' dir='ltr'>hanc</span> <span class='ocrx_word' id='word_1_150' title='bbox 656 2367 762 2432; x_wconf 83' lang='lat' dir='ltr'>lucam</span> <span class='ocrx_word' id='word_1_151' title='bbox 793 2368 869 2431; x_wconf 79' lang='lat' dir='ltr'>satis</span> <span class='ocrx_word' id='word_1_152' title='bbox 904 2368 1026 2430; x_wconf 70' lang='lat' dir='ltr'>cerium</span> <span class='ocrx_word' id='word_1_153' title='bbox 1060 2364 1201 2432; x_wconf 87' lang='lat' dir='ltr'>Homero</span> <span class='ocrx_word' id='word_1_154' title='bbox 1236 2365 1432 2430; x_wconf 86' lang='lat' dir='ltr'>reddendum</span> <span class='ocrx_word' id='word_1_155' title='bbox 1468 2385 1530 2430; x_wconf 85' lang='lat' dir='ltr'>esse</span> 
     </span>
    </p>
   </div>
   <div class='ocr_carea' id='block_1_3' title="bbox 346 2493 1150 2656">
    <p class='ocr_par' dir='ltr' id='par_1_5' title="bbox 346 2493 1150 2656">
     <span class='ocr_line' id='line_1_20' title="bbox 346 2493 458 2540; baseline -0.018 0"><span class='ocrx_word' id='word_1_156' title='bbox 346 2496 441 2540; x_wconf 84' lang='lat' dir='ltr'>suum</span> <span class='ocrx_word' id='word_1_157' title='bbox 452 2493 458 2538; x_wconf 91' lang='lat'><strong>:</strong></span> 
     </span>
     <span class='ocr_line' id='line_1_21' title="bbox 686 2572 1150 2656; baseline 0.019 -16"><span class='ocrx_word' id='word_1_158' title='bbox 686 2572 736 2641; x_wconf 84' lang='grc' dir='ltr'><strong><em>ύτε</em></strong></span> <span class='ocrx_word' id='word_1_159' title='bbox 761 2601 795 2640; x_wconf 87' lang='grc' dir='ltr'><strong><em>κε</em></strong></span> <span class='ocrx_word' id='word_1_160' title='bbox 818 2574 1020 2654; x_wconf 79' lang='grc' dir='ltr'><strong><em>ξυμβλήΕΑΙ</em></strong></span> <span class='ocrx_word' id='word_1_161' title='bbox 1047 2579 1150 2656; x_wconf 78' lang='grc' dir='ltr'><strong><em>αὐτῷ,</em></strong></span> 
     </span>
    </p>
   </div>
   <div class='ocr_carea' id='block_1_4' title="bbox 346 2680 1532 3397">
    <p class='ocr_par' dir='ltr' id='par_1_6' title="bbox 347 2680 1532 2961">
     <span class='ocr_line' id='line_1_22' title="bbox 347 2680 1532 2770; baseline -0.003 -20"><span class='ocrx_word' id='word_1_162' title='bbox 347 2705 404 2770; x_wconf 86' lang='lat' dir='ltr'><strong><em>pro</em></strong></span> <span class='ocrx_word' id='word_1_163' title='bbox 435 2683 653 2762; x_wconf 72' lang='grc' dir='ltr'><strong><em>ξνμβλήοεαι,</em></strong></span> <span class='ocrx_word' id='word_1_164' title='bbox 686 2703 787 2767; x_wconf 88' lang='lat' dir='ltr'>neque</span> <span class='ocrx_word' id='word_1_165' title='bbox 811 2685 897 2748; x_wconf 86' lang='lat' dir='ltr'>enim</span> <span class='ocrx_word' id='word_1_166' title='bbox 920 2680 1145 2760; x_wconf 81' lang='grc' dir='ltr'><strong><em>ξυμβλήοομαι</em></strong></span> <span class='ocrx_word' id='word_1_167' title='bbox 1171 2680 1329 2748; x_wconf 80' lang='lat' dir='ltr'>Graecum</span> <span class='ocrx_word' id='word_1_168' title='bbox 1354 2703 1421 2747; x_wconf 90' lang='lat' dir='ltr'>esse</span> <span class='ocrx_word' id='word_1_169' title='bbox 1444 2687 1476 2747; x_wconf 78' lang='lat' dir='ltr'>et</span> <span class='ocrx_word' id='word_1_170' title='bbox 1495 2687 1532 2746; x_wconf 78' lang='lat' dir='ltr'><strong><em>ut</em></strong></span> 
     </span>
     <span class='ocr_line' id='line_1_23' title="bbox 347 2786 1532 2867; baseline -0.003 -11"><span class='ocrx_word' id='word_1_171' title='bbox 347 2791 404 2856; x_wconf 91' lang='lat' dir='ltr'>illc</span> <span class='ocrx_word' id='word_1_172' title='bbox 433 2790 501 2855; x_wconf 92' lang='lat' dir='ltr'>loco</span> <span class='ocrx_word' id='word_1_173' title='bbox 524 2790 680 2866; x_wconf 84' lang='grc' dir='ltr'><strong><em>βλήοεται</em></strong></span> <span class='ocrx_word' id='word_1_174' title='bbox 705 2791 749 2853; x_wconf 92' lang='lat' dir='ltr'><strong><em>sic</em></strong></span> <span class='ocrx_word' id='word_1_175' title='bbox 772 2789 831 2854; x_wconf 91' lang='lat' dir='ltr'><strong><em>hoc</em></strong></span> <span class='ocrx_word' id='word_1_176' title='bbox 854 2789 1053 2867; x_wconf 83' lang='grc' dir='ltr'><strong><em>ξυμβλήσεαι</em></strong></span> <span class='ocrx_word' id='word_1_177' title='bbox 1078 2811 1116 2854; x_wconf 81' lang='lat' dir='ltr'>ex</span> <span class='ocrx_word' id='word_1_178' title='bbox 1139 2786 1369 2854; x_wconf 78' lang='lat' dir='ltr'>Graeculorum</span> <span class='ocrx_word' id='word_1_179' title='bbox 1393 2789 1532 2854; x_wconf 87' lang='lat' dir='ltr'>socordia</span> 
     </span>
     <span class='ocr_line' id='line_1_24' title="bbox 348 2895 1056 2961; baseline -0.006 0"><span class='ocrx_word' id='word_1_180' title='bbox 348 2901 460 2961; x_wconf 79' lang='lat' dir='ltr'>natum</span> <span class='ocrx_word' id='word_1_181' title='bbox 484 2901 516 2960; x_wconf 76' lang='lat' dir='ltr'>et</span> <span class='ocrx_word' id='word_1_182' title='bbox 538 2895 724 2960; x_wconf 85' lang='lat' dir='ltr'>mendosum</span> <span class='ocrx_word' id='word_1_183' title='bbox 749 2915 814 2958; x_wconf 90' lang='lat' dir='ltr'>esse</span> <span class='ocrx_word' id='word_1_184' title='bbox 837 2898 868 2959; x_wconf 82' lang='lat' dir='ltr'>et</span> <span class='ocrx_word' id='word_1_185' title='bbox 892 2895 1056 2958; x_wconf 76' lang='lat' dir='ltr'>barbarum.</span> 
     </span>
    </p>

    <p class='ocr_par' dir='ltr' id='par_1_7' title="bbox 346 2999 1532 3297">
     <span class='ocr_line' id='line_1_25' title="bbox 392 2999 1532 3086; baseline -0.001 -19"><span class='ocrx_word' id='word_1_186' title='bbox 392 2999 474 3067; x_wconf 78' lang='lat' dir='ltr'><strong><em>Cum</em></strong></span> <span class='ocrx_word' id='word_1_187' title='bbox 498 3001 599 3066; x_wconf 80' lang='lat' dir='ltr'>forma</span> <span class='ocrx_word' id='word_1_188' title='bbox 622 2999 783 3077; x_wconf 87' lang='grc' dir='ltr'><strong><em>ε’βλήμην,</em></strong></span> <span class='ocrx_word' id='word_1_189' title='bbox 809 3000 964 3078; x_wconf 83' lang='grc' dir='ltr'><strong><em>βλήούαι,</em></strong></span> <span class='ocrx_word' id='word_1_190' title='bbox 988 3001 1143 3078; x_wconf 81' lang='grc' dir='ltr'><strong><em>βλήμενος</em></strong></span> <span class='ocrx_word' id='word_1_191' title='bbox 1167 3003 1330 3086; x_wconf 74' lang='lat' dir='ltr'>aptissime</span> <span class='ocrx_word' id='word_1_192' title='bbox 1358 3004 1532 3085; x_wconf 88' lang='lat' dir='ltr'>comparari</span> 
     </span>
     <span class='ocr_line' id='line_1_26' title="bbox 346 3103 1530 3193; baseline -0.001 -21"><span class='ocrx_word' id='word_1_193' title='bbox 346 3113 451 3193; x_wconf 71' lang='lat' dir='ltr'>potest</span> <span class='ocrx_word' id='word_1_194' title='bbox 475 3107 622 3188; x_wconf 74' lang='grc' dir='ltr'><strong><em>ε’Φύίμην,</em></strong></span> <span class='ocrx_word' id='word_1_195' title='bbox 649 3105 793 3188; x_wconf 77' lang='grc' dir='ltr'><strong><em>Φύύούοιι,</em></strong></span> <span class='ocrx_word' id='word_1_196' title='bbox 818 3105 974 3186; x_wconf 81' lang='grc' dir='ltr'><strong><em>Φύίμενος.</em></strong></span> <span class='ocrx_word' id='word_1_197' title='bbox 1012 3103 1183 3190; x_wconf 73' lang='lat' dir='ltr'>optativus</span> <span class='ocrx_word' id='word_1_198' title='bbox 1207 3111 1254 3170; x_wconf 78' lang='lat' dir='ltr'><strong><em>eet</em></strong></span> <span class='ocrx_word' id='word_1_199' title='bbox 1277 3106 1414 3186; x_wconf 78' lang='grc' dir='ltr'><strong><em>Φύύμην,</em></strong></span> <span class='ocrx_word' id='word_1_200' title='bbox 1439 3107 1530 3186; x_wconf 83' lang='grc' dir='ltr'><strong><em>Φύῖο,</em></strong></span> 
     </span>
     <span class='ocr_line' id='line_1_27' title="bbox 346 3210 740 3297; baseline -0.008 -20"><span class='ocrx_word' id='word_1_201' title='bbox 346 3214 448 3294; x_wconf 83' lang='grc' dir='ltr'><strong><em>φύῖτο.</em></strong></span> <span class='ocrx_word' id='word_1_202' title='bbox 496 3211 608 3297; x_wconf 87' lang='lat' dir='ltr'>Odyss.</span> <span class='ocrx_word' id='word_1_203' title='bbox 632 3236 661 3274; x_wconf 90' lang='grc' dir='ltr'><strong><em>κ.</em></strong></span> <span class='ocrx_word' id='word_1_204' title='bbox 688 3210 740 3276; x_wconf 83' lang='grc'><strong><em>51.</em></strong></span> 
     </span>
    </p>

    <p class='ocr_par' dir='ltr' id='par_1_8' title="bbox 573 3315 1352 3397">
     <span class='ocr_line' id='line_1_28' title="bbox 573 3315 1352 3397; baseline 0 -17"><span class='ocrx_word' id='word_1_205' title='bbox 573 3316 746 3396; x_wconf 75' lang='grc' dir='ltr'><strong><em>μερμήριξα</em></strong></span> <span class='ocrx_word' id='word_1_206' title='bbox 771 3317 825 3380; x_wconf 61' lang='lat' dir='ltr'><strong><em>&#39;Hi</em></strong></span> <span class='ocrx_word' id='word_1_207' title='bbox 850 3319 948 3382; x_wconf 81' lang='grc' dir='ltr'><strong><em>τεοὼν</em></strong></span> <span class='ocrx_word' id='word_1_208' title='bbox 971 3318 1005 3380; x_wconf 83' lang='grc' dir='ltr'><strong><em>ἐκ</em></strong></span> <span class='ocrx_word' id='word_1_209' title='bbox 1028 3317 1094 3390; x_wconf 80' lang='grc' dir='ltr'><strong><em>νηὸς</em></strong></span> <span class='ocrx_word' id='word_1_210' title='bbox 1117 3315 1297 3397; x_wconf 79' lang='grc' dir='ltr'><strong><em>αἰτοφύύμην</em></strong></span> <span class='ocrx_word' id='word_1_211' title='bbox 1312 3355 1352 3365; x_wconf 92' lang='grc'><strong>-</strong></span> 
     </span>
    </p>
   </div>
   <div class='ocr_carea' id='block_1_5' title="bbox 575 3420 859 3496">
    <p class='ocr_par' dir='ltr' id='par_1_9' title="bbox 575 3420 859 3496">
     <span class='ocr_line' id='line_1_29' title="bbox 575 3420 859 3496; baseline 0 -10"><span class='ocrx_word' id='word_1_212' title='bbox 575 3421 591 3496; x_wconf 84' lang='grc' dir='ltr'><strong><em>ή</em></strong></span> <span class='ocrx_word' id='word_1_213' title='bbox 616 3420 712 3486; x_wconf 67' lang='grc' dir='ltr'><strong><em>οἰκέων</em></strong></span> <span class='ocrx_word' id='word_1_214' title='bbox 736 3421 859 3495; x_wconf 73' lang='grc' dir='ltr'><strong><em>τλαίην.</em></strong></span> 
     </span>
    </p>
   </div>
   <div class='ocr_carea' id='block_1_6' title="bbox 346 3525 535 3596">
    <p class='ocr_par' dir='ltr' id='par_1_10' title="bbox 346 3525 535 3596">
     <span class='ocr_line' id='line_1_30' title="bbox 346 3525 535 3596; baseline -0.021 0"><span class='ocrx_word' id='word_1_215' title='bbox 346 3535 379 3596; x_wconf 79' lang='lat' dir='ltr'><strong><em>st</em></strong></span> <span class='ocrx_word' id='word_1_216' title='bbox 403 3545 435 3594; x_wconf 96' lang='grc' dir='ltr'><strong><em>λ.</em></strong></span> <span class='ocrx_word' id='word_1_217' title='bbox 461 3525 535 3594; x_wconf 83' lang='grc'><strong>330.</strong></span> 
     </span>
    </p>
   </div>
   <div class='ocr_carea' id='block_1_7' title="bbox 349 3631 1533 3913">
    <p class='ocr_par' dir='ltr' id='par_1_11' title="bbox 349 3631 1533 3913">
     <span class='ocr_line' id='line_1_31' title="bbox 573 3631 1255 3714; baseline 0.001 -16"><span class='ocrx_word' id='word_1_218' title='bbox 573 3631 640 3712; x_wconf 72' lang='grc' dir='ltr'><strong><em>πρὶν</em></strong></span> <span class='ocrx_word' id='word_1_219' title='bbox 664 3633 726 3714; x_wconf 63' lang='lat' dir='ltr'><strong><em>pap</em></strong></span> <span class='ocrx_word' id='word_1_220' title='bbox 751 3657 801 3698; x_wconf 89' lang='grc' dir='ltr'><strong><em>κεν</em></strong></span> <span class='ocrx_word' id='word_1_221' title='bbox 826 3634 877 3697; x_wconf 81' lang='grc' dir='ltr'><strong><em>καὶ</em></strong></span> <span class='ocrx_word' id='word_1_222' title='bbox 903 3631 956 3710; x_wconf 85' lang='grc' dir='ltr'><strong><em>νὺξ</em></strong></span> <span class='ocrx_word' id='word_1_223' title='bbox 978 3635 1064 3712; x_wconf 83' lang='grc' dir='ltr'><strong><em>Φύῖτ’</em></strong></span> <span class='ocrx_word' id='word_1_224' title='bbox 1089 3633 1255 3714; x_wconf 75' lang='grc' dir='ltr'><strong><em>ἄμβροτος.</em></strong></span> 
     </span>
     <span class='ocr_line' id='line_1_32' title="bbox 394 3738 1533 3826; baseline -0.001 -19"><span class='ocrx_word' id='word_1_225' title='bbox 394 3738 598 3807; x_wconf 78' lang='lat' dir='ltr'>Coniunctivi</span> <span class='ocrx_word' id='word_1_226' title='bbox 617 3740 719 3804; x_wconf 77' lang='lat' dir='ltr'>forme.</span> <span class='ocrx_word' id='word_1_227' title='bbox 736 3740 890 3820; x_wconf 83' lang='grc' dir='ltr'><strong><em>Φύίιομαι,</em></strong></span> <span class='ocrx_word' id='word_1_228' title='bbox 913 3739 1058 3821; x_wconf 82' lang='grc' dir='ltr'><strong><em>Φύίηται,</em></strong></span> <span class='ocrx_word' id='word_1_229' title='bbox 1081 3741 1260 3826; x_wconf 81' lang='grc' dir='ltr'><strong><em>Φύιύμεσύα</em></strong></span> <span class='ocrx_word' id='word_1_230' title='bbox 1277 3745 1418 3826; x_wconf 77' lang='lat' dir='ltr'>correpta</span> <span class='ocrx_word' id='word_1_231' title='bbox 1430 3741 1533 3807; x_wconf 83' lang='lat' dir='ltr'>vooeh&#39;</span> 
     </span>
     <span class='ocr_line' id='line_1_33' title="bbox 349 3843 674 3913; baseline -0.012 0"><span class='ocrx_word' id='word_1_232' title='bbox 349 3852 396 3913; x_wconf 82' lang='lat' dir='ltr'>esi</span> <span class='ocrx_word' id='word_1_233' title='bbox 418 3847 509 3912; x_wconf 82' lang='lat' dir='ltr'>Iliad.</span> <span class='ocrx_word' id='word_1_234' title='bbox 535 3857 571 3911; x_wconf 81' lang='grc' dir='ltr'><strong><em>Τ.</em></strong></span> <span class='ocrx_word' id='word_1_235' title='bbox 599 3843 674 3911; x_wconf 79' lang='grc'><strong>172.</strong></span> 
     </span>
    </p>
   </div>
   <div class='ocr_carea' id='block_1_8' title="bbox 351 4020 525 4030">
    <p class='ocr_par' dir='ltr' id='par_1_12' title="bbox 351 4020 525 4030">
     <span class='ocr_line' id='line_1_34' title="bbox 351 4020 525 4030; baseline 0.006 -1"><span class='ocrx_word' id='word_1_236' title='bbox 351 4020 525 4030; x_wconf 57' lang='grc' dir='ltr'><strong><em>-α--ι--ω</em></strong></span> 
     </span>
    </p>
   </div>
   <div class='ocr_carea' id='block_1_9' title="bbox 403 4135 406 4142">
    <p class='ocr_par' dir='ltr' id='par_1_13' title="bbox 403 4135 406 4142">
     <span class='ocr_line' id='line_1_35' title="bbox 403 4135 406 4142; baseline 0 0"><span class='ocrx_word' id='word_1_237' title='bbox 403 4135 406 4142; x_wconf 69' lang='grc' dir='ltr'><strong><em>ι</em></strong></span> 
     </span>
    </p>
   </div>
   <div class='ocr_carea' id='block_1_10' title="bbox 348 4131 1535 4558">
    <p class='ocr_par' dir='ltr' id='par_1_14' title="bbox 350 4131 1535 4287">
     <span class='ocr_line' id='line_1_36' title="bbox 386 4131 1535 4198; baseline 0.001 -19"><span class='ocrx_word' id='word_1_238' title='bbox 386 4137 394 4179; x_wconf 86' lang='lat'>1</span> <span class='ocrx_word' id='word_1_239' title='bbox 399 4143 410 4197; x_wconf 85' lang='grc' dir='ltr'><strong><em>ρ</em></strong></span> <span class='ocrx_word' id='word_1_240' title='bbox 429 4131 540 4180; x_wconf 76' lang='lat' dir='ltr'>Eiusdem</span> <span class='ocrx_word' id='word_1_241' title='bbox 555 4131 718 4180; x_wconf 80' lang='lat' dir='ltr'>cunctationis</span> <span class='ocrx_word' id='word_1_242' title='bbox 735 4131 832 4180; x_wconf 83' lang='lat' dir='ltr'>miserae</span> <span class='ocrx_word' id='word_1_243' title='bbox 847 4131 957 4196; x_wconf 82' lang='lat' dir='ltr'>reliquiae</span> <span class='ocrx_word' id='word_1_244' title='bbox 974 4135 1054 4182; x_wconf 78' lang='lat' dir='ltr'>extent</span> <span class='ocrx_word' id='word_1_245' title='bbox 1070 4133 1094 4181; x_wconf 87' lang='lat' dir='ltr'><strong><em>iu</em></strong></span> <span class='ocrx_word' id='word_1_246' title='bbox 1111 4131 1217 4197; x_wconf 76' lang='lat' dir='ltr'>Etymcl.</span> <span class='ocrx_word' id='word_1_247' title='bbox 1235 4133 1325 4198; x_wconf 76' lang='lat' dir='ltr'>Magno</span> <span class='ocrx_word' id='word_1_248' title='bbox 1342 4148 1394 4198; x_wconf 80' lang='lat' dir='ltr'>pag.</span> <span class='ocrx_word' id='word_1_249' title='bbox 1416 4133 1475 4192; x_wconf 78' lang='lat' dir='ltr'>loo,</span> <span class='ocrx_word' id='word_1_250' title='bbox 1494 4138 1535 4185; x_wconf 73' lang='lat'><strong><em>52.</em></strong></span> 
     </span>
     <span class='ocr_line' id='line_1_37' title="bbox 350 4219 1162 4287; baseline 0 -16"><span class='ocrx_word' id='word_1_251' title='bbox 350 4223 390 4271; x_wconf 89' lang='lat' dir='ltr'><strong><em>ubi</em></strong></span> <span class='ocrx_word' id='word_1_252' title='bbox 409 4224 497 4271; x_wconf 81' lang='lat' dir='ltr'>lcrmuc</span> <span class='ocrx_word' id='word_1_253' title='bbox 513 4219 587 4282; x_wconf 76' lang='grc' dir='ltr'><strong><em>’ύβλην</em></strong></span> <span class='ocrx_word' id='word_1_254' title='bbox 604 4237 631 4270; x_wconf 85' lang='lat' dir='ltr'>ex</span> <span class='ocrx_word' id='word_1_255' title='bbox 647 4221 738 4270; x_wconf 84' lang='lat' dir='ltr'>incerto</span> <span class='ocrx_word' id='word_1_256' title='bbox 756 4227 825 4286; x_wconf 74' lang='lat' dir='ltr'>poeta</span> <span class='ocrx_word' id='word_1_257' title='bbox 841 4223 974 4287; x_wconf 81' lang='lat' dir='ltr'>exemplum</span> <span class='ocrx_word' id='word_1_258' title='bbox 991 4223 1089 4272; x_wconf 82' lang='lat' dir='ltr'>affertur</span> <span class='ocrx_word' id='word_1_259' title='bbox 1104 4223 1162 4271; x_wconf 84' lang='lat' dir='ltr'>hcc:</span> 
     </span>
    </p>

    <p class='ocr_par' dir='ltr' id='par_1_15' title="bbox 348 4307 1533 4558">
     <span class='ocr_line' id='line_1_38' title="bbox 720 4307 1156 4372; baseline 0 -14"><span class='ocrx_word' id='word_1_260' title='bbox 720 4311 788 4358; x_wconf 84' lang='grc' dir='ltr'><strong><em>τύύεν</em></strong></span> <span class='ocrx_word' id='word_1_261' title='bbox 808 4307 833 4358; x_wconf 68' lang='grc' dir='ltr'><strong><em>δὲ</em></strong></span> <span class='ocrx_word' id='word_1_262' title='bbox 852 4310 928 4367; x_wconf 78' lang='grc' dir='ltr'><strong><em>ἰνλιιύς</em></strong></span> <span class='ocrx_word' id='word_1_263' title='bbox 946 4309 1047 4367; x_wconf 62' lang='lat' dir='ltr'><strong><em>slaswic</em></strong></span> <span class='ocrx_word' id='word_1_264' title='bbox 1066 4309 1156 4372; x_wconf 61' lang='grc' dir='ltr'><strong><em>’ύβληςς</em></strong></span> 
     </span>
     <span class='ocr_line' id='line_1_39' title="bbox 351 4393 1533 4467; baseline 0.001 -17"><span class='ocrx_word' id='word_1_265' title='bbox 351 4403 413 4465; x_wconf 88' lang='lat' dir='ltr'>quod</span> <span class='ocrx_word' id='word_1_266' title='bbox 427 4404 478 4466; x_wconf 85' lang='lat' dir='ltr'>quis</span> <span class='ocrx_word' id='word_1_267' title='bbox 493 4402 644 4450; x_wconf 76' lang='lat' dir='ltr'>emendabit?</span> <span class='ocrx_word' id='word_1_268' title='bbox 661 4400 743 4461; x_wconf 79' lang='grc' dir='ltr'><strong><em>βλείης</em></strong></span> <span class='ocrx_word' id='word_1_269' title='bbox 761 4419 809 4451; x_wconf 88' lang='lat' dir='ltr'><strong><em>nou</em></strong></span> <span class='ocrx_word' id='word_1_270' title='bbox 827 4401 893 4461; x_wconf 72' lang='grc' dir='ltr'><strong><em>βλεῖο</em></strong></span> <span class='ocrx_word' id='word_1_271' title='bbox 911 4403 1037 4467; x_wconf 80' lang='lat' dir='ltr'>legendum</span> <span class='ocrx_word' id='word_1_272' title='bbox 1051 4420 1099 4454; x_wconf 82' lang='lat' dir='ltr'>csse</span> <span class='ocrx_word' id='word_1_273' title='bbox 1112 4402 1203 4452; x_wconf 78' lang='lat' dir='ltr'>censuit</span> <span class='ocrx_word' id='word_1_274' title='bbox 1217 4393 1353 4452; x_wconf 50' lang='lat' dir='ltr'>Ahrem‘de</span> <span class='ocrx_word' id='word_1_275' title='bbox 1367 4401 1435 4450; x_wconf 81' lang='lat' dir='ltr'>Dicl.</span> <span class='ocrx_word' id='word_1_276' title='bbox 1445 4401 1533 4451; x_wconf 63' lang='lat' dir='ltr'>Donec</span> 
     </span>
     <span class='ocr_line' id='line_1_40' title="bbox 348 4488 1531 4558; baseline 0 -20"><span class='ocrx_word' id='word_1_277' title='bbox 348 4506 401 4556; x_wconf 75' lang='lat' dir='ltr'>pag.</span> <span class='ocrx_word' id='word_1_278' title='bbox 425 4493 482 4542; x_wconf 72' lang='grc'><strong><em>838.</em></strong></span> <span class='ocrx_word' id='word_1_279' title='bbox 516 4491 560 4540; x_wconf 82' lang='lat' dir='ltr'>Sed</span> <span class='ocrx_word' id='word_1_280' title='bbox 584 4488 613 4538; x_wconf 69' lang='lat' dir='ltr'><strong><em>dl</em></strong></span> <span class='ocrx_word' id='word_1_281' title='bbox 627 4507 658 4540; x_wconf 87' lang='grc' dir='ltr'><strong><em>νια</em></strong></span> <span class='ocrx_word' id='word_1_282' title='bbox 682 4491 858 4541; x_wconf 68' lang='lat' dir='ltr'>coniunctium</span> <span class='ocrx_word' id='word_1_283' title='bbox 875 4493 979 4556; x_wconf 75' lang='lat' dir='ltr'>pustulat</span> <span class='ocrx_word' id='word_1_284' title='bbox 995 4492 1189 4558; x_wconf 80' lang='lat' dir='ltr'>scribendumque</span> <span class='ocrx_word' id='word_1_285' title='bbox 1206 4491 1303 4556; x_wconf 80' lang='grc' dir='ltr'><strong><em>βλείης,</em></strong></span> <span class='ocrx_word' id='word_1_286' title='bbox 1321 4495 1348 4542; x_wconf 76' lang='lat' dir='ltr'><strong><em>ut</em></strong></span> <span class='ocrx_word' id='word_1_287' title='bbox 1365 4491 1446 4555; x_wconf 77' lang='grc' dir='ltr'><strong><em>ςεΙης,</em></strong></span> <span class='ocrx_word' id='word_1_288' title='bbox 1465 4490 1531 4556; x_wconf 73' lang='grc' dir='ltr'><strong><em>θείης-</em></strong></span> 
     </span>
    </p>
   </div>
   <div class='ocr_carea' id='block_1_11' title="bbox 0 0 1706 5192">
    <p class='ocr_par' dir='ltr' id='par_1_16' title="bbox 0 0 1706 5192">
     <span class='ocr_line' id='line_1_41' title="bbox 0 0 1706 5192; baseline 0 0"><span class='ocrx_word' id='word_1_289' title='bbox 0 0 1706 5192; x_wconf 95' lang='lat' dir='ltr'><strong><em> </em></strong></span> 
     </span>
    </p>
   </div>
  </div>
 </body>
</html>
