3410 5180
897 353 963 425 452

333 542 455 610 mirum
491 552 540 612 est
572 568 628 633 pro
662 553 769 615 vetere
803 551 942 632 φλαῦρον
975 549 1124 617 omnibus
1154 553 1269 616 notum
1298 553 1424 633 Φαῦλον
1456 557 1523 620 tam

335 673 428 737 saepe
451 654 605 719 substitui
626 652 734 720 solere

377 923 458 1013 Peg.
490 921 545 990 20.
576 922 631 989 26.
661 919 737 990 ίταν
769 923 796 988 δ’
826 926 861 989 ἐκ
890 923 1071 1001 πλεονεξίας
1102 924 1155 991 καί
1187 925 1329 1007 πονηρίας
1352 952 1401 1002 τις
1424 925 1522 1009 ὥσπερ

332 1027 420 1101 οὗτος
443 1030 559 1112 ίσχύσκ
584 1031 601 1105 ἦ
625 1028 727 1111 πρώτη
751 1030 905 1113 πρόφασις
930 1031 983 1098 καί
1006 1033 1111 1112 μικρὸν
1134 1040 1283 1112 πταῖσμα
1307 1031 1427 1100 ἅπαντ’
1454 1037 1523 1100 σίνε-

331 1138 460 1220 χαίσισε
493 1135 560 1222 [καί
593 1135 757 1224 ditiores}
804 1137 1063 1226 Expungendum
1085 1159 1152 1204 ease
1173 1139 1330 1228 ffigidum
1353 1146 1386 1206 et
1406 1144 1521 1227 insipi-

332 1243 411 1308 dum
441 1241 601 1308 emblema
631 1242 801 1331 diligenter
835 1244 1033 1312 ostendimus
1063 1246 1098 1310 in
1121 1246 1200 1312 Neo.
1223 1246 1319 1313 Decet.
1344 1268 1418 1336 pag.
1445 1245 1518 1314 327.

334 1354 367 1418 et
388 1351 423 1416 in
447 1349 587 1435 Proefot
610 1369 684 1441 pag.
709 1349 813 1418 XXV.

378 1613 455 1698 Peg.
488 1607 544 1676 22.
578 1607 631 1676 27.
664 1609 881 1689 κεκλΕΙμίνινν
903 1617 962 1676 τῶν
986 1608 1136 1692 ἐμπορίων
1159 1616 1217 1675 τῶν
1243 1612 1274 1675 ὲν
1296 1619 1336 1694 τῇ
1358 1611 1447 1696 χώρα
1471 1613 1522 1680 διὰ

331 1720 384 1782 τὸν
406 1713 553 1793 πόλεμον.
600 1713 624 1781 Β
648 1716 903 1802 complosisque
926 1717 999 1782 aliis
1018 1714 1242 1804 κεκλεισμένων
1263 1717 1405 1785 exhibet.
1440 1717 1524 1785 Bek-

332 1823 429 1890 korus
452 1819 653 1900 κεκλειμένων
675 1824 795 1908 recepit
818 1825 1006 1889 anctoritate
1028 1821 1198 1888 Theodosii
1218 1824 1253 1887 in
1270 1822 1431 1888 Ακοοιίοοίι
1448 1845 1522 1912 pag.

335 1927 435 1995 1020.
467 1927 520 1994 25.
568 1929 750 1993 Assentitur
782 1927 965 1994 Dindorfius
999 1925 1215 1995 Ohoerobosco
1250 1933 1378 1994 auctus
1412 1929 1523 1995 fretus.

332 2036 405 2102 Non
434 2033 578 2100 multum
605 2034 697 2101 credo
720 2032 956 2113 Ohoerobosm,
981 2037 1036 2102 sed
1058 2035 1256 2101 stolidiorem
1280 2041 1313 2101 et
1334 2039 1523 2122 ineptiorem

332 2143 498 2208 hominem
529 2161 627 2226 quam
654 2141 849 2207 Theodosius
873 2146 1004 2207 estnon
1027 2139 1119 2207 focile
1142 2144 1290 2227 reperias.
1336 2141 1525 2208 Incredibile

334 2249 423 2314 dictu
453 2252 502 2312 est
531 2267 628 2332 quem
651 2249 716 2312 sint
738 2247 773 2312 hi
795 2249 1084 2334 grammaticastri,
1107 2268 1186 2332 quos
1209 2247 1321 2314 effoeta
1344 2244 1524 2315 Constanti·

332 2353 456 2440 nopolis
486 2352 582 2431 tulit,
619 2350 739 2420 Graece
774 2355 928 2439 imperit'.
986 2351 1183 2419 Theodosius
1215 2352 1280 2418 Ll.
1315 2353 1373 2418 has
1406 2353 1524 2420 formas

333 2463 424 2546 ponit
459 2458 567 2541 νένιφα
604 2460 636 2545 (a
670 2457 771 2544 νίζον),
807 2459 952 2540 τέσνφοι,
988 2458 1132 2540 λέλεχα,
1168 2458 1302 2538 νίννχα,
1334 2459 1524 2538 γεγέλαιια,

332 2565 460 2650 νένκκοι,
493 2561 632 2629 terrene
663 2569 696 2629 et
726 2561 903 2644 irroremur,
935 2563 1092 2646 ἔοραγκα,
1116 2585 1197 2650 quae
1220 2585 1398 2649 numquam
1421 2568 1455 2630 in
1477 2585 1526 2632 re·

331 2693 405 2737 rum
434 2675 549 2736 notura
577 2671 727 2748 fuerunt,
759 2672 815 2737 sed
849 2692 959 2738 omnes
990 2675 1025 2736 in
1056 2669 1356 2758 ludimagistrorum
1388 2671 1525 2737 cerebris

329 2783 424 2844 natae
455 2782 539 2842 sunt.
585 2775 673 2841 Huic
703 2779 806 2864 igitur
838 2778 963 2843 homini
998 2776 1162 2843 credemus
1196 2775 1331 2842 dicenti:
1369 2775 1383 2840 ί
1418 2775 1523 2855 μέντοι

331 2882 531 2949 κέκλεικα
565 2881 697 2964 ὀφείλων
732 2882 762 2946 ἐν
792 2883 835 2964 τῷ
866 2884 1117 2962 κίκλιισμαι
1148 2883 1405 2964 προσλαμβάνειν
1434 2881 1469 2947 τὸ
1503 2907 1524 2947 σ

331 2989 559 3068 κίκλειμαι
583 2987 715 3068 λέγεται
739 2989 826 3070 νεαροὶ
850 2997 983 3056 HACIN
1000 2991 1164 3064 Ἕλλησιν.
1200 2985 1286 3054 Cave
1305 2989 1429 3064 credas,
1448 3011 1524 3055 nam

330 3097 526 3163 contrarium
556 3116 671 3162 verum
695 3098 768 3176 παρ’
792 3096 885 3161 οὐδενὶ
908 3103 966 3162 σῶν
992 3097 1145 3170 Ἑλλήνων
1169 3094 1313 3173 λέγεται.
1359 3096 1525 3180 Antiquis-

330 3206 413 3269 sima
446 3201 537 3268 verbi
570 3201 674 3266 forma
707 3201 880 3268 Homerica
914 3209 946 3269 et
981 3201 1088 3268 Ionica
1119 3206 1168 3266 est
1199 3203 1292 3274 κλκΐιο
1325 3202 1526 3288 paenultima

329 3308 441 3397 longa,
475 3315 619 3386 κλκῖσαι,
652 3310 778 3384 κλήϊσεν
809 3308 840 3373 δὲ
872 3307 984 3389 ίιίοας,
1009 3305 1151 3385 κλκϊςίς,
1176 3307 1334 3382 οίιιλιίῖςοο.
1381 3308 1525 3393 Antiqua

329 3415 433 3481 forma
461 3415 571 3480 Attica
601 3419 649 3479 ast
671 3417 770 3499 κλιία,
799 3416 919 3497 κλῄσω,
945 3414 1082 3497 ἔκλνσα,
1107 3413 1281 3496 κέκλημαι,
1309 3415 1521 3496 κεκλίσομαι,

329 3520 495 3603 daupeins,
519 3517 631 3602 κλιιςίς
655 3525 688 3586 et
710 3519 855 3600 ἄκλιιςος.
901 3521 965 3586 His
987 3521 1099 3586 formis
1121 3521 1193 3584 ιοίίι
1214 3525 1351 3585 utuntur
1373 3519 1519 3606 Tragici,

330 3624 454 3694 Comici
476 3623 618 3707 veteres,
641 3624 863 3713 Thucydides,
887 3625 998 3710 Plato,
1023 3625 1216 3711 Xenophon,
1237 3629 1270 3690 et
1291 3623 1523 3691 Demosthenes

330 3752 464 3820 quoque.
519 3731 622 3795 Attici
651 3733 810 3816 nequiores
844 3737 877 3796 et
911 3728 1036 3797 Comici
1070 3751 1169 3795 novae
1204 3727 1394 3796 Comoedias
1428 3732 1520 3797 κλείω

330 3839 477 3905 dicebant
508 3847 541 3900 et
573 3835 755 3913 κέκλεισμοιι
787 3842 820 3902 et
848 3835 967 3910 κλειςίς
998 3847 1031 3902 et
1062 3834 1203 3908 ἄκλειςος
1235 3841 1267 3901 et
1297 3835 1348 3902 his
1381 3836 1521 3912 similie,

327 3966 408 4032 quae
437 3947 547 4028 postea
578 3943 596 4018 ἦ
630 3943 710 4018 κοιιὶι
741 3943 880 4019 συνήθεια
913 3944 1040 4028 recepit.
1087 3939 1199 4026 Itaque
1218 3940 1381 4020 κέκλειμοιι
1404 3941 1523 4006 nutum

327 4049 456 4116 dialecti
487 4053 536 4113 est
566 4052 598 4112 et
624 4048 728 4113 forma
749 4047 854 4112 nihili.
901 4047 991 4114 Duae
1014 4052 1143 4113 tantum
1166 4049 1286 4114 formae
1310 4050 1345 4113 in
1367 4069 1429 4113 usn
1451 4047 1522 4114 fuc-

326 4161 419 4221 runt:
452 4153 604 4235 κέκλομαι
633 4161 780 4221 veterum
811 4159 844 4218 et
877 4153 1062 4230 κέκλεισμαι
1099 4156 1293 4239 sequiorem.
1339 4152 1451 4240 Itaque
1487 4159 1522 4220 et

329 4258 498 4347 Sophocles
523 4260 663 4326 dixerat:

582 4375 691 4445 ψυχῆς
716 4363 833 4442 ἅνοῑξαι
858 4368 912 4442 τὴν
935 4367 1124 4450 κεκλῃμένην
1147 4367 1261 4442 πιίλκν.

326 4475 370 4538 sic
393 4470 623 4537 Demosthenes
647 4477 679 4538 et
702 4473 736 4538 h.
747 4472 770 4537 1.
795 4478 827 4538 et
847 4494 921 4560 peg.
947 4471 1023 4537 442.
1048 4473 1103 4539 26.
1129 4475 1321 4557 occupatum
1344 4479 1402 4538 τῶν
1423 4473 1521 4551 ἐμπο-
