3392 5186
757 362 823 426 423

375 549 484 616 διίσετί
507 552 536 613 τ’
560 550 656 625 ἠέλιος
682 550 737 614 καί
760 574 801 628 με
824 551 945 627 γλυκὺς
971 549 1061 622 ἱίτνος
1087 553 1207 627 οίνῆκεν.

239 655 422 722 scholium:
456 654 640 734 ’Λιίςαρχοι
670 653 789 732 νοοίφει
822 665 1036 733 ΔΕΙΑΕΤΟ,
1068 653 1086 720 ί
1115 658 1177 724 ε’ςιν
1209 659 1251 728 εἰς
1282 659 1384 734 δείλην

193 765 338 828 ἐκλίνετο.
365 762 440 840 ‚arpi
461 761 581 836 δυσμῶν
601 761 664 839 γὰρ
687 761 791 846 (Φησὶ)
814 763 964 842 συνέτυχε
985 773 1024 844 τῇ
1047 762 1218 846 Ναυσικάα
1238 766 1251 828 ὅ
1272 767 1383 829 Ὀδυσ-

193 871 272 941 σεύς.
298 865 349 932 ίτε
373 867 436 945 γαρ
461 865 510 929 ἔδυ
534 867 548 929 ί
572 865 655 943 ἥλιος
680 864 751 930 τότε
777 868 821 937 είς
845 867 879 931 τὸ
900 867 994 940 ι’ίλσος
1016 866 1158 950 ἔφθασαν
1177 879 1232 943 τῆς
1252 873 1383 946 'Ateste

193 971 271 1040 οὗτοι
294 977 333 1046 ὥς
358 976 410 1038 καὶ
435 973 448 1038 ί
471 975 614 1047 ποιητής·
643 970 683 1058 (ζ.
710 969 788 1058 321)

352 1080 461 1146 δύσετό
483 1081 513 1142 τ’
536 1077 634 1152 ἠέλιος
657 1077 709 1142 καί
734 1078 778 1141 τοὶ
803 1077 915 1142 κλυτὸν
938 1077 1034 1151 οίλσος
1059 1077 1185 1143 ίκοντο.”

238 1185 356 1251 Merito
385 1188 420 1250 in
450 1185 501 1249 his
530 1182 734 1248 Aristarchus
764 1183 925 1250 haerebat.
972 1183 1093 1248 Δίσετο
1126 1184 1242 1261 ἠέλιος,
1273 1188 1307 1252 id
1338 1196 1386 1256 est

193 1291 207 1354 ὃ
233 1287 314 1366 ίίλιος
342 1289 412 1366 ἔδει,
438 1289 565 1362 κατέδυ,
595 1293 628 1354 et
651 1288 798 1367 ὃμηοικῶς

510 1392 624 1458 κατέδυ
648 1394 792 1472 λαμπρὸν
814 1392 898 1472 Φοίος
923 1393 1046 1470 ἠελίοιο,

192 1501 311 1566 dicitur
333 1523 433 1588 quum
457 1501 643 1566 oboriuntur
665 1500 830 1576 tenebrae,
851 1504 890 1563 ut
911 1502 945 1564 in
967 1502 1136 1566 notissimo
1160 1522 1272 1567 versu:

396 1605 503 1671 διίσετο
527 1604 553 1668 δ’
577 1606 674 1678 ἠέλιος
697 1603 841 1669 σκιόωντό
864 1628 900 1668 τε
924 1611 1026 1671 τασαι
1048 1607 1170 1683 οὶγνιαί.

192 1718 225 1778 et
251 1713 458 1778 manifestum
491 1716 538 1776 est
567 1710 654 1774 haud
681 1712 729 1774 ita
754 1709 859 1775 multo
882 1719 955 1795 post
975 1712 1145 1778 meridiem
1168 1713 1319 1801 Ulyssem
1342 1739 1381 1784 ex

191 1839 302 1884 somno
325 1839 391 1883 esse
415 1820 601 1882 excitatum.
650 1815 742 1894 Quod
766 1820 875 1880 autem
899 1821 1041 1902 reposuit
1063 1819 1180 1884 δείλεσο
1204 1842 1324 1887 norum
1349 1830 1381 1889 et

190 1924 373 1989 inauditum
402 1922 538 1989 verbum
562 1925 610 1986 est
634 1923 701 1986 sine
724 1927 870 1998 auctore,
895 1925 962 1987 sine
985 1928 1066 1988 t'esta
1089 1923 1167 1990 ullo.
1214 1927 1317 1994 Nemo
1340 1950 1380 1995 ex

192 2033 240 2094 tot
262 2029 484 2116 grammaticis
505 2039 538 2091 et
561 2023 691 2091 Oriticis
714 2025 829 2091 δείλεσο
852 2047 942 2092 nosse
964 2028 1108 2102 videtur.
1128 2051 1222 2096 nemo
1242 2054 1380 2101 comme

190 2141 313 2219 morat,
343 2137 469 2219 praeter
498 2151 600 2197 unum
633 2130 858 2215 Emathium,
889 2135 944 2217 qui
971 2133 1092 2200 scholia
1114 2141 1220 2201 nostra
1242 2138 1380 2206 habebat

190 2245 222 2304 et
252 2240 326 2305 inde
356 2239 472 2304 sumsit
503 2257 577 2324 pag.
606 2234 704 2300 1580.
732 2234 783 2300 18.
807 2237 907 2316 Φασίν
931 2239 956 2302 οί
981 2241 1108 2302 ταλαιοί
1132 2244 1171 2312 ὥς
1194 2241 1379 2327 ’Λοίςαρχος

189 2347 221 2409 οὖ
255 2345 371 2425 γροίΦοι
402 2343 548 2408 δύσετο
577 2342 667 2406 οὶλλίι
699 2341 880 2418 δείλετο,
905 2340 1005 2412 ίὲςιν
1028 2346 1073 2416 είς
1098 2343 1180 2409 δύσιν
1201 2348 1376 2416 ἀπέκλινεν.

190 2455 222 2515 et
252 2448 486 2536 Etymologum
518 2468 674 2535 magnum
706 2467 781 2535 pag.
814 2446 891 2514 209.
925 2447 956 2513 6.
988 2449 1130 2515 δύσετο
1162 2451 1187 2514 δ’
1222 2455 1375 2528 tiseos:

190 2557 282 2636 ἐχρῆν
307 2563 498 2620 ΔΕΙΛΕΤΟ
524 2555 568 2625 είς
591 2554 693 2629 δείλην
718 2553 847 2632 ἐτροίτκ.
873 2553 972 2633 ἡμέρα
996 2556 1058 2636 γὰρ
1083 2552 1117 2630 ἦν
1140 2556 1197 2623 ἔτι.

234 2661 378 2728 Fortasse
405 2663 528 2726 minore
550 2659 717 2726 molimine
740 2661 837 2726 rerba
860 2665 971 2745 potitae
995 2663 1137 2748 expediri
1160 2669 1193 2729 et
1215 2666 1378 2733 emendari

188 2774 330 2852 possunt.
377 2767 436 2831 uss
457 2766 633 2831 Aristarchi
658 2769 819 2832 annotatio
844 2765 883 2832 ad
907 2766 999 2832 lliad.
1026 2778 1063 2832 H.
1088 2767 1165 2833 465.

370 2872 476 2937 δύσετο
501 2871 527 2934 δ’
553 2870 669 2946 ἠέλιος,
694 2871 838 2940 τεσέλεςο
861 2873 893 2936 δὲ
917 2871 1017 2951 τέμνον
1041 2872 1191 2953 Ἀχαιῶν.

233 2979 449 3042 Aristonicus:
482 2977 681 3052 σημειοῦνταί
711 2999 791 3048 τινες
822 2973 868 3040 ὅτι
892 2979 960 3041 οίντ]
985 2983 1039 3042 τοῦ
1071 2979 1220 3046 ἐδύετο.
1268 2984 1378 3051 Altera

189 3088 237 3149 est
256 3083 489 3150 animadversio
509 3081 684 3148 Aristarchi
704 3083 743 3147 ad
763 3080 821 3146 Od.
844 3092 877 3146 Z.
899 3083 976 3148 321.
999 3083 1145 3151 διίσετί
1168 3089 1198 3150 τ’
1222 3090 1377 3164 iimcc:

189 3196 280 3253 NTN
313 3189 385 3268 τοὺς
415 3189 537 3266 δυσμὰς
570 3187 743 3252 ἀπέκλινεν.
778 3188 894 3267 ἡμέρας
923 3191 986 3269 γὰρ
1015 3188 1058 3254 ἔτι
1086 3190 1175 3265 οὔσης
1200 3194 1375 3277 εἰσέρχεται

189 3293 368 3368 Ὀδυσσεύς.
401 3294 480 3373 παρὸ
511 3295 563 3358 καὶ
595 3295 701 3373 ἀχλὺν
735 3297 819 3374 αὐτῷ
855 3304 1007 3377 καταχεῖ.
1055 3295 1116 3362 Sed
1152 3318 1214 3383 quo
1249 3301 1378 3366 tandem

189 3409 281 3487 pacto
313 3402 439 3478 δύσετο,
472 3401 557 3485 quod
579 3421 704 3485 semper
727 3405 775 3466 est
799 3401 922 3476 occidit,
947 3419 1030 3466 nuso
1051 3407 1169 3487 poterit
1192 3425 1259 3470 esse
1281 3429 1379 3488 verpe-

189 3509 238 3573 bat
268 3509 310 3572 cd
337 3506 493 3572 οοσοεκοιί
527 3505 649 3571 Actum
676 3509 738 3571 orit
761 3506 800 3570 de
823 3509 912 3572 omni
935 3527 1011 3572 sana
1033 3511 1292 3593 interpretatione
1315 3515 1378 3576 nisi

189 3615 232 3678 τὰ
263 3614 349 3679 αὐτοὶ
381 3613 446 3693 περὶ
479 3618 537 3676 τῶν
561 3613 660 3676 αὐτῶν
686 3612 831 3676 dicentur
854 3617 886 3677 et
908 3613 1078 3678 verborum
1100 3619 1271 3699 potestates
1294 3618 1378 3701 apud

189 3723 374 3806 scriptorem
399 3723 522 3783 certum
544 3722 646 3783 certae
670 3723 703 3784 et
726 3716 857 3782 stabiles
879 3725 981 3783 arunt.
1030 3717 1114 3799 Quid
1137 3717 1259 3805 igitur?
1294 3719 1378 3786 Reii-

189 3846 290 3911 quum
310 3829 413 3890 estut
434 3829 525 3890 vatus
545 3822 699 3888 mendum
719 3824 899 3910 corrigatur
916 3829 949 3888 et
967 3826 1013 3890 sic
1024 3827 1057 3888 τὸ
1072 3825 1201 3898 διηνεκὲς
1212 3827 1377 3906 φυλαχθῇ.

188 3931 325 3996 Eremia
357 3948 421 3994 una
454 3927 584 3992 literula
619 3930 723 3992 omnis
753 3931 815 3993 erit
847 3929 974 3995 sublata
1001 3927 1181 3994 difficultas.
1229 3928 1378 4016 Suspicor

188 4035 268 4100 olim
290 4035 403 4100 fuisse:

613 4147 759 4207 ΔΤΕΤΟ
783 4138 812 4206 τ’
837 4141 944 4218 ἠέλιος.

189 4249 274 4336 quod
295 4247 472 4314 rectissime
494 4245 560 4327 περὶ
586 4247 687 4320 δείλης
710 4247 828 4327 πρωίας
853 4249 971 4313 dicitur
990 4249 1101 4314 statim
1120 4253 1192 4335 post
1210 4251 1378 4320 meridiem

189 4356 380 4441 incipientis.
427 4351 534 4420 Facile
563 4355 670 4439 potuit
701 4353 790 4418 δύετο
812 4355 848 4417 in
872 4352 980 4418 δύσετο
1002 4355 1090 4420 abire
1112 4362 1299 4440 praesertim
1322 4362 1380 4425 ubi

188 4462 315 4528 subesse
333 4463 458 4547 poterat
477 4458 584 4545 aliqua
604 4459 642 4525 de
662 4464 765 4525 metro
780 4459 940 4525 dubitatio
957 4463 990 4526 et
1004 4465 1223 4530 controversia
1250 4465 1375 4546 Δύομσι
