3372 5192
908 351 974 426 tto

346 566 449 614 errore
471 549 564 613 natae
587 549 678 626 sunt,
703 546 760 633 qni
782 547 861 614 duos
880 544 1027 632 aequales
1048 545 1340 633 confundensqnae
1360 549 1540 637 Hyperidis

345 657 448 720 assent
470 652 678 720 Demostheni
701 655 887 741 assignavit.

390 758 631 824 Peritissimum
672 779 739 824 esse
780 761 932 825 orationis
965 764 1127 825 auctorem
1161 761 1331 828 hominurn
1366 781 1539 847 rarumque

345 863 528 950 aequalium
560 885 599 929 ex
629 863 680 928 his
711 867 915 948 potissimum
947 863 1026 930 locis
1057 865 1190 953 colligo:
1220 887 1293 954 pag.
1320 865 1397 934 776.
1425 865 1477 932 16.
1501 867 1539 931 τὸ

343 972 398 1046 τίρν
422 969 537 1048 βουλίιν
560 969 629 1038 τοὺς
652 970 869 1042 πεντακοσίους
890 971 952 1034 οἰπί
979 978 1034 1045 τῆς
1063 972 1205 1044 οἰσίενοῦς
1233 972 1392 1046 τοιαυτησὶ
1414 972 1539 1050 κιγκλί-

344 1078 391 1150 δος
417 1082 475 1142 τῶν
498 1075 671 1156 σίπορριίτυν
696 1076 800 1156 κυρίαν
822 1073 899 1141 εἰναι
923 1076 975 1142 καί
999 1078 1044 1156 μίρ
1067 1077 1138 1149 τοὺς
1159 1077 1280 1151 ἰδιώτας
1300 1078 1480 1144 ἐπεισιέναι·
1498 1079 1537 1142 τιί

331 1184 398 1256 την
422 1179 456 1257 ἐξ
479 1183 595 1262 Ἀρείου
618 1181 724 1260 πιίγου
748 1183 864 1262 βουλίην
887 1178 963 1248 ὅταν
987 1185 1017 1248 ἐν
1039 1194 1078 1266 τῇ
1098 1184 1250 1265 βασιλείῳ
1271 1191 1328 1270 τοᾷ
1349 1184 1535 1266 καθεζομένη

342 1289 605 1369 περισχοινίσηται
631 1288 716 1352 κατα
740 1290 858 1364 πολλὴν
885 1290 1020 1371 ἡσυχίαν
1044 1291 1096 1374 ἐφ’
1121 1291 1233 1366 ἑαυτῆς
1256 1289 1334 1356 εἰναι
1358 1291 1412 1356 καὶ
1433 1289 1536 1356 ἅπαν-

342 1418 401 1468 τας
431 1393 563 1460 ἔκποδιίιν
594 1395 782 1474 ἀποχωρεῖν·
816 1395 850 1458 τὸ
883 1395 942 1467 τοίς
974 1396 1079 1476 οἰρχοίς
1111 1396 1242 1469 οἱποίσας
1261 1435 1303 1446 -
1322 1394 1393 1475 οἰμα
1418 1399 1460 1478 τῷ
1483 1399 1536 1462 τὸν

344 1497 494 1579 ὑπηρέτην
527 1501 623 1564 εἰπεῖν
655 1497 895 1577 „nerdense
927 1499 1027 1574 ἔξυ.”
1054 1504 1112 1566 τῶν
1145 1503 1239 1581 νίμυν
1267 1511 1388 1582 κρατεῖν
1411 1502 1467 1582 ἐφ’
1492 1498 1533 1572 οἷς

343 1605 608 1687 εἰσετέμφίησαν.
644 1603 736 1670 Unde
760 1605 837 1670 haec
860 1604 1010 1692 Sophiata
1032 1607 1240 1674 declamitare
1263 1630 1390 1674 sumere
1411 1605 1535 1694 potnitl

388 1711 469 1797 Pag.
503 1709 579 1776 781.
613 1713 644 1776 5.
677 1711 730 1776 καί
763 1713 805 1778 τοὶ
837 1715 894 1791 μὲν
931 1711 1019 1779 οἰλλα
1055 1714 1151 1799 aas,
1185 1719 1270 1792 ἀλλ’,
1306 1715 1532 1795 Ἀριςογείτον.

343 1815 425 1880 ima
457 1817 588 1899 γραΦοίς
621 1815 761 1898 κε’κρικοίς
795 1843 836 1896 με
868 1827 930 1891 τοῖς
964 1821 1037 1900 ὑπὲρ
1071 1822 1226 1886 Φιλίππου
1257 1822 1329 1887 τίτε
1365 1820 1532 1900 προίττουσι

343 1923 471 1987 σεαυτὸν
495 1920 650 2001 μισθώσας
676 1924 727 1989 καί
753 1924 880 1996 εὐθύνας
904 1924 1031 1998 διδόντος
1058 1925 1102 1998 δίς
1123 1929 1341 2009 κατηγορήσας
1361 1928 1413 1994 καί
1429 1927 1530 1990 -ιίεἰ

343 2035 542 2111 συκοφαντῶν
571 2029 723 2110 ἠλέγχου.
769 2031 817 2096 Ex
850 2030 900 2095 his
931 2032 1079 2096 omnibus
1110 2032 1286 2120 Hyperidis
1316 2034 1386 2114 πρὸς
1419 2036 1532 2112 'Apisa

342 2136 470 2214 γείτονα
502 2136 697 2202 orationibus
726 2155 791 2199 nne
822 2142 950 2202 tantum
979 2139 1014 2201 in
1036 2137 1282 2204 Alexandrinam
1306 2139 1531 2206 bibliothecam

341 2243 486 2328 pervenit
510 2241 640 2307 ethaeo
664 2240 731 2308 sola
750 2250 818 2308 erat
837 2245 871 2308 in
892 2243 1090 2308 emditornm
1113 2245 1277 2328 manibus,
1302 2251 1440 2311 caemraci
1463 2248 1532 2331 quis

340 2344 491 2414 noverat?
514 2367 608 2412 nemo
630 2346 754 2426 hercle,
780 2349 932 2432 quoniam
957 2347 1126 2416 Oratorum
1150 2351 1252 2416 vitam
1277 2357 1310 2416 et
1333 2353 1451 2437 scripta
1471 2372 1530 2416 non

341 2453 468 2518 aliunde
499 2473 596 2537 quam
626 2473 665 2518 ex
692 2454 888 2518 orationibus
918 2475 999 2539 quae
1033 2455 1199 2520 exstabant
1232 2456 1349 2522 eruditi
1372 2458 1529 2523 habebant

340 2562 477 2647 cognita.
524 2557 634 2642 ltaque
663 2559 805 2623 sciebant
833 2578 943 2624 omnes
971 2559 1171 2647 Hyperidem
1202 2561 1300 2628 semel
1340 2563 1380 2627 ab
1412 2565 1530 2629 Aristo

341 2667 451 2753 gitone
474 2668 635 2743 γραφῆναι
656 2661 839 2741 ταρανίμιιι
861 2670 932 2750 post
952 2662 1185 2750 Chaeroneam,
1206 2673 1343 2732 caeteras
1363 2672 1532 2734 accusatio

340 2790 396 2834 nea
426 2788 489 2834 non
512 2774 665 2833 noverant
688 2771 762 2852 qnia
784 2771 943 2854 perierant
967 2773 1135 2838 orationes.
1182 2771 1245 2838 Sed
1264 2773 1444 2861 Hyperidae
1466 2778 1531 2860 ipse

340 2874 437 2960 probe
466 2874 543 2938 haec
574 2876 772 2940 meminerat.
820 2873 898 2955 Quis
922 2875 1109 2942 mortalium
1130 2879 1210 2944 scira
1233 2885 1357 2962 poterat
1382 2879 1467 2964 quod
1488 2880 1531 2946 lc

340 2982 430 3068 gitur
461 2999 535 3065 pag.
568 2977 642 3045 781.
678 2979 729 3044 16.
764 2980 808 3045 δύ’
835 2981 888 3053 ἔτη
913 2980 1062 3062 βιιίζεται
1088 2982 1193 3061 λέγειν
1217 2981 1301 3056 οὗτος
1320 3022 1363 3033 -
1383 2986 1479 3050 ἔπειτ’
1502 2987 1531 3050 ἔν

341 3085 457 3159 τούτοις
489 3088 540 3151 τὸν
571 3087 628 3162 μὲν
659 3087 857 3167 ταλαίπωρον
890 3087 1024 3162 Φωκίδην
1048 3087 1100 3153 καί
1124 3091 1175 3153 τὸν
1197 3091 1401 3169 χαλκοτύπον
1423 3091 1475 3154 τὸν
1499 3091 1531 3154 ἐκ

340 3197 486 3270 Πειραιῶς
518 3191 571 3255 καί
605 3193 656 3255 τὸν
683 3192 871 3272 σκυλόδεψον
895 3229 935 3240 ·-
956 3189 1039 3258 εἶδεν
1062 3195 1242 3268 οἰδικοῦντας
1267 3199 1323 3268 τίιν
1345 3193 1449 3274 πίλιν,
1477 3197 1530 3273 ε’μὲ

341 3296 368 3361 δ’
398 3299 458 3378 οὐχ
489 3297 565 3378 ἑώρα
596 3299 647 3364 τὸν
679 3299 788 3379 ῥήτορα
821 3294 1011 3378 ᾦέπολέμει
1034 3301 1101 3366 οὐδὲ
1125 3301 1177 3367 τὸν
1201 3307 1387 3380 Λυκοῦργον.
1434 3302 1530 3368 Erant

339 3403 376 3468 hi
398 3402 543 3468 homines
567 3409 632 3478 tam
656 3409 767 3470 tennes
790 3409 822 3470 et
846 3411 912 3469 tam
933 3405 1058 3470 obscuri
1079 3412 1116 3471 nt
1136 3410 1202 3493 ipse
1222 3406 1404 3494 Hyperides
1420 3428 1529 3474 eorum

339 3510 471 3573 nomina
500 3511 656 3574 memoria
687 3511 822 3574 retinere
854 3529 916 3574 non
948 3513 1099 3594 potuerit.
1147 3511 1225 3593 Quis
1256 3532 1410 3596 umquam
1439 3512 1529 3577 fando

338 3614 464 3680 audivit
488 3611 676 3693 Φιλοκράτην
697 3614 747 3678 τὸν
769 3615 953 3700 Ἐλευσίνιον
976 3618 1252 3702 improbissimum
1275 3619 1440 3684 hominem
1460 3619 1528 3683 Ari-

338 3721 507 3806 stogitonis
537 3715 635 3785 fuisse
665 3720 824 3786 fautorem
855 3725 887 3786 et
918 3719 1116 3787 adiutorem?
1144 3744 1218 3810 pag.
1246 3721 1322 3790 783.
1347 3723 1401 3788 21.
1450 3724 1525 3802 Quis

339 3831 463 3912 praeter
482 3828 566 3910 ipsos
589 3825 735 3910 aequales
760 3826 798 3891 de
822 3846 858 3891 eo
880 3826 1011 3893 homine
1027 3849 1183 3914 umquam
1204 3826 1385 3894 inaudivit?
1420 3827 1530 3916 Pergit

338 3931 520 4018 Hyperides
555 3951 666 3996 causas
700 3936 732 3996 et
765 3932 886 3998 iudicia
916 3936 1038 3998 nemini
1069 3939 1145 4000 nota
1175 3954 1424 3999 commemorare
1454 3953 1526 4020 pag.

340 4036 417 4106 784.
452 4034 586 4116 &aba
611 4039 678 4101 καθ’
710 4039 880 4114 Ἡγήμονος
907 4038 1115 4117 εἰσαγγελίαν
1138 4039 1296 4117 μέμνησαι
1320 4041 1358 4112 εἰς
1385 4038 1527 4105 οἰπέδστο·

338 4144 398 4216 τοίς
428 4142 514 4208 scra
546 4141 695 4217 Δημιίδου
725 4143 855 4223 γραΦοίς
887 4139 960 4208 οἷσθ’
990 4147 1028 4217 εἰς
1065 4143 1213 4221 ἐξέλιπεν.
1249 4143 1300 4208 τὸν
1338 4144 1527 4218 ἐλαιοπώλην

338 4247 505 4327 'aydam
537 4246 641 4328 (ταυτί
673 4248 735 4329 γιίρ
765 4249 817 4314 ταδ’
842 4247 954 4338 πρῴην)
985 4250 1064 4329 βοῶν
1087 4233 1140 4315 καί
1165 4250 1323 4329 κεκραγὼς
1343 4287 1387 4300 —-
1405 4252 1443 4322 εἰς
1469 4249 1529 4314 δέον

340 4353 488 4435 στρεβλοῦν
518 4353 626 4431 λαβὼν
656 4355 816 4430 ἰσιδιίποτε
841 4357 943 4435 παρὼν
966 4352 1012 4420 ὅτ’
1038 4356 1146 4437 ἠφίετο
1172 4355 1292 4439 ἄφωνος
1319 4353 1453 4433 ἐγένετο.
1478 4357 1527 4430 τίρυ

341 4460 426 4526 κατίι
447 4458 644 4538 Δημοκλέους
669 4461 879 4540 εἰσαγγελίαν
899 4461 1069 4535 οἰνασείσας
1090 4469 1144 4528 ποί
1161 4460 1306 4545 ἔτρεψενς
1330 4459 1418 4528 ἄλλα
1437 4459 1529 4543 μύρια
