3392 5186
722 341 786 410 365

257 537 398 624 χαίρετ’,Ι
427 532 492 597 ἐπεὶ
517 531 606 610 μέγα
629 532 745 611 χάρμα
768 528 855 594 σθλει
876 531 904 594 τ’
929 527 962 605 ἦν
987 532 1084 597 ταντθ
1106 555 1141 596 τε
1165 532 1261 613 δήμῳ.

150 644 187 706 et
214 640 337 728 Odyss.
363 643 388 705 θ.
416 638 492 704 311.

258 749 335 811 ἀλλ’
360 745 464 828 θψεσθ
489 741 539 808 θνα
561 742 643 820 τώγε
669 743 847 807 καθεύδετον
871 743 901 806 ἐν
926 741 1089 822 λεχέεσσιν

260 853 302 924 εἷς
327 851 390 928 ἐμοὶ
415 850 523 928 δέμνια
549 847 684 927 βάντες·
712 850 773 926 ε’γθι
798 851 824 914 δ’
849 849 935 927 θρθων
959 851 1140 930 ἀκάχημαι.

151 958 242 1042 quid
277 965 324 1024 est
353 962 487 1042 utroque
519 955 587 1021 loco
618 953 751 1024 θψεσθεθ
797 953 1019 1021 Futurumne?
1051 955 1119 1022 fieri
1150 977 1213 1020 nou
1241 963 1363 1041 potest:

153 1067 326 1130 sententia
345 1063 463 1128 clamat
481 1083 547 1127 esse
567 1063 769 1146 imperativum
791 1061 852 1126 ἴσον
872 1063 914 1141 τῷ
939 1063 952 1126 θ
955 1063 1038 1127 δετε
1063 1063 1237 1146 conspicite:
1252 1061 1364 1145 θψεσθε

154 1175 199 1236 ut
227 1171 352 1246 ἄξεσθε.
400 1168 486 1234 Olim
509 1169 569 1234 hoo
593 1172 794 1254 perspexerat
812 1167 1032 1245 Herodianus,
1053 1171 1088 1232 in
1107 1168 1294 1256 Etymolog.
1314 1169 1362 1233 M.

158 1275 257 1354 646,
285 1275 337 1340 19.
362 1278 397 1342 τὸ
422 1276 453 1341 δὲ
486 1274 662 1353 ,,θψεσθε
695 1281 824 1354 Τρῶες
856 1274 922 1338 καὶ
954 1273 1140 1354 Τρῳοθδες
1168 1257 1366 1353 ‘'Europa'’

158 1383 305 1451 ἕνεςῶτα
337 1377 417 1446 εἷναί
449 1387 543 1462 Φησιν
575 1380 855 1461 Ἡρωδιανθς-οθ
888 1380 951 1459 γθορ
982 1379 1173 1457 μαντεύεται
1196 1383 1271 1445 ἀλλ’
1294 1378 1364 1445 ἀντὶ

158 1491 221 1552 τοῦ
248 1488 386 1551 Ἴδετε.
411 1485 464 1550 καὶ
490 1487 605 1550 οιθλιν·

443 1591 519 1657 ἄλλ’
544 1591 649 1672 ὄψεσθ’
670 1589 718 1658 ἵνα
743 1593 826 1671 τώγε
851 1592 1041 1657 καθεύδετον.

214 1699 287 1778 Quo
329 1700 437 1763 minus
477 1697 603 1763 dubites
637 1697 795 1782 proferam
830 1700 974 1764 eiusdem
1008 1701 1193 1783 imperativi
1227 1698 1365 1764 alterum

161 1804 357 1890 exemplum
387 1807 421 1869 iu
450 1810 576 1870 vetusto
604 1804 719 1870 mendo
743 1805 944 1876 delitescens,
969 1804 1052 1870 unde
1076 1807 1205 1890 agnosci
1227 1824 1291 1869 nou
1310 1824 1364 1889 po·

161 1913 246 1976 tuit.
283 1910 377 1996 Apud
398 1909 600 1996 Hesychium
620 1915 684 1974 est:
706 1912 829 1990 Ὄψοι
854 1910 892 1975 δὲ
915 1909 1037 1989 βλέψον
1057 1907 1168 1989 θρασιν.
1205 1908 1364 1974 Emendat

159 2016 316 2096 Ὀψεοτ
341 2016 418 2093 ἰδέ,
443 2017 579 2095 βλέψον,
603 2011 668 2095 θρα.
715 2015 835 2080 Eodem
855 2015 950 2100 plane
972 2015 1068 2080 modo
1091 2013 1163 2094 θψεο
1191 2015 1367 2080 formatum

166 2127 221 2188 est
249 2128 342 2206 etque
364 2122 461 2200 βήοεο
486 2127 518 2187 et
542 2120 629 2186 δθσεο
653 2130 685 2185 et
709 2121 790 2186 duae
813 2121 933 2186 formae
956 2119 1028 2199 θψεο
1052 2126 1084 2186 et
1107 2119 1218 2199 θψεσθε
1241 2120 1295 2184 σὺν
1319 2119 1366 2185 δύ’

167 2228 328 2309 ἐρχομένω
357 2229 521 2293 certiorem
545 2225 640 2292 fidem
664 2229 942 2292 etauctoritatem
966 2227 1137 2292 habebunt.

217 2333 359 2400 Subnatc
383 2333 468 2397 mihi
490 2333 569 2398 olim
593 2334 731 2419 suspicio
754 2337 802 2397 est
823 2331 956 2397 alteram
977 2331 1367 2398 eiusdemmodi-formam

167 2443 205 2504 in
233 2438 348 2504 mendo
372 2438 471 2504 latere
494 2438 586 2503 Iliad.
611 2447 651 2501 Ψ.
678 2436 754 2502 263.

354 2546 425 2620 θῆκε
447 2552 585 2622 γυναῖκα
609 2541 743 2621 ἄγεσθαι
766 2543 915 2622 apopores
938 2541 1031 2624 εθργα
1054 2543 1166 2608 ειδνῖαν

356 2652 399 2732 τῷ
424 2655 542 2731 πρώτῳ.

221 2757 306 2822 Nam
335 2756 442 2822 hiatus
473 2756 602 2842 quidem
622 2754 678 2820 ille
699 2756 789 2821 nullo
813 2756 908 2821 modo
931 2755 1095 2820 ferendus:
1120 2757 1154 2819 in
1177 2755 1266 2819 tertio
1287 2753 1367 2839 pede

168 2871 247 2950 post
270 2863 462 2928 trochaicam
487 2881 650 2928 caesuram
674 2861 771 2927 habet
793 2861 916 2946 aliquid
940 2862 1167 2936 excusationis,
1187 2863 1222 2924 in
1240 2861 1366 2924 secundo

169 2989 238 3035 non
266 2970 356 3033 item.
403 2967 537 3053 Saepius
567 2969 671 3056 igitur
701 2969 842 3054 cogitavi
873 2967 912 3032 de
943 2969 1074 3050 antiquo
1098 2969 1214 3031 aoristo
1237 2963 1365 3040 θξέσθαι

169 3076 369 3164 reponendo,
392 3078 447 3142 sed
472 3076 589 3142 inclino
609 3095 693 3140 nunc
713 3076 818 3162 magos
837 3077 871 3138 in
893 3075 972 3140 hanc
991 3075 1182 3138 seutentiam
1202 3077 1239 3136 ut
1258 3073 1367 3136 rescri-

171 3186 287 3250 batur:
315 3181 389 3246 δῶκε
413 3183 535 3259 γυναῖκ’
560 3179 778 3257 ἈΓαγθσθαι,
804 3185 843 3244 ut
866 3183 914 3244 est
936 3177 1027 3243 Iliad.
1054 3186 1091 3240 Σ.
1117 3174 1172 3240 86.

357 3286 409 3352 εἷθ’
432 3286 544 3368 θψελες
568 3287 606 3351 σὺ
630 3288 686 3364 μὲν
710 3282 778 3352 αὖθι
801 3286 872 3363 μετ’
895 3285 1052 3364 σθθανιθτρς
1074 3282 1178 3364 οὶλθρσι

361 3393 474 3470 ναθειν,
499 3393 622 3468 Πηλεὺς
647 3392 677 3456 δὲ
702 3393 810 3467 θνιρτὶρν
832 3391 1013 3471 ἀγαγέσθαι
1038 3387 1164 3454 ἄκοιτιν.

752 3647 789 3712 L.

576 3853 621 3920 Ἦ
646 3863 739 3922 ΜΕΝ
764 3873 827 3920 uos
851 3850 869 3927 ἦ
891 3855 962 3931 μήν.

220 4021 312 4089 Iliad.
337 4033 376 4087 A.
403 4020 456 4088 76.

603 4128 641 4191 σὺ
663 4127 694 4190 δὲ
717 4125 820 4190 σθνθεο
843 4125 899 4189 καθ
919 4145 969 4201 μοι
989 4122 1117 4198 θμοσσον

311 4232 328 4310 ἦ
353 4243 446 4299 ΜΕΝ
470 4258 521 4312 μοι
546 4231 684 4313 πρθψρων
709 4230 826 4296 σε’σεσιν
851 4232 902 4294 καὶ
927 4228 1033 4309 χερσὶν
1058 4227 1188 4308 ἀρήξειν.

221 4339 385 4404 Bekkcrus
408 4333 426 4412 ἦ
450 4343 510 4417 μήν
535 4340 572 4406 de
597 4359 653 4404 suo
678 4338 846 4402 substituit
868 4356 970 4402 errore
994 4334 1174 4399 manifesto.
1207 4331 1364 4412 Quemad-

175 4446 309 4512 modum
333 4448 418 4511 cnim
441 4446 650 4511 Athenienscs
672 4463 800 4510 summa
823 4439 1132 4517 constantissimum
1156 4432 1174 4513 ἦ
1197 4437 1258 4518 μήν
1282 4438 1363 4503 dice·
