3410 5180
903 365 968 435 516

389 557 466 644 Pug.
495 553 572 622 577.
601 555 654 621 11.
681 555 772 638 ήκαί
799 565 912 635 γελοῖα
934 553 1011 623 εἶναι
1034 558 1078 622 τοὶ
1102 561 1151 622 νῦν
1176 553 1292 642 [οίμαι]
1317 555 1434 636 δοίκροα
1455 551 1531 620 sind-

344 685 403 733 τας
435 659 473 726 θον
504 665 599 727 αὐτοῦ
624 664 732 738 δοκοίη.
779 664 850 730 Non
875 669 991 749 exputo
1011 665 1094 730 unde
1118 665 1246 729 tandem
1269 664 1357 728 istud
1380 658 1466 740 οἶμαι
1489 664 1531 727 ir-

343 771 493 852 repserit,
526 769 581 833 sed
611 772 733 854 respuit
756 769 927 835 molestum
951 770 1084 836 verbum
1110 775 1142 835 et
1165 769 1227 834 looi
1250 770 1425 846 sententie,
1450 789 1531 854 quae

343 873 466 938 nuliam
491 874 639 953 εἰρωνείαν
667 876 831 954 admittit,
856 881 888 942 et
912 877 1170 962 perincommoda
1193 877 1299 960 sedes,
1323 877 1399 962 quie
1423 879 1532 941 aretis-

344 982 424 1045 sime
447 982 614 1046 coniuncta
633 982 675 1046 rot
696 987 745 1046 νῦν
765 981 883 1065 δοίκροα
902 985 1138 1068 perversissime
1158 983 1325 1070 disiungit.
1360 981 1533 1048 Omittitur

344 1080 430 1163 οἶμαι
462 1089 495 1152 in
528 1087 617 1153 libris
650 1088 793 1173 pauculis
817 1089 1002 1155 delecteris
1026 1089 1179 1166 alicuius,
1204 1095 1241 1154 ut
1265 1091 1388 1174 opinor,
1414 1091 1532 1154 eoniee-

343 1194 433 1270 turu,
456 1213 551 1278 quem
573 1194 701 1278 perinde
724 1199 762 1259 ut
784 1215 837 1260 me
859 1216 944 1261 nuno
967 1195 1151 1262 offendebat.
1199 1195 1281 1261 Vide
1302 1195 1386 1260 mihi
1409 1214 1533 1279 quoque

344 1318 441 1382 quam
471 1300 653 1383 importuno
684 1299 753 1365 loeo
785 1302 881 1366 αὐτοῦ
912 1303 955 1366 sit
985 1303 1227 1387 interpositum:
1258 1301 1309 1365 rot·
1333 1303 1384 1366 νῦν
1414 1297 1533 1378 δοὶκροα

345 1401 467 1476 εἰκότως
492 1403 530 1470 θον
554 1406 650 1469 αὐτοῦ
674 1405 783 1482 δοκοίη.
831 1407 915 1486 Quid
938 1409 965 1472 si
988 1406 1067 1474 olim
1089 1407 1204 1474 fuerit:
1229 1407 1271 1474 τοὶ
1295 1407 1391 1472 αύτοῦ
1415 1405 1533 1485 δοίκροα

345 1507 468 1582 είκθτιιη
492 1509 530 1576 θον
554 1509 661 1586 δοκοίη.

388 1719 469 1807 Peg.
495 1718 570 1787 577.
599 1719 652 1788 17.
679 1719 737 1791 ύςε
760 1723 811 1788 καί
836 1721 908 1802 πρὸς
933 1719 982 1797 οῦς
1006 1721 1100 1801 μηδέν
1125 1723 1173 1792 έςί
1196 1747 1240 1788 σοι
1266 1726 1401 1802 προῦημα
1426 1730 1533 1788 λυπεῖ-

347 1827 416 1891 σθαι
438 1829 493 1902 τήν
516 1830 571 1902 τήν
595 1829 773 1908 θρασύτητα
796 1830 849 1895 καί
874 1832 976 1912 φωνήν
1001 1829 1052 1894 καί
1078 1831 1112 1896 πθ
1139 1831 1218 1915 [σῦν]
1243 1836 1358 1909 σχήμα
1382 1829 1434 1893 καί
1462 1828 1533 1901 τοὺς

344 1933 442 2021 [τοὺς]
476 1935 656 2008 ἀκολούθους
679 1935 730 2001 καί
756 1941 889 2002 πλοῦτον
913 1936 965 2000 καί
992 1933 1076 2015 ύβριν
1099 1936 1293 2014 θεωροῦντας.
1341 1935 1532 2001 Rectissime

347 2037 452 2106 Codex
484 2039 507 2105 8
538 2040 589 2105 σύν
621 2044 762 2128 omittit3
795 2042 946 2108 similiter
976 2062 1021 2126 sq.
1054 2043 1124 2115 σούς
1154 2042 1359 2108 eximendum
1389 2045 1448 2106 est.
1497 2039 1534 2105 In

347 2145 466 2213 talibus
489 2150 578 2212 εονοιοί
598 2167 770 2234 pronomen
792 2149 1005 2234 possessivum
1029 2168 1145 2233 ponere
1167 2149 1323 2212 usitatum
1348 2153 1405 2212 est.

391 2359 471 2446 Peg.
505 2355 580 2423 578.
614 2357 646 2424 8.
679 2362 784 2423 τοῦτον
808 2357 855 2422 αἰεί
881 2361 1048 2437 πανταχοῦ
1073 2357 1147 2428 θεοῖς
1171 2356 1277 2436 ἐχθρὸν
1300 2357 1350 2420 καί
1376 2355 1532 2436 βδελυρθν.

346 2465 391 2529 Ut
422 2463 535 2530 Latine
564 2486 675 2548 semper
706 2471 734 2528 οί
762 2463 886 2548 ubique,
911 2463 957 2527 sio
980 2459 1100 2528 Graece
1122 2463 1171 2528 ύεί
1196 2462 1248 2528 καί
1273 2467 1441 2544 πανταχοῦ
1465 2481 1534 2527 mos

344 2576 392 2638 est
416 2571 530 2636 dicere.

392 2779 471 2866 Peg.
506 2775 582 2843 578.
607 2777 660 2842 20.
686 2779 737 2842 τὸν
762 2775 809 2844 οὖν
834 2777 884 2842 ἐπί
909 2778 1026 2852 ταύτης
1050 2785 1105 2852 τῆς
1130 2775 1342 2859 ὑπερηφανίας
1368 2776 1459 2852 έντα,
1485 2781 1535 2841 νῦν

348 2884 386 2951 θον
417 2885 572 2965 ύποΦύγη
603 2885 636 2951 τί
665 2885 799 2958 ποιήσειν
822 2883 934 2960 οίεσθε;
959 2883 1047 2950 Male
1069 2885 1147 2949 haee
1170 2884 1273 2950 divisa
1296 2887 1380 2948 sunt.
1428 2883 1533 2972 Lege:

347 3032 388 3043 —
407 2991 481 3057 ὄντα
512 2996 579 3068 νῦν,
612 2989 650 3056 θον
680 2991 835 3073 ύποφύχη
866 2990 899 3056 τί
932 2990 1065 3064 ποιήσειν
1101 2989 1213 3066 οίεσθε;
1250 2988 1414 3054 Sententia
1448 2991 1534 3052 enim

345 3099 515 3166 manifesto
545 3098 622 3162 huso
654 3103 718 3162 est:
750 3097 801 3161 τὸν
833 3103 883 3163 νῦν
912 3093 1004 3169 οῦτως
1028 3097 1219 3176 ὑπερήφανον
1243 3095 1333 3179 ὄντα,
1357 3095 1390 3160 τί
1412 3093 1534 3175 ύποφυ-

345 3203 444 3285 χύντα
468 3206 602 3279 ποιήσειν
624 3202 740 3280 οίεσθε;

390 3417 470 3505 Peg.
505 3413 581 3480 579.
614 3411 668 3478 28.
701 3413 756 3491 ἐμέ
784 3361 878 3480 οίεσθε
910 3417 982 3492 ὑμῖν
1009 3414 1161 3490 είσοίσειν,
1189 3414 1276 3490 ὑμεῖς
1301 3411 1331 3477 δέ
1356 3412 1531 3490 νεαεῑσθαι;

347 3524 401 3603 ἐμὲ
426 3521 550 3608 [οίεσθε]
575 3521 826 3604 τριηραρχήσειν,
852 3522 940 3599 ὑμεῖς
963 3521 989 3585 δ’
1015 3522 1067 3585 ούκ
1086 3520 1294 3598 έμβήσεσθαι;
1318 3519 1437 3584 Resees
1457 3517 1533 3583 alte·

345 3651 418 3696 rum
441 3629 535 3694 oiseis
558 3625 643 3693 mele
667 3629 848 3710 repetitum.
896 3625 945 3694 Of.
968 3647 1042 3714 psg.
1068 3623 1143 3690 580.
1169 3623 1200 3690 9.

390 3840 470 3926 Peg.
505 3837 582 3903 580.
617 3841 646 3902 l.
671 3838 784 3903 τοιαῦθ’
808 3835 934 3919 ὑβρίζων
958 3837 1010 3902 καὶ
1034 3837 1090 3910 τήν
1112 3834 1174 3900 aiud
1198 3843 1254 3910 τῆς
1277 3841 1394 3917 ψυχῆς,
1410 3837 1532 3914 πικρίαν

345 3946 398 4012 καὶ
424 3944 598 4021 κακθνοιαν,
623 3935 656 4017 ήν
680 3943 765 4010 κατοὶ
786 3949 844 4009 σῦν
869 3949 989 4008 πολλῶν
1010 3943 1093 4020 ύριῦν
1112 3941 1193 4021 ἔχων
1213 3943 1322 4023 οὶφκνή
1342 3944 1414 4021 παρ’
1434 3942 1532 4023 ἑαυτοῦ

345 4053 558 4136 περιέρχεται,
591 4051 730 4134 Φαιερίον
761 4049 811 4114 ἐπί
844 4054 897 4114 τοῦ
921 4053 1024 4129 καιροῦ
1048 4046 1188 4119 καθιςοίς.
1237 4045 1325 4113 Male
1347 4047 1425 4113 haec
1449 4069 1532 4115 oom-

341 4162 445 4247 posits
476 4181 542 4225 esse
573 4159 673 4224 vides.
723 4159 878 4242 Suspenso
905 4159 980 4220 sunt
1003 4156 1171 4240 partieipia
1195 4152 1322 4233 ὑβρίζον
1346 4157 1378 4218 ei
1401 4153 1531 4229 καθιςοίς

343 4287 400 4331 nee
430 4286 491 4349 quo
522 4263 698 4330 referantur
727 4265 846 4329 habent
913 4262 1024 4347 Neque
1059 4267 1131 4347 apte
1166 4260 1301 4326 verbum
1335 4259 1532 4341 περιέρχεται

343 4372 549 4457 coniungitur
569 4391 644 4436 oum
668 4371 789 4448 πικρίαν
812 4369 865 4434 καί
889 4367 1048 4434 κακόνοιαν
1072 4366 1162 4450 ἔχων.
1198 4367 1246 4432 Ex
1266 4368 1335 4451 ipsa
1353 4361 1400 4432 rei
1418 4374 1532 4438 natura

341 4475 535 4557 περιέρχεται
568 4497 641 4542 oum
676 4475 802 4558 ὑβρίζων
830 4477 1034 4542 eoniunetum
1065 4476 1162 4540 fuisse
1193 4473 1399 4561 intelligitur.
1452 4477 1531 4557 ρεια-
