3392 5186
791 391 855 464 401

285 586 341 661 την
363 581 447 667 ἄρετ’
468 586 504 650 ἐκ
528 584 676 651 Τενέδοιο.
701 595 742 652 A.
768 584 847 652 625.

284 689 393 756 ἀέθλια
418 691 526 758 τοοτὶν
550 691 665 773 ἀροντο.
686 702 714 780 i.
742 690 815 758 124.

283 796 369 868 κλέος
395 798 566 879 -ἀροθμην,
590 808 628 864 Σ.
656 796 736 863 121.

282 903 368 977 αὖθις
392 902 481 986 ἄροιο.
507 914 546 969 Δ.
572 903 626 970 95.

280 1008 367 1081 κῦδος
390 1007 501 1090 ἄροιτο.
528 1019 563 1075 Ε.
588 1009 620 1076 3.

278 1115 426 1196 ἀροόμεθά
450 1139 486 1180 ιιε
508 1114 595 1189 caios
619 1113 736 1184 ἐσθλόν,
765 1125 798 1182 θ.
824 1114 904 1185 273.

279 1221 366 1294 κῦδος
388 1219 490 1303 ἀρηαι.
515 1232 555 1288 Π.
581 1220 635 1288 84.

277 1323 326 1392 ἵνα
351 1363 371 1378 -
393 1328 499 1406 μισθὸν
522 1326 645 1410 ἀρηται.
670 1335 718 1393 Μ.
743 1326 819 1393 435.

277 1429 313 1498 ἵν’
336 1432 494 1516 ὑπέρτερον
517 1429 609 1514 εὖχος
632 1433 752 1515 ἄρησθε.
776 1444 818 1500 A.
842 1432 920 1501 290.

276 1535 366 1620 εὖχος
390 1539 524 1622 ἀρέσθαι.
549 1550 581 1609 Ξ.
608 1539 686 1607 365.

275 1645 361 1720 κῦδος
385 1646 518 1728 ἀρέτθαι.
542 1656 589 1712 Μ.
615 1643 692 1714 407.

274 1752 361 1826 κῦδος
385 1752 485 1833 ἀρέσθ’
509 1754 559 1818 θινὶ
585 1752 682 1818 νανοό.
708 1764 745 1818 Σ.
771 1753 849 1821 294.

228 1862 260 1923 et
282 1857 404 1924 eimiiie
424 1859 475 1924 his
497 1862 698 1945 reperiuntur
719 1862 848 1946 passim.
896 1859 958 1926 Sed
981 1859 1102 1926 fectum
1126 1865 1174 1926 est
1196 1865 1269 1946 post
1295 1859 1415 1927 Home

226 1966 326 2029 ricem
350 1970 486 2030 oetatem
509 1971 547 2030 ut
569 1967 604 2030 in
626 1966 735 2031 Attica
756 1967 845 2046 ἀείρω
865 1968 899 2030 in
918 1965 990 2046 αἴρω
1012 1967 1248 2032 contraheretur
1267 1972 1299 2032 et
1320 1970 1414 2034 aoris-

227 2074 279 2134 tus
302 2076 384 2137 esset
405 2068 479 2152 ἄρα,
505 2065 598 2150 ἀραι,
620 2069 718 2150 ἄρας,
743 2077 775 2137 et
797 2075 832 2136 in
854 2072 957 2137 forma
978 2073 1086 2137 medio
1104 2073 1241 2152 ἦράμην,
1260 2074 1412 2154 ἀραθμην,

226 2173 376 2256 ἄρασθαι,
408 2176 569 2256 ἀράμενος.
617 2173 700 2241 Oum
732 2177 782 2242 his
811 2179 913 2264 igitur
942 2177 1052 2242 formis
1074 2176 1263 2244 Homericae
1285 2181 1414 2245 misceri

225 2288 257 2348 et
278 2285 455 2368 permutari
475 2288 619 2368 coeptae,
640 2283 698 2348 ubi
715 2304 779 2348 una
799 2282 917 2350 vocalis
937 2282 1106 2350 discrimen
1126 2283 1270 2349 faciebat.
1296 2283 1412 2365 Quem-

225 2388 398 2454 admodum
421 2385 570 2455 Graeculi
588 2389 723 2469 εθράμην
742 2393 775 2455 at
794 2387 979 2471 ἀφειλάμην
999 2388 1189 2453 dictitabant
1207 2409 1263 2474 pro
1283 2389 1412 2470 εὑρόμην

224 2499 256 2560 et
278 2496 474 2575 ἀφειλόμην,
499 2495 543 2559 sic
567 2496 760 2579 antiquiores
783 2515 839 2580 pro
863 2495 976 2561 formis
998 2497 1135 2562 vetustis
1158 2493 1306 2582 ἠρόμεθα,
1325 2497 1410 2578 ἤρετο

223 2602 295 2666 eim.
319 2602 443 2666 Atticas
466 2601 623 2684 ἠρόμεθα,
648 2600 739 2680 ἤρατο
763 2601 1004 2666 substituerunt.

265 2705 482 2772 Eximendum
504 2709 607 2794 igitur
630 2711 678 2770 cst
699 2706 759 2772 hoc
780 2709 900 2774 vitium
922 2727 961 2772 ex
983 2707 1034 2772 his
1056 2705 1192 2775 Homeri
1214 2707 1309 2774 locis:

267 2823 301 2879 Γ.
328 2811 405 2881 373.
428 2810 565 2878 ἀστετον
588 2811 681 2893 ἤρατο
705 2812 803 2884 κῦδος.

268 2929 302 2988 Ξ.
327 2917 404 2983 510.
427 2915 580 2998 βροτόεντ’
602 2915 773 2998 ἀνδράγρια
797 2917 932 2998 -θρατο,

267 3035 303 3090 Σ.
332 3021 407 3089 165.
431 3021 568 3088 ἀττετον
590 3022 681 3104 ἤρατο
705 3023 805 3098 κῦδος.

268 3141 303 3196 Χ.
329 3128 406 3195 393.
430 3127 568 3211 ἠρόμεθα
591 3127 682 3207 μέγα
704 3129 803 3202 κῦδος.

267 3235 292 3300 δ.
319 3232 395 3302 107.
418 3231 485 3300 ἄντ’
509 3234 661 3308 Ὀδυσεὺς
685 3233 822 3313 ἐμόγησε
846 3234 898 3300 καὶ
923 3235 1026 3316 ἤρατο.

267 3366 291 3407 ν.
320 3340 396 3410 137.
420 3342 530 3423 Τροθης
553 3341 692 3422 ἐξήρατο.

267 3475 297 3513 ω.
324 3448 377 3513 33.
401 3447 490 3527 μέγα
514 3446 601 3520 ιιλόος
626 3447 693 3527 ἤρα’
716 3444 843 3511 inicos.

267 3557 376 3620 Attica
393 3557 479 3620 enim
499 3554 602 3619 forma
621 3552 739 3633 ηράμην
758 3552 873 3636 ιιιοοορό
893 3552 996 3640 (utin
1017 3547 1299 3635 triumuiratum)
1317 3549 1410 3636 plane

223 3661 347 3728 diversa
364 3662 402 3727 ab
414 3659 587 3726 Homerico
599 3663 715 3726 acrisio
728 3657 840 3738 ἠρόμην
852 3679 891 3724 ex
903 3658 953 3723 hie
966 3657 1115 3724 omnibus
1125 3656 1205 3723 locis
1216 3655 1410 3741 expellenda.

267 3767 416 3833 Atticum
441 3767 513 3848 αθριι
537 3786 599 3832 non
622 3768 689 3830 sine
712 3767 889 3851 suspicione
912 3765 1002 3829 ιειιιαό
1023 3764 1107 3850 apud
1129 3761 1307 3828 Homerum
1326 3781 1411 3828 oom-

221 3880 311 3960 paret
330 3885 363 3938 Ρ.
389 3870 465 3939 724.

448 3979 486 4052 ὥς
510 3977 634 4044 εεόόοντο
658 3977 742 4042 νόιιον
767 3977 960 4057 αἴροντας
983 3975 1146 4058 Ἀχαιούς.

736 4181 899 4249 LXXVH.

692 4351 765 4400 mol
787 4351 943 4399 mamm

271 4505 341 4586 Quo
372 4505 497 4590 saepius
526 4503 657 4588 antique
688 4502 829 4568 carmina
860 4499 981 4580 Ionica,
1016 4520 1095 4586 quae
1124 4499 1259 4567 Homeri
1284 4505 1413 4570 nomine

1227 4606 1260 4654 ιι
