3404 5192
748 401 813 472 289

183 592 286 678 Φάνης
309 594 395 673 μετά
419 598 472 658 τοῦ
497 602 534 678 c,
559 598 592 661 et
615 596 661 659 sio
683 596 803 661 iterum
825 596 866 660 ad
889 617 935 663 vs.
961 593 1038 663 270.
1063 615 1187 682 repone.
1222 595 1257 662 Si
1275 596 1372 664 Zeno·

183 703 276 767 dotea
306 703 418 766 fuisset
446 699 542 766 lectio
573 702 754 778 οἰμύμονλο
785 704 819 765 in
851 701 986 768 Scholiis
1015 701 1194 788 legeretur:
1228 705 1245 778 η
1277 703 1371 778 διπλῆ

182 807 400 888 περιεστιγμένη
420 803 464 872 ὅτι
488 806 648 881 Ζηνύδοτοτ
667 805 785 888 γράφει
805 809 869 872 ari.
918 808 997 873 Vide
1016 809 1098 872 milri
1117 830 1201 873 nunc
1220 809 1254 872 in
1273 828 1371 894 quan·

181 922 253 983 tum
284 936 422 982 errorem
454 935 486 979 ss
518 912 716 999 implicuerit
745 912 778 978 la
808 911 932 991 Roche,
965 933 1027 998 quo
1056 913 1178 978 iudice:
1217 961 1234 990 „
1236 914 1370 999 fallitur

179 1023 369 1090 Aristander
390 1020 565 1085 Aristarcho
586 1017 778 1096 άμύμινα
802 1017 965 1084 ύιάύιιαινι.”
999 1018 1110 1104 ltaque
1132 1039 1216 1084 nunc
1239 1020 1370 1105 quidem

180 1129 403 1196 Aristarchum
435 1126 572 1192 ιίναίτιον
603 1123 793 1202 αἰτιάιινται,
821 1125 878 1190 sed
899 1131 1008 1191 contra
1029 1129 1171 1213 graviter
1192 1125 1299 1212 lapsus
1322 1130 1371 1192 est

180 1236 291 1322 Odyss
319 1243 353 1298 Γ.
377 1231 455 1298 246.
477 1233 535 1297 ubi
557 1233 691 1296 retinuit
712 1229 884 1297 lectionem
907 1237 1066 1297 veterem:

360 1335 439 1403 ὥστε
461 1361 511 1417 μοι
535 1334 730 1401 άύανάτΟΙΟ
754 1335 935 1402 ἰνδάλλεται
959 1337 1165 1418 εἰσοράασθαι.

179 1451 284 1534 spreta
313 1465 388 1511 vera
410 1446 567 1528 scriptura
589 1444 627 1508 ab
651 1443 862 1529 Aristophane
884 1449 1008 1529 reperta
1030 1442 1221 1508 άύάνατοο.
1267 1441 1368 1509 Metti

177 1554 265 1620 labes
294 1556 366 1638 post
396 1550 549 1615 amissum
581 1549 731 1625 δι’ναμμα
761 1551 893 1615 vitiosas
915 1550 1087 1634 scripturas
1110 1550 1262 1635 pariebat.
1309 1548 1368 1613 he-
1417 1541 1420 1548 ’

177 1660 296 1748 gabant
313 1663 422 1723 tamen
441 1675 551 1721 omnes
572 1653 665 1720 Iliad.
686 1664 727 1720 Ψ.
748 1653 824 1719 460.
844 1655 941 1729 ύλλος
962 1655 988 1719 δ’
1008 1655 1153 1736 ύνίοχΟΟ
1171 1654 1365 1721 ἰνδάλλεται.

176 1763 252 1830 Sine
275 1784 370 1829 causa
392 1761 563 1828 haerebant
584 1782 722 1845 namque
745 1761 825 1826 olim
849 1762 969 1827 fixerat:

357 1866 415 1939 άςε
438 1891 488 1946 μοι
512 1864 666 1940 άύάνατος
690 1866 886 1933 ειηδάλλεται
910 1868 1117 1949 εἰσοράασθαι.

177 1983 209 2043 et
232 1975 328 2049 ἄλλος
351 1975 378 2039 δ’
401 1973 519 2054 dulcare
541 1972 753 2048 εινδάλλεται,
779 1979 811 2038 et
835 1972 947 2059 Odyss.
967 1996 996 2038 τ.
1022 1972 1099 2038 224.

357 2079 445 2146 άλλύι
468 2079 522 2145 καί
546 2074 583 2151 ὦς
606 2077 690 2160 reple
713 2075 750 2151 ύς
774 2101 826 2157 μοι
849 2077 1045 2144 ιινδάλλεται
1069 2078 1149 2162 ἦσαν.

176 2195 208 2256 st
230 2187 320 2255 lliad.
346 2197 379 2252 P.
403 2183 481 2253 213.
505 2185 625 2251 Hector

356 2291 401 2370 βῆ
424 2293 463 2373 βα
485 2292 575 2371 μέγα
599 2291 730 2370 ιιάχοιν,
753 2292 928 2356 εινδαλλετο
952 2290 984 2356 δέ
1007 2296 1096 2374 σφισι
1120 2296 1199 2357 τοῖσι

356 2398 484 2478 τεύχεσι
508 2396 710 2474 λαμπόμενος
736 2397 922 2475 μεγαθύμου
946 2397 1125 2473 Πηλεΐωνος.

174 2507 232 2573 ubi
249 2507 380 2591 antiqua
398 2507 554 2590 scriptura
570 2509 637 2568 erat
657 2503 858 2582 λαμπύμενος
880 2503 1060 2578 Πηληιάδεω
1073 2506 1238 2585 Ἀχιλῆος,
1251 2506 1363 2571 deinde

174 2612 308 2700 vulgata
329 2616 377 2676 est
399 2615 539 2695 recepta,
561 2611 617 2676 sed
642 2617 754 2676 neutra
777 2611 960 2676 Aristarcho
976 2611 1183 2697 probabatur,
1201 2613 1256 2697 qui
1275 2615 1363 2676 retus

174 2717 347 2783 τινὸάλλετο
378 2737 444 2782 esse
473 2717 560 2782 idem
591 2717 676 2802 quod
705 2714 807 2798 ἐῴκει,
838 2718 937 2793 ὁμοῖος
969 2713 1002 2791 ἦν
1032 2722 1083 2798 (ut
1109 2719 1144 2782 in
1167 2716 1362 2783 άύανάτΟΙΟ

173 2822 380 2910 εινδάλλεται)
411 2825 563 2910 genitivis
587 2823 712 2889 dativos
734 2824 901 2908 supposuit
924 2822 1099 2888 restrictam
1124 2861 1165 2872 -
1187 2822 1362 2905 μεγαθύμῳ

174 2931 333 3006 Πηλεΐωνι.
376 2929 474 2995 Recte
503 2950 555 2995 me
577 2929 683 2995 iudice
706 2934 738 2994 et
761 2929 981 3014 Aristophanis
1004 2932 1161 3014 scriptura
1183 2929 1362 2995 άίάνατοῦ

172 3037 367 3104 ειηδάλλεται
398 3041 525 3120 recepta
556 3039 620 3120 est,
652 3040 684 3100 at
706 3033 907 3100 Aristarchus
929 3034 1103 3116 μεγαθύμῳ
1127 3035 1274 3108 Πηλεΐωνι
1298 3055 1361 3100 non

173 3149 222 3211 est
243 3146 380 3229 receptu.

726 3451 809 3519 XIV.

461 3674 505 3730 01
527 3670 1076 3731 METAXAPAKTHPICANTec.

219 3877 309 3943 Libri
332 3881 470 3954 veteres,
494 3875 579 3942 unde
600 3874 778 3942 &nodutus
800 3877 925 3962 primus
947 3877 1093 3940 omnium
1113 3895 1206 3942 suam
1226 3875 1362 3942 Homeri

172 3983 320 4063 laetodorus
352 3985 569 4060 concinnavit,
601 3985 722 4047 exarati
757 3986 846 4047 erant
880 3980 1067 4063 γράμμασιν
1103 3981 1258 4054 ’Δττιιιιίς
1292 3984 1361 4050 sive

174 4092 355 4173 άρχαίιιιίς,
388 4087 537 4175 qualibus
559 4088 767 4154 Athenienses
790 4092 863 4152 ante
885 4084 1054 4153 Euclidem
1076 4088 1111 4150 in
1134 4088 1223 4151 omni
1243 4095 1362 4175 penore

174 4199 438 4264 documentorum
469 4195 654 4278 utebantur,
686 4213 827 4278 quasque
856 4197 928 4278 post
958 4197 1117 4277 receptam
1146 4190 1361 4259 litteraturam

172 4303 315 4371 Ionicum
339 4305 356 4379 ἡ
381 4300 507 4367 παλαιά
530 4302 739 4380 γραμματική
763 4304 819 4364 aut
840 4299 857 4374 ri
882 4297 1005 4379 άρχαία
1024 4299 1234 4378 γραμματικά
1255 4299 1361 4386 appel·

172 4410 234 4477 lari
256 4409 411 4476 solebant.

219 4515 396 4582 Zenodctus
423 4519 525 4601 rgrtur
555 4534 656 4598 quum
685 4513 728 4578 τά
760 4511 894 4577 Ἀττικά
919 4508 1101 4592 γράμματα
1124 4512 1363 4579 transscriberet

1190 4620 1219 4666 ra
