3404 5192
766 377 831 454 297

203 571 309 642 Nares
331 579 406 643 vino
429 577 560 643 onustae
582 597 645 642 non
668 579 862 663 appulerant,
887 578 942 643 sed
965 576 1023 644 illo
1047 578 1117 663 ipso
1129 574 1283 664 'temporo
1302 600 1394 662 appu-

204 683 322 748 lerant:
346 700 414 748 uum
436 699 519 747 vano
545 679 614 768 (ἔνθ’
638 681 712 768 ἄρα)
739 688 929 749 eonaurrunt
952 704 1061 750 omnes
1083 686 1198 750 vinum
1220 686 1346 750 emtori.

249 890 351 957 Utin
374 890 525 972 ἑνρνοχόει
550 889 635 956 male
658 889 755 978 longa
778 890 898 956 voeolis
921 894 1039 979 scripta
1063 895 1111 958 est
1134 913 1191 978 pro
1213 892 1320 972 brevi,
1350 894 1395 958 sie

203 1001 237 1063 et
258 1000 293 1062 in
316 993 430 1078 τῴκεον.

249 1127 269 1168 ι.
296 1102 372 1169 200.
398 1100 480 1184 spiare
505 1100 568 1182 γὰρ
592 1103 622 1166 ἕν
645 1099 741 1168 ἄλσεϊ
763 1101 942 1182 δενδρήεντι.

249 1220 282 1279 Ξ.
308 1208 383 1275 116.
407 1206 510 1289 ιῴκεον
535 1208 562 1272 δ’
586 1208 617 1271 ἒν
640 1214 803 1287 Πλευρῶνι.

248 1324 286 1379 Τ.
311 1313 390 1381 218.
416 1312 565 1394 ὑπωρείας
588 1309 691 1394 ιῷκεον
715 1313 925 1387 πολυπίδακος
944 1313 1039 1389 Ἴδης.

247 1443 267 1486 ι.
291 1419 367 1485 400.
391 1417 495 1502 τῷκεον
518 1421 550 1484 έν
572 1419 733 1494 απήεττιν.

246 1538 280 1592 Β.
305 1525 381 1592 668.
405 1526 519 1608 τριχθὰ
543 1525 574 1591 δὲ
598 1524 722 1608 oriundas
747 1525 984 1608 καταφυλαδόν.

199 1631 382 1712 ἐγέγραπτο
406 1634 436 1698 ἕν
460 1639 524 1704 τοῖο
548 1639 695 1705 παλαιοῖς
721 1642 832 1711 ΟΙκει,
861 1643 991 1709 ΟΙκεον,
1017 1634 1165 1709 ΟΙκηήεν,
1191 1632 1274 1718 quod
1302 1634 1394 1700 unico

199 1760 313 1806 vorum
336 1744 393 1806 sat.

245 1950 358 2016 Restat
376 1951 410 2015 in
433 1949 613 2016 Homericis
634 1970 737 2014 unum
761 1949 914 2036 mendum
938 1970 976 2014 ετ
1000 1949 1111 2014 eadem
1135 1949 1316 2016 confusione
1339 1972 1393 2015 na·

200 2061 289 2122 tum:
323 2057 354 2120 ἒν
376 2063 439 2129 τοῖς
464 2055 616 2129 Ἀττικοῖς
641 2055 811 2135 γράμματι
835 2054 945 2120 littera
970 2063 997 2118 0
1022 2059 1080 2120 aut
1103 2075 1159 2140 pro
1184 2063 1240 2120 OT
1264 2057 1395 2140 ponitur

200 2167 239 2228 ut
270 2165 304 2226 in
329 2170 515 2228 ToneMo
541 2164 598 2226 uuo
620 2181 677 2245 pro
702 2170 736 2224 o
762 2165 800 2225 us
822 2162 856 2224 in
879 2167 1110 2225 sumemus.
1158 2156 1295 2226 confines
1317 2160 1394 2225 haee

201 2273 295 2352 sunt,
319 2272 357 2334 ut
380 2270 537 2354 suspicor,
562 2269 596 2331 in
621 2265 733 2353 Odyss.
758 2281 788 2330 λ.
815 2263 892 2331 298.
917 2271 949 2330 et
973 2289 1006 2332 ω.
1036 2262 1110 2330 199.

382 2373 434 2438 καὶ
459 2373 563 2448 Λήδην
586 2371 677 2438 τεῖδον
700 2372 755 2446 τήν
780 2371 976 2452 ΤννδαρέΟΤ
1001 2369 1191 2451 παράκοιτιν.

382 2481 443 2560 οὐχ
465 2481 503 2552 ῶς
526 2477 722 2558 ΤννδαρέΟΤ
748 2478 838 2558 κούρη
862 2477 947 2542 κακοὶ
971 2477 1095 2554 μήσατο
1119 2475 1221 2555 ripa.

246 2585 324 2650 Erat
345 2588 379 2650 in
401 2584 494 2651 libris
517 2585 678 2650 veteribus
701 2592 956 2662 TTNAAPeo,
981 2583 1077 2668 idque
1100 2580 1276 2662 ΤννδιέρεΩ
1297 2583 1393 2648 scribi

201 2691 369 2769 debuerat,
400 2694 439 2755 ut
469 2695 649 2756 constanter
679 2691 718 2755 ab
749 2691 867 2755 Atticis
895 2691 996 2775 podiis
1019 2687 1205 2753 notissimus
1224 2688 1316 2752 heros
1339 2708 1393 2774 ap·

200 2793 349 2882 pellatur.
392 2794 553 2861 Homerus
577 2797 675 2861 otiam
696 2797 731 2860 in
754 2795 806 2861 bis
828 2795 940 2860 formis
962 2815 1037 2860 oum
1062 2794 1186 2859 eivibus
1207 2795 1273 2858 suis
1296 2794 1393 2859 Athe-

199 2903 364 2968 niensibus
384 2904 549 2988 conspirat.
575 2900 621 2966 Ut
639 2903 674 2967 in
693 2902 803 2966 Attius
822 2903 1001 2986 promiscue
1014 2899 1175 2971 Μενέλαοι
1188 2903 1221 2965 et
1232 2898 1392 2972 Μενέλεως

202 3007 334 3085 dieitur,
370 3010 416 3073 sie
449 3011 483 3072 in
513 3005 626 3094 Odyss.
659 3029 688 3071 ν.
720 3005 797 3071 321.
829 3029 866 3086 χ.
898 3004 975 3072 212.
1001 3003 1077 3073 327.
1103 3009 1151 3070 est
1175 3007 1393 3086 Δαμαεοριδης

201 3113 377 3191 ’Δγέλαοι,
401 3113 455 3179 sod
479 3112 517 3178 de
541 3112 652 3179 eodem
675 3135 713 3194 χ.
740 3110 815 3176 131.
841 3109 974 3177 61247.
1000 3111 1135 3176 dieitur:

542 3217 654 3290 τοῖς-δ’
681 3218 838 3296 Ἀγέλεως
862 3217 1048 3295 μετέτειπεν.
1080 3223 1085 3232 ’

201 3325 323 3392 similia
351 3329 425 3390 sunt
455 3324 632 3400 Πηνέλεως,
664 3323 821 3400 Πηνέλεων
855 3324 909 3410 (Ν.
947 3322 1015 3409 92.)
1054 3315 1210 3396 Πηνελέωο
1245 3320 1392 3397 τήνακτος

202 3437 248 3513 (Ξ.
275 3428 366 3510 489.)
388 3435 421 3496 ot
444 3442 476 3495 B.
503 3426 578 3496 572.
603 3430 664 3503 υἱὸς
688 3435 808 3496 Πετεῶο
833 3431 1016 3502 Μενεσθεύς.
1042 3433 1075 3494 et
1099 3437 1138 3493 Δ.
1164 3425 1239 3495 327.

428 3532 487 3617 εὗρ’
510 3536 572 3601 οἷὸν
596 3542 717 3602 Πετεῶο
742 3538 906 3609 Μενεσθῆα
931 3534 1121 3611 πλήξιππον.

246 3641 283 3707 In
306 3640 464 3715 Πηνέλεως
486 3645 553 3707 erat
576 3642 684 3728 aliqua
702 3639 849 3708 lectionis
868 3642 1096 3727 discrepantia:
1116 3643 1151 3706 in
1170 3639 1284 3705 multis
1302 3639 1395 3706 libris

202 3753 250 3816 ost
282 3758 315 3816 Ξ.
347 3746 425 3813 489.
457 3747 632 3826 Πηνελέοιο,
667 3753 699 3814 ot
730 3747 769 3813 ad
802 3756 843 3813 N.
875 3745 929 3812 92.
955 3750 1140 3812 annotatur:
1172 3746 1393 3821 Πηνέλεωνι

202 3855 253 3920 διὰ
283 3857 336 3919 τοῦ
368 3863 395 3919 0
420 3852 624 3934 Ἀριςοφάνης
649 3851 842 3928 ΠηνέλεΟΝ.
877 3853 950 3920 Non
973 3857 1022 3918 est
1044 3849 1112 3916 ulla
1135 3850 1296 3917 dubitatio
1317 3853 1395 3938 quin

202 3960 265 4026 sibi
294 3960 520 4045 Aristophanes
551 3962 586 4024 in
617 3979 654 4025 so
689 3962 818 4025 nomine
855 3959 1019 4024 s'eribsudo
1055 3959 1250 4022 eonstiterit:
1286 3960 1395 4045 itaquo

202 4065 353 4140 Πηνέλεος
384 4086 507 4150 quoque
537 4070 570 4130 et
592 4064 752 4140 Πηνελέωο
775 4064 950 4148 scribebat,
975 4069 1006 4128 et
1029 4064 1138 4128 Attica
1160 4057 1331 4129 formosat
1355 4065 1394 4130 ab

201 4171 384 4238 Aristarcho
407 4177 543 4255 recepto.
579 4171 672 4236 Nuno
695 4189 819 4255 quoque
843 4169 869 4233 oi
893 4169 1268 4250 μεταχαρακτηρίοαντες
1288 4169 1395 4236 turba·

202 4282 288 4342 runt.
335 4277 413 4342 Erat
443 4284 675 4341 sseNeAeoc
706 4281 740 4340 et
770 4283 1022 4340 sseNeAeOIO
1055 4279 1087 4339 st
1119 4273 1194 4338 hino
1225 4274 1393 4341 dissensus.

203 4381 324 4448 Iisdem
353 4387 445 4449 votus
468 4384 624 4467 scriptura
647 4388 901 4446 sseNedeolo
928 4382 1037 4467 arguit
1060 4378 1158 4444 aliam
1181 4379 1327 4446 lectionis
1349 4380 1396 4447 ia-

204 4488 295 4572 ham,
328 4507 407 4578 quoe
437 4489 549 4553 etium·
568 4490 636 4554 sine
663 4488 723 4553 hoc
747 4485 864 4552 indicio
887 4485 1037 4572 deprendi
1060 4488 1224 4572 potuisset.
1271 4487 1395 4578 Nempe
