3208 5158
652 347 718 468 rao·

135 593 261 662 61ωο
294 613 367 682 pag.
392 591 470 658 498.
495 593 629 659 ἐντεῦθεν
653 593 684 660 δέ
707 597 802 665 πλοῦς
829 593 877 658 ἐπ’
904 591 1047 669 Ἀμισοῦ,
1063 590 1115 656 καί
1136 591 1276 667 Σινώπης

94 708 173 784 τριῶν
205 703 320 783 ἡμερῶν
353 699 371 775 ἢ
403 709 501 765 Aio.
550 698 629 782 Quis
658 698 846 766 mortalium
873 701 920 765 aio
942 695 1101 786 loquitur?
1147 697 1277 784 Repona

96 815 176 890 τριῶν
199 811 316 890 ἡμερῶν
341 805 358 882 ἢ
383 816 431 883 Δ,
455 805 488 871 id
513 812 561 872 est
583 807 751 888 τεττάρων.

134 1033 216 1128 Peg.
242 1031 319 1098 503.
345 1029 537 1109 κομισθέντος
558 1031 590 1095 δὲ
612 1036 665 1096 τοῦ
690 1031 833 1106 σώματος
854 1029 896 1100 εἴτ
916 1032 1072 1112 τιιχωρίιν
1095 1031 1278 1112 έπΙβαίντιι·

95 1163 136 1204 τιν
165 1137 306 1208 ἅπαντες
335 1137 487 1217 καθαρσίῳ
521 1139 681 1220 χρώμενοι.
729 1136 820 1220 Quod
854 1137 967 1205 Strabo
1001 1141 1165 1224 perspicue
1200 1138 1279 1204 dicit

95 1242 209 1314 Graeca
231 1243 402 1310 dicendum
425 1248 473 1309 est
496 1243 778 1323 έπθΜβωίντνσιν,
804 1251 841 1310 ut
863 1247 984 1331 passim
1006 1244 1124 1310 dieitur
1149 1241 1277 1326 κειμένῳ

96 1350 310 1436 ἐπεμβαίνειν,
333 1348 485 1428 πεσόντι,Ι
503 1349 679 1415 πεπτωκότι
703 1350 916 1430 ἐπεμβαίνειν.

136 1573 262 1642 Sullano
293 1595 368 1663 pag.
395 1573 471 1640 513.
519 1574 720 1650 Σπιταμένης
744 1570 786 1647 είς
813 1575 876 1641 ἘΚ
900 1582 958 1641 τῶν
981 1573 1178 1653 δποδριίντων
1202 1583 1279 1653 Περ·

96 1687 148 1746 τῶν
177 1681 229 1746 τδν
260 1680 470 1762 Ἀλέξανδρον.
519 1680 597 1747 Dela
628 1682 662 1746 έκ
692 1687 806 1745 natum
837 1701 876 1746 er
907 1681 1124 1770 dittographia
1157 1689 1221 1746 ele
1249 1687 1281 1746 et

99 1795 156 1853 eli.
200 1786 412 1873 Perfrequena
440 1789 475 1852 in
506 1784 671 1852 Strabonis
699 1775 869 1852 codicibus
891 1786 970 1852 haeo
993 1787 1134 1853 confusio
1157 1793 1191 1853 ot
1212 1805 1280 1872 per·

96 1897 227 1960 mutatio
250 1899 315 1972 ost,
340 1897 379 1958 ut
400 1895 467 1958 iam
491 1895 616 1978 saepius
640 1891 847 1958 ostendimus.

136 2131 212 2220 Pag.
240 2131 316 2198 515.
363 2131 473 2198 Κρίτων
500 2132 650 2214 Ὁρτησίῳ
674 2131 803 2207 δεηθέντι
823 2131 950 2209 ἐξέδωκε
970 2131 1025 2205 την
1051 2134 1196 2211 Μαρκίαν
1227 2132 1280 2212 ἐφ’

99 2238 176 2316 ἡμῶν
200 2239 286 2303 κατὰ
309 2240 451 2304 Παλαιὸν
475 2241 631 2316 Ῥωμαίων
654 2236 728 2308 ideo.
774 2235 915 2303 Solatia
934 2237 993 2303 tali
1012 2260 1046 2304 ro
1065 2237 1127 2311 έίιρ
1147 2262 1177 2302 τι
1198 2237 1279 2315 diui,

96 2364 153 2409 noa
186 2341 270 2428 έέτς,
304 2352 343 2409 ut
376 2346 410 2408 iu
445 2344 505 2416 έθις
543 2368 573 2408 τι
607 2345 692 2410 τοῦτ’
721 2341 800 2425 ἔχει.
846 2343 957 2429 ltaque
989 2344 1090 2410 scribe
1119 2344 1206 2409 κατιί
1233 2351 1279 2407 TI

97 2453 232 2518 Παλαιὸν
256 2487 298 2499 -
324 2448 413 2525 ἔδει,
439 2457 476 2514 ut
497 2471 569 2538 pag.
597 2448 673 2515 357.
699 2451 783 2514 κατὰ
807 2448 869 2522 έέιι
888 2473 918 2515 τι
938 2449 1084 2535 παλαιίν,
1104 2456 1137 2516 ot
1154 2449 1280 2535 saepius

95 2554 176 2624 alibi.
222 2557 352 2642 Repone
374 2561 406 2621 at
427 2577 502 2644 pag.
527 2555 601 2621 601.
627 2554 712 2620 κωτιί
736 2557 793 2642 (τι)
818 2556 953 2621 παλαιὸν
977 2554 1050 2629 έδτς.

137 2795 216 2886 Peg.
246 2793 323 2862 516.
355 2797 458 2876 έμιρεῑ
478 2795 509 2860 δέ
533 2798 550 2871 ἦ
575 2797 666 2876 Ἀρία
692 2805 730 2878 τῇ
755 2805 927 2876 Βακτριανῇ
951 2796 1026 2838 ⁸⁴*
1049 2797 1101 2863 καί
1127 2799 1181 2874 την
1206 2797 1280 2863 ὑπι-

99 2907 196 2970 τασαν
220 2903 276 2983 ίρει
301 2905 343 2984 τῷ
368 2901 470 2982 έχιντι
493 2904 548 2977 την
572 2907 772 2984 Βακτριανήν.
808 2903 1003 2968 Acutissime
1019 2904 1104 2969 vidit
1122 2903 1283 2969 Miillerua

96 3011 126 3074 in
159 3015 523 3076 ‘rnocTACANoeel
557 3008 657 3074 latare
692 3009 751 3074 ὑπὸ
786 3008 977 3089 Στασάνορι,
1013 3012 1065 3076 oui
1099 3016 1222 3076 constat
1248 3012 1283 3075 in

97 3115 246 3183 divisione
275 3117 405 3200 imperii
433 3121 505 3202 poet
527 3113 700 3180 Alexandri
722 3119 860 3180 mortem
885 3114 1087 3182 Bactrianam
1110 3116 1282 3203 obtigisse,

97 3225 126 3286 ab
158 3220 209 3288 vel
245 3220 393 3286 additum
427 3223 469 3299 τῷ
500 3220 681 3286 ἜΧΟΝΤῙ
715 3221 770 3295 τίην
807 3222 996 3301 Βακτριανήν
1028 3224 1137 3310 arguit
1167 3241 1284 3288 nomen

96 3329 239 3414 propium
269 3327 378 3394 latare.
425 3325 488 3392 Sed
517 3348 619 3412 noque
642 3329 709 3412 ipsa
732 3348 834 3412 noque
857 3326 941 3393 alius
963 3329 1132 3414 quisquam
1156 3348 1195 3392 ex
1217 3325 1284 3413 pal-

96 3437 193 3500 maria
214 3434 275 3500 hao
298 3432 519 3500 emendatione
541 3434 682 3500 fructum
707 3435 825 3522 capiet,
851 3435 926 3518 quia
948 3453 1068 3521 magna
1090 3432 1205 3499 laouna
1230 3431 1284 3498 ob

97 3539 207 3606 sorbuit
229 3560 267 3607 ea
290 3559 371 3625 quae
393 3538 630 3625 praecedebant.

138 3645 259 3712 Eodem
290 3647 386 3712 modo
418 3647 500 3711 dixit
529 3666 602 3734 pag.
635 3643 709 3712 567.
741 3645 796 3719 την
829 3650 927 3710 ‘mo
960 3645 1003 3725 τῷ
1032 3643 1176 3730 Ἀμύντην
1201 3666 1285 3724 γενι-

98 3749 206 3832 ριένην,
230 3759 263 3820 ot
286 3753 332 3818 sio
355 3754 454 3818 etiam
479 3750 566 3817 alibi.

138 3987 220 4082 Pag.
245 3991 321 4058 531.
344 3992 422 4072 Φησὶ
447 3993 510 4074 γὰρ
534 3989 740 4082 (Herodotus)
764 3992 799 4057 έκ
823 3997 989 4068 Ματιηνῶν
1014 3991 1107 4057 αὕτδν
1132 3991 1285 4080 (Araxen)

99 4093 200 4174 ῥέοντα
228 4101 270 4173 τίς
295 4097 529 4182 τετταράκοντα
552 4107 797 4165 ΠΟΤΛΜΟΤΕ
821 4097 995 4180 σχίζεσθαι.
1042 4097 1114 4182 Non
1138 4104 1187 4164 oet
1210 4119 1285 4166 sana

97 4198 188 4270 lartio
217 4206 389 4280 ποταμούς.
435 4203 551 4271 Veram
582 4204 671 4271 dabit
700 4203 882 4270 Herodotus
912 4203 937 4268 I.
971 4201 1048 4268 202.
1086 4211 1284 4271 ΣΤΟΜΑΕΙ

100 4304 128 4371 δὲ
158 4305 353 4390 ἐξερεύγεται
388 4309 641 4387 τεσσαράκοντα,
674 4317 733 4376 τῶν
763 4311 807 4376 roi
831 4309 937 4375 πάντα
962 4313 1043 4383 πλην
1067 4309 1129 4382 ένδς
1155 4310 1184 4382 ές
1209 4305 1285 4376 dard

99 4434 130 4476 τε
162 4417 213 4481 καί
243 4415 383 4496 τενιίγεα
414 4416 537 4504 έκδιδιῖ,
562 4417 646 4486 unde
670 4416 818 4486 Straboni
846 4413 960 4484 rodda:
984 4415 1027 4488 είε
1051 4415 1285 4498 τετταριίκιντιι

101 4525 307 4591 cuorum
335 4521 511 4608 σχίζισέιιι.
