3404 5192
657 439 660 445 .
765 367 831 440 est

202 561 264 629 Sed
288 563 406 648 (dicam
430 564 516 628 enim
538 562 638 627 bbere
661 565 693 625 et
715 559 847 625 candide
871 559 953 645 quod
972 562 1088 640 sentiet
1109 583 1171 628 non
1189 563 1285 630 laudo
1306 560 1390 648 quod

202 671 232 734 ei
265 676 394 746 „eertum
424 692 468 732 ne·
487 669 680 732 deliberatum
711 673 768 741 est,
802 668 884 730 ultra
914 674 1095 732 recensiones
1118 671 1390 734 Aderandrinorum

202 776 287 837 ιιιιίίιι
309 781 397 858 poeto
420 772 554 854 repredi”
574 780 612 835 ιιι
635 772 746 836 scribit
769 771 807 835 ad
831 771 922 836 Iliad.
949 782 984 838 Ζ.
1010 773 1085 838 493.
1135 773 1239 854 Quid?
1263 778 1296 839 in
1320 779 1391 840 Ari-

179 880 320 972 starchi
351 879 448 944 verba
478 878 656 942 iurabimus
687 883 719 938 et
743 877 920 941 Aristarchi
943 898 1061 943 errores
1085 879 1264 944 fovebimus
1287 883 1392 964 potius

203 1005 299 1069 quam
324 983 502 1049 Aristarchi
526 981 709 1067 exemplum
734 1002 905 1066 sequemur
926 989 958 1047 et
981 984 1135 1068 quidquid
1154 987 1307 1050 vitiosum
1327 992 1391 1059 est,

205 1090 302 1154 etiam
333 1093 361 1154 si
392 1090 432 1155 ab
455 1091 523 1174 ipso
546 1089 729 1152 Aristarcho
752 1087 911 1172 profectus
935 1095 1108 1174 terrorest,
1133 1095 1259 1155 strenue
1284 1092 1390 1156 coniu-

202 1196 343 1260 tabimus
366 1200 414 1272 et,
440 1197 468 1259 si
491 1199 538 1258 est
560 1191 701 1257 sanabile
723 1193 896 1268 mendum,
921 1195 1105 1259 etiamnunc
1128 1193 1388 1260 emendabimus?

204 1299 330 1385 Duplex
355 1300 457 1365 estin
480 1298 620 1363 Homero
644 1303 750 1362 nostro
773 1298 960 1362 mendorum
984 1320 1096 1386 genus.
1140 1299 1254 1364 Insunt
1272 1321 1391 1366 errores

205 1406 336 1491 quidam
359 1406 575 1489 antiquissimi
597 1410 668 1468 ante
693 1402 841 1468 Solonem
863 1407 944 1475 nati.
969 1407 1078 1470 insunt
1100 1411 1132 1471 et
1154 1405 1217 1470 alia
1237 1406 1392 1489 quaedam

157 1523 161 1530 '
205 1513 286 1576 vitia
312 1511 445 1585 novicia,
470 1516 507 1573 ιιι
530 1513 577 1573 ita
599 1508 722 1584 dicam,
747 1514 804 1572 aut
826 1514 897 1592 post
914 1508 1139 1575 'Aristarchum
1164 1511 1295 1575 demum
1318 1517 1394 1576 nata

205 1621 262 1680 aut
284 1618 409 1680 arnissis
433 1615 704 1679 observationibus
726 1616 937 1680 Aristarcheis
958 1618 992 1679 in
1017 1613 1204 1693 Oodieibus,
1229 1619 1283 1700 qui
1310 1638 1394 1682 nuno

205 1728 390 1807 supersunt,
409 1726 528 1785 renata.
566 1718 683 1784 Multis
702 1723 787 1784 enim
807 1719 934 1784 indiciis
947 1723 1025 1786 satis
1041 1727 1163 1786 constat
1175 1717 1393 1788 Aristarcheae

205 1827 364 1892 doctrinae
394 1831 426 1890 et
457 1827 577 1903 κρίσεως
610 1823 760 1909 reliquias
793 1829 921 1888 tantum
952 1847 1112 1911 superesse
1135 1827 1230 1892 modo
1254 1828 1394 1912 copiosas

206 1937 238 1997 et
260 1931 454 2006 luculentas,
475 1930 570 1994 modo
590 1927 687 1994 exiles
707 1939 738 1993 et
754 1929 876 2014 inopes,
901 1933 990 1995 utin
1010 1931 1092 1996 bona
1114 1938 1201 2017 parte
1225 1930 1391 2018 Odysseae.

206 2035 385 2102 Multarum
417 2036 586 2108 citeriores
617 2037 651 2098 in
681 2033 818 2099 Scholiis
848 2037 1004 2101 memoria
1030 2036 1210 2109 intercidit,
1235 2057 1314 2122 quas
1338 2036 1394 2101 ali·

205 2143 289 2207 unde
320 2142 462 2228 cognitas
491 2140 662 2215 habemus!
697 2139 862 2225 multaque
890 2161 975 2205 nunc
999 2142 1265 2206 circumferuntur
1287 2139 1394 2206 lectio-

206 2269 261 2314 nes
295 2247 480 2322 deteriores,
516 2265 593 2328 quas
627 2253 684 2310 aut
718 2245 966 2310 semidoctorum
1001 2247 1143 2311 socordia
1181 2252 1237 2311 aut
1272 2247 1395 2311 incuria

206 2355 382 2418 sunbarum
400 2354 484 2416 veris
504 2362 536 2417 et
551 2353 690 2435 antiquis
706 2354 883 2435 supposuit.
909 2351 1025 2439 Ingens
1042 2357 1089 2416 est
1107 2372 1258 2417 versuum
1275 2351 1394 2417 Home-

205 2460 341 2522 ricorum
367 2476 535 2532 uumerus,
557 2457 613 2520 ubi
633 2477 712 2539 quae
732 2459 775 2520 sit
794 2455 1008 2532 Alexandrina
1028 2457 1122 2522 lectio
1140 2458 1192 2540 (nt
1209 2459 1256 2521 ita
1276 2457 1394 2541 dicam)

207 2565 300 2628 certis
324 2563 516 2626 testimoniis
539 2567 629 2626 extra
647 2581 776 2627 omnem
796 2562 963 2626 dubitandi
983 2565 1230 2628 controversiam
1252 2564 1393 2647 positum

206 2673 262 2733 est.
298 2666 360 2732 Sed
383 2673 457 2732 sunt
479 2665 536 2731 alii
558 2686 620 2731 non
642 2669 763 2732 minore
787 2687 937 2751 numero,
956 2671 991 2732 in
1011 2669 1126 2754 quibus
1146 2668 1281 2756 vulgata
1297 2667 1393 2734 lectio

204 2793 267 2837 non
291 2771 369 2837 alios
391 2775 487 2836 testes
510 2775 543 2835 et
565 2777 709 2836 auctores
731 2771 828 2838 habet
853 2793 949 2856 quam
969 2770 1139 2851 Codicum,
1163 2776 1219 2858 qui
1238 2795 1321 2838 nuno
1345 2794 1395 2837 su-

206 2886 354 2963 persunt,
386 2879 539 2962 optimos,
567 2875 601 2940 id
626 2882 674 2941 est
696 2879 829 2942 minime
851 2877 971 2962 malos,
996 2899 1094 2962 quum
1120 2899 1229 2944 omnes
1252 2879 1396 2943 mendosi

206 2985 270 3048 sint
293 2989 325 3048 et
348 2985 439 3048 vitiis
462 3003 555 3048 omne
578 3003 680 3069 genus
701 2986 849 3067 cooperti.
886 2982 990 3063 Quam
1011 2982 1134 3049 multae
1152 2989 1227 3048 sunt
1244 2982 1396 3050 lectiones

206 3088 375 3153 manifesto
408 3089 540 3153 vitiatae
569 3090 603 3151 iu
634 3087 797 3152 Marciano
829 3107 874 3161 ι..
900 3090 954 3172 qui
977 3088 1171 3173 reliquorum
1196 3092 1340 3153 omnium
1365 3093 1397 3154 et

207 3195 448 3278 antiquissimus
470 3198 519 3258 est
542 3201 574 3257 et
597 3191 801 3258 fidelissimus
825 3190 933 3258 testis!
969 3193 1014 3258 Ut
1037 3213 1100 3258 uno
1121 3193 1266 3278 exemplo
1287 3193 1396 3258 defun-

207 3319 280 3385 gar,
304 3296 401 3374 liber,
426 3316 568 3382 quonon
589 3297 737 3362 setabius
757 3299 953 3364 emendatior
974 3298 1079 3374 ullus,
1101 3298 1232 3364 exhibet
1256 3307 1294 3362 Θ.
1318 3297 1393 3362 505.

545 3403 578 3466 ἐκ
603 3403 707 3474 πόλιος
732 3403 757 3466 δ’
781 3400 906 3478 ἅξΑσθε
928 3402 1019 3482 βόας.

207 3512 239 3572 ιι
264 3516 302 3572 Θ.
328 3505 405 3571 545.

545 3613 578 3676 ἐκ
603 3612 706 3683 πόλιος
730 3615 758 3679 δ’
783 3610 906 3689 ἄξΑιτο
931 3613 1021 3691 βόας.

206 3717 338 3781 barbara
368 3723 475 3782 tamen
506 3719 583 3783 baec
614 3739 680 3783 esse
709 3725 831 3784 constat
853 3740 910 3804 pro
934 3717 1056 3795 ἄξεσθε
1081 3724 1112 3785 ιι
1135 3717 1278 3795 ἄξοντο,
1303 3724 1340 3783 ut
1363 3723 1396 3784 et

206 3820 352 3909 analogio
375 3822 570 3888 demonstrat
590 3831 622 3888 et
642 3825 818 3889 Aristarchi
838 3828 1057 3891 testimonium
1076 3823 1200 3908 liquido
1219 3821 1393 3888 confirmat.

206 3925 290 4006 Quid
319 3924 459 3992 scribae?
504 3927 541 3992 In
572 3927 699 3994 Seboiio
731 3929 770 3994 ad
801 3951 847 3995 vs.
882 3929 957 3995 505.
991 3937 1075 3994 recte
1106 3929 1266 3994 scribunt:
1292 3923 1336 3991 ὅτι
1360 3930 1393 3993 οὐ

205 4029 364 4108 μέλλοντα
395 4033 537 4106 σημαίνει
567 4037 602 4098 τὸ
633 4033 771 4110 ἄξεσθε,
798 4035 852 4099 sed
876 4035 914 4099 ad
941 4033 1017 4099 545.
1042 4038 1215 4099 immanem
1240 4034 1395 4099 barbaris·

205 4157 297 4201 mum
329 4157 401 4201 cum
426 4138 557 4224 reliquis
580 4138 685 4204 verbis
707 4148 902 4225 pugnantem
927 4141 1131 4204 invexerunt:
1156 4140 1190 4203 τὸ
1214 4137 1336 4213 ἄξΑντο
1359 4140 1392 4203 οὐ

126 4321 129 4326 ¹
207 4241 363 4319 μέλλοντα
396 4245 547 4317 σημαίνει.
596 4240 807 4309 credemusne
837 4245 940 4331 igitur
971 4247 1042 4308 istis
1073 4255 1114 4308 Ψ.
1148 4241 1224 4308 739.
1257 4245 1394 4310 birriaco

207 4355 342 4428 χιτῶνας
365 4368 476 4413 sanum
502 4346 588 4415 esse?
622 4349 757 4415 Perinde
782 4349 914 4414 barbara
937 4359 1011 4415 sunt
1030 4347 1176 4425 ’ΛξΑιτο
1196 4357 1228 4416 ιι
1245 4352 1393 4416 δὺσΛιτο.

208 4453 328 4519 Adsero
352 4456 471 4540 possim
495 4454 616 4541 legitur
638 4459 670 4520 ιι
694 4454 912 4521 dubitabimus
935 4454 1073 4520 torono
1096 4456 1284 4533 rescribere,
1307 4475 1394 4541 prae
