3372 5192
898 349 964 418 564

339 541 412 616 παρ’
442 537 679 619 Ἀριςογείτονος
712 545 770 605 τῶν
799 541 903 606 καλῶν
959 542 1059 620 βήτου
1082 539 1136 606 καί
1160 539 1310 622 Αἰσχίνου
1337 545 1530 622 σωφρονικῶν

338 642 532 723 πορίσασθαι.
961 646 1112 724 δεηίήναι.

385 853 461 923 779.
492 853 548 920 20.
580 855 633 935 ἐφ’
664 847 686 920 ά
718 854 744 921 δ’
774 853 814 921 άν
847 856 900 922 καὶ
1008 855 1082 922 102.
1115 855 1170 923 16.
1201 857 1256 930 τήν
1278 855 1310 922 δὲ
1333 863 1392 923 τῶν
1413 856 1529 924 δούλιον

337 962 493 1046 χρήσαιτό
510 985 557 1034 τις
573 959 696 1045 τοιούτῳ
708 963 794 1042 ύηρίιρ
806 962 903 1028 άπιύ·
961 962 1130 1048 (άνάνιιην)
1150 961 1346 1044 άπεύχεσίαι
1367 961 1463 1038 δήπου
1480 968 1528 1042 μή

337 1072 450 1154 χεσίαι
467 1076 530 1142 τοῖς
549 1069 623 1142 ίεοῖς
635 1070 680 1146 μή
692 1067 833 1146 νένεσίαι
846 1065 901 1134 δεῖ.
960 1067 1103 1148 γενέσθαι
1127 1070 1184 1136 δεῖ.

387 1279 463 1351 785.
486 1277 516 1344 8.
534 1276 600 1344 οὐδὲ
619 1275 682 1357 γάρ
701 1276 772 1351 τοὺς
791 1275 904 1356 προγί-
1009 1275 1084 1344 268.
1111 1275 1166 1344 20.
1190 1277 1385 1356 οίιιοδομήσαι
1405 1277 1437 1344 δὲ
1456 1279 1529 1352 τοὺς

339 1411 404 1461 νους
436 1382 652 1463 ὑπολαμβάνω
679 1384 722 1448 τά
744 1381 905 1461 δικασήρια
962 1383 1124 1464 πρινίνους
1159 1386 1252 1451 ταυτί
1286 1386 1330 1451 τά
1364 1385 1529 1468 δικαςήρια

338 1493 430 1562 ταῦθ’
456 1493 529 1571 ὑμῖν
550 1491 743 1567 οίκοδομήσαι
766 1487 816 1554 ίνα
833 1491 903 1565 τοὺς
963 1490 1125 1570 ὑπείληφα
1155 1493 1216 1572 οὐχ
1246 1488 1295 1556 ίνα
1317 1491 1526 1570 συλλέξαντες

338 1599 490 1672 τοιούτους
513 1597 544 1663 ἒν
566 1597 671 1684 αὐτοῖς
695 1595 883 1676 μοσχεύητε.
963 1596 1047 1672 ήμῐις
1066 1595 1108 1670 είς
1123 1600 1230 1662 ταῦτα
1242 1635 1284 1647 -
1297 1599 1361 1664 άπδ
1375 1605 1435 1664 τῶν
1446 1599 1529 1665 ίδίυν

963 1706 1064 1774 κακῶς
1105 1702 1148 1768 τά
1190 1701 1348 1786 άπύρρητα
1382 1704 1530 1785 λίπομεν

962 1807 1130 1882 άλλήλους.

384 2019 461 2092 787.
495 2017 525 2087 7.
558 2017 715 2099 θυγατέρα
737 2017 765 2084 δ’
789 2016 903 2092 ἐκείνης
1009 2013 1086 2082 814.
1117 2015 1149 2083 5.
1175 2017 1277 2094 ἐπειδή
1301 2017 1327 2084 δ’
1349 2019 1527 2102 ἐνεγράφης

339 2129 532 2206 ὁποιδήποτε
563 2125 741 2206 γενομένην·
773 2125 810 2189 ἐῶ
839 2123 902 2206 γάρ
962 2123 1174 2198 ίποισδήποτε·
1200 2125 1236 2190 ἐῶ
1261 2125 1324 2206 γάρ
1348 2125 1440 2192 τοῦτί
1462 2151 1512 2204 γε.

336 2236 428 2305 τοῠτί
451 2261 500 2315 γε.

385 2446 462 2515 792.
485 2445 537 2510 19.
557 2445 611 2510 οὐκ
629 2445 715 2523 ίρίῶς
732 2440 799 2507 οὐδὲ
811 2456 901 2506 πολι·
1005 2438 1083 2505 229.
1105 2439 1160 2506 15.
1181 2438 1245 2506 οὔτ’
1264 2441 1351 2522 ίρίῶς
1371 2439 1527 2522 ἔχονούτε

337 2560 425 2627 τικῶς
449 2549 514 2618 οὐδ’
538 2553 577 2622 ύς
598 2546 762 2630 συμφέρει.
958 2545 1116 2612 πολιτικὸν
1137 2545 1208 2612 ούτε
1232 2543 1348 2613 δίκαιίν
1370 2547 1446 2618 ίςιν.

385 2759 460 2830 798.
487 2758 541 2824 13.
564 2757 616 2822 τὸν
641 2755 751 2822 ἑαυτοῦ
770 2756 848 2834 βίον.
870 2753 902 2822 ὃν
1006 2753 1082 2820 403.
1103 2753 1157 2820 24.
1177 2764 1261 2822 ποῖον
1279 2751 1329 2822 οὖν
1350 2758 1425 2839 ἐρεῖς
1441 2757 1526 2838 βιόνς

337 2871 395 2933 τοῦ
413 2865 581 2946 βεβίακεν;
601 2859 632 2929 ὃν
652 2862 708 2940 μὲν
723 2859 901 2942 γάράπαν-
959 2863 990 2932 ὃν
1015 2867 1048 2932 ού
1070 2861 1250 2946 βεβίακαςς
1277 2863 1343 2929 ἐπεὶ
1367 2859 1387 2928 ί
1404 2887 1446 2942 γε
1471 2866 1527 2944 βε-

335 2997 388 3046 τες
413 2974 500 3051 ὑμεῖς
524 2969 671 3054 ἑοράκατε
694 2970 748 3036 ούιι
770 2965 826 3038 ἔτι,
840 2993 900 3034 τοι·
959 2971 1108 3052 βιοιμίνος
1141 2993 1185 3035 σοι
1209 2972 1341 3043 τοιοῦτος
1364 2970 1528 3051 Φαίνεται.

335 3103 429 3152 ουτος.
525 3129 530 3138 .

382 3285 459 3354 794.
484 3286 538 3353 22.
559 3287 574 3351 ί
594 3285 626 3352 δὲ
646 3286 682 3361 δή
702 3285 900 3369 παμπόνηρος
1005 3285 1082 3355 267.
1107 3287 1140 3352 8.
1164 3285 1179 3351 ὃ
1202 3284 1234 3352 δὲ
1254 3283 1454 3365 παμπίνηρος
1473 3283 1528 3348 άν-

336 3392 486 3475 άνίρυπος
516 3391 601 3465 ποίύς
631 3416 677 3465 τις
710 3398 832 3458 καλοῖτ’
861 3393 900 3458 διν
960 3395 1072 3472 ίροιπος
1114 3391 1166 3457 καί
1209 3393 1284 3464 ίεοῖς
1330 3390 1435 3472 ίχίρδς
1471 3391 1526 3454 καί

335 3501 471 3584 δικαίαις
494 3501 509 3565 ί
529 3496 793 3578 τρισκατάρατος,
814 3500 899 3564 ὅκοι·
958 3497 1118 3581 βάσκανος
1159 3496 1250 3570 άντυς
1285 3495 1369 3568 πσῖύς
1403 3519 1450 3568 τις
1485 3495 1527 3561 άν

336 3608 383 3681 νὸς
418 3604 539 3687 ἐχύρδς,
576 3605 590 3671 ὃ
621 3606 701 3670 πάσι
732 3604 900 3683 δυσμενής,
959 3605 1003 3680 είη
1028 3604 1102 3684 πρὸς
1124 3605 1211 3682 ίεῶνς
1234 3603 1330 3684 σύχν’
1351 3605 1500 3680 τοιοῦτος;

334 3710 392 3797 ύτρι
417 3715 498 3791 μήτε
522 3719 565 3790 μή
583 3710 670 3792 Φίροι
689 3708 805 3789 καρπδν
824 3709 900 3788 μήτ’

335 3816 530 3886 άποάανίντα
552 3815 689 3894 δίξαιτος
713 3815 774 3897 ούχ
798 3817 812 3880 ί
836 3838 899 3881 τοι-

334 3945 439 4003 ουτος;

381 4131 457 4201 798.
481 4131 536 4198 20.
561 4129 592 4204 ὃς
615 4132 678 4213 γάρ
703 4127 744 4206 οίς
770 4132 784 4198 ί
805 4131 899 4211 δῆμος
1004 4128 1080 4198 577.
1106 4131 1140 4199 9.
1166 4131 1301 4198 άτειλιῗιν
1324 4130 1377 4197 καί
1396 4131 1524 4209 βλέπων

333 4237 421 4312 άπας
452 4240 523 4312 τοὺς
555 4241 759 4319 ἐνοχλοῦντας
790 4240 899 4306 ἑαυτὸν
957 4240 1000 4310 είς
1016 4238 1069 4304 τδν
1086 4238 1135 4304 άεί
1151 4238 1334 4319 ίορυβοῦντα
1354 4235 1447 4303 τίτον
1466 4246 1522 4313 τῆς

334 4345 467 4410 νουθετεῖ
516 4345 650 4428 θορύβοις
701 4341 897 4423 μηδεπώποθ’
957 4345 1125 4421 ἐκκλησίας
1142 4341 1359 4421 καταπλήξειν
1379 4341 1453 4428 ᾤετο
1472 4343 1523 4408 τδν

335 4449 468 4528 ὑπεῖξεν.
956 4449 1051 4532 δῆμον
1074 4449 1216 4518 ἅπαντα.
