3358 5200
762 381 804 451 37

187 573 361 641 substituit
384 573 422 640 de
444 575 562 642 nihilo:
587 576 742 656 προσθήσω
767 575 799 640 δέ
823 575 876 642 καί
900 586 963 651 τοῖς
982 580 1012 644 έν
1029 589 1068 662 τῇ
1088 577 1177 645 πθλει
1199 574 1286 665 (θεοῖς
1299 573 1381 659 οίπερ

189 683 285 746 αὐτὸν
318 679 524 768 ἐξολέσειαν),
559 681 653 746 οὐδενί
686 681 788 759 μέντοι
819 686 942 762 μάλλον
972 686 1037 751 κτέ.
1082 685 1193 771 Itaque
1217 686 1257 750 ab
1279 686 1331 750 his
1354 686 1380 750 οῖ

191 790 401 864 θεολογοῦντες
426 789 604 853 abstineant
624 807 766 853 manum.

238 1001 316 1090 Pag.
342 999 415 1066 135.
442 1001 474 1067 2.
499 1000 562 1079 ἥξει
585 1000 694 1067 πάντα
721 1001 765 1067 τά
791 1006 841 1067 νῦν
863 1001 1065 1082 βεβιασμένα
1086 1025 1181 1091 supra
1203 1024 1276 1092 pag.
1301 1001 1376 1068 100.

192 1110 226 1174 2.
259 1107 300 1171 τά
336 1111 386 1172 νῦν
421 1106 715 1187 ΟΤΜβεβιαομένα
749 1109 874 1176 vitiose.
922 1109 1040 1176 Nullus
1069 1111 1123 1178 hio
1154 1109 1380 1197 praepositioni

190 1213 287 1279 loeus.

240 1424 315 1513 Peg.
329 1423 405 1490 135.
419 1428 452 1490 4.
477 1425 526 1494 έςὲ
551 1425 614 1505 γὰρ
639 1430 725 1503 ὑμεῖς
750 1428 803 1491 οὐκ
825 1425 912 1492 αὐτοὶ
937 1436 1161 1504 πλεονεκτῆσαι
1192 1428 1246 1493 καί
1279 1451 1380 1492 κατοι-

192 1539 282 1612 σχεῖν
300 1532 399 1613 ἀρχὴν
418 1529 453 1596 εὖ
478 1531 653 1613 πεφυκότες
676 1533 752 1596 ἀλλ’
775 1528 874 1614 ἕτερον
897 1534 1011 1612 λαβεῖν
1033 1534 1247 1617 κυλῦσαι,κα1
1273 1531 1377 1616 ἔχοντ’

191 1635 364 1718 ἀφελέσθαι
385 1637 436 1701 καί
461 1634 536 1710 ὅλοις
561 1638 727 1718 ἐνοχλῆσαι
752 1644 814 1708 τοῖς
836 1637 944 1720 ἀρχειν
966 1638 1161 1718 βουλομένοις
1182 1640 1234 1705 καί
1253 1639 1376 1710 ποίντας

191 1741 358 1823 ἀνθρώπους
381 1745 424 1816 εῖς
449 1743 618 1819 ἐλευθερίαν
642 1743 799 1819 ἐξελέσθαι
823 1743 920 1810 δεινοί.
955 1744 1077 1811 Eadem
1100 1766 1196 1832 supra
1213 1767 1287 1834 pag.
1302 1743 1377 1810 100.

191 1849 226 1914 4.
249 1849 301 1915 sed
324 1849 376 1913 καί
400 1847 504 1930 ἔχοντ’
528 1848 700 1929 ἀφελέσθαι
727 1849 849 1914 δεινοί
872 1851 970 1922 vele
995 1851 1165 1932 ἐλευθερίαν
1186 1852 1378 1917 ἈΦελέσθαι

188 1953 368 2033 ἕτοιμοι,
393 1975 474 2040 quae
495 1955 630 2021 meliora
652 1960 744 2033 sunt,
769 1955 824 2020 sed
847 1953 1006 2031 ἐξελέσθαι
1030 1959 1070 2024 ob
1090 1957 1278 2043 praecedens
1297 1958 1378 2039 ἀφε-

186 2061 295 2128 λέσθαι
317 2061 530 2139 retinendum‚
555 2082 748 2147 quamquam
773 2065 897 2148 proprie
920 2063 1091 2135 dieiturrlr
1108 2064 1279 2144 ἐλευθερίαν
1298 2067 1378 2143 ἀφε·

184 2168 295 2235 λέσθαι
317 2173 349 2234 et
372 2169 388 2242 ἦ
413 2168 456 2239 είς
480 2167 650 2248 ἐλευθερίαν
680 2168 847 2250 ἀφαίρεσις
871 2170 899 2234 si
922 2171 994 2254 quis
1019 2189 1115 2255 quem
1137 2171 1172 2234 in
1194 2169 1376 2234 libertatem

182 2275 339 2343 vindieat.

231 2487 311 2575 Peg.
337 2484 412 2551 135.
442 2485 497 2552 11.
532 2491 646 2566 πρῶτον
680 2486 737 2563 μὲν
771 2485 806 2562 δη
841 2491 932 2550 τοῦτο
963 2485 1011 2552 δεῖ
1034 2486 1140 2569 έχθρδν
1171 2484 1375 2568 ὑπειληφέναι

178 2599 240 2666 τῆς
259 2593 421 2666 πολιτείας
440 2592 581 2678 [καὶτῆς
601 2591 822 2679 δημοκρατίας]
845 2591 1059 2658 ἀδιοίλλακτον
1079 2594 1199 2658 ἐκεῖνον.
1228 2592 1376 2660 Totidem

178 2700 289 2766 verbis
319 2719 415 2785 snpra
445 2719 518 2786 peg.
545 2697 621 2763 100.
648 2697 699 2762 12.
747 2696 826 2778 Quis
858 2703 968 2764 tamen
1004 2699 1186 2764 admonitus
1219 2704 1375 2784 punctum

176 2808 336 2892 temporis
371 2805 532 2870 dubitabit
564 2803 716 2869 stolidum
749 2802 910 2870 emblema
941 2801 1119 2890 expellere?
1166 2803 1244 2885 Quis
1274 2808 1376 2870 nescit

174 2911 323 2978 ἀττικιτί
349 2931 429 2996 quae
454 2911 584 2976 caeteris
608 2911 625 2985 η
650 2910 842 2990 δημοκρατία
866 2909 985 2975 dieitur
1006 2910 1061 2982 την
1084 2911 1245 2975 πολιτείαν
1268 2910 1374 2996 appel·

173 3016 241 3082 lari
272 3013 394 3082 soleret
423 3021 456 3081 et
485 3016 624 3082 feremus
653 3015 731 3080 haee
762 3014 928 3100 pueriliter
957 3013 1112 3101 copulata.
1161 3014 1245 3096 Quid
1274 3019 1309 3082 in
1339 3038 1373 3082 re

173 3129 256 3188 nota
287 3127 385 3187 testes
414 3119 608 3207 producam?
640 3121 726 3186 Audi
748 3126 856 3186 tamen
880 3119 1164 3206 Harpocrationem
1187 3121 1223 3187 V.
1250 3132 1372 3189 Πολι-

173 3228 292 3294 τείατ
317 3226 398 3300 ῖδίως
422 3228 541 3292 είνίθασι
565 3227 607 3307 τῷ
632 3225 758 3303 θνθματι
781 3225 915 3307 χρῆσθαι
939 3227 965 3290 οί
987 3227 1105 3308 ῥήτορες
1130 3226 1180 3292 ε’πὶ
1205 3235 1261 3304 τῆς
1280 3228 1371 3306 δημο-

173 3334 328 3414 κρατίας,
358 3338 391 3399 et
419 3332 472 3398 vel
501 3333 586 3397 huno
608 3352 710 3396 unum
734 3330 959 3396 Demosthenis
981 3331 1090 3398 locum
1111 3334 1231 3419 inspice
1253 3337 1288 3399 in
1311 3354 1374 3419 quo

173 3459 349 3506 versamur
369 3459 443 3527 peg.
469 3437 521 3502 99.
548 3436 591 3503 26
616 3436 706 3518 (134.
735 3435 790 3521 15)
821 3437 914 3503 οὐδενί
943 3437 1048 3516 μέντοι
1070 3441 1193 3516 μάλλον
1216 3438 1233 3514 ἢ
1256 3449 1295 3522 τῇ
1319 3463 1371 3504 πο·

170 3546 283 3628 λιτείρ
320 3552 518 3622 πολεμεῖ-
542 3544 596 3608 καί
632 3550 744 3608 σκοπεῖ
774 3549 837 3614 πῶς
872 3542 990 3617 ταύτην
1021 3543 1207 3609 καταλύσει.
1239 3557 1271 3610 et
1301 3551 1372 3630 post

170 3671 281 3737 pauca
314 3671 390 3737 pag.
416 3646 470 3714 99.
495 3648 548 3714 29.
584 3645 646 3714 οίδε
680 3648 742 3729 γάρ
772 3649 906 3728 ἀκριβῶς
937 3644 982 3716 ὅτι
1007 3686 1050 3697 -
1075 3648 1156 3714 οὐδέν
1187 3646 1256 3716 έεαι
1287 3650 1371 3733 αὐτῷ

169 3757 321 3836 βεβαίως
347 3755 431 3838 ἔχειν
455 3752 509 3828 ἕως
533 3754 571 3820 ἀν
595 3756 683 3833 ὑμεῖς
706 3754 945 3835 δημοκρατῆσθε.
993 3755 1106 3841 Itaque
1128 3756 1184 3840 qui
1206 3760 1262 3828 τοῖς
1282 3753 1371 3836 δημο·

170 3863 314 3944 αρατίας
336 3864 472 3928 retinere
495 3861 583 3930 volet
604 3864 640 3927 in
661 3863 807 3950 margine
831 3861 1008 3928 adsoribito.

220 4075 307 4164 Peg.
333 4073 410 4140 196.
435 4073 489 4140 25.
522 4076 676 4140 Φίλιππον
707 4073 734 4140 δ’
758 4073 852 4140 αὐτὸν
882 4074 965 4141 οὐδέν
995 4073 1034 4140 ἀν
1062 4071 1142 4140 ἀλλο
1170 4069 1279 4142 οίΜΑΙ
1303 4084 1370 4146 MA

169 4183 249 4255 τοὺς
274 4181 358 4254 θεοὺς
384 4178 531 4256 εὔξασθαι
555 4187 650 4245 ποιεῖν
673 4179 728 4254 την
751 4179 840 4246 πόλιν
864 4181 882 4257 ri
907 4185 1012 4245 ταῦτα
1035 4181 1056 4246 ἀ
1080 4186 1131 4246 νῦν
1152 4189 1278 4248 ποιεῖτε.
1302 4193 1368 4253 MA

170 4311 214 4354 ex
239 4287 450 4375 praecedente
473 4322 492 4336 -
516 4295 597 4352 MAI
628 4288 710 4352 vitio
740 4292 853 4352 natum
881 4306 964 4353 novo
995 4289 1091 4353 errori
1114 4287 1184 4360 τοὺς
1207 4287 1289 4360 θεοθο
1313 4312 1370 4376 pro

169 4403 242 4466 τοῖς
269 4396 346 4467 θεοῖς
370 4399 478 4459 ortum
501 4392 596 4459 dedit
645 4391 804 4474 Emenda:
828 4393 910 4458 οὐδέν
934 4392 972 4458 ἀν
995 4392 1075 4458 ἀλλο
1098 4389 1185 4471 οἶμαι
1208 4391 1272 4466 τοῖο
1295 4398 1370 4469 θεοῖο

170 4499 330 4581 εὔξασθαι
362 4507 458 4567 ποιεῖν
489 4501 544 4577 τὴν
576 4497 676 4566 πίλιν.
722 4497 841 4565 Herod.
864 4497 891 4565 l.
916 4497 969 4566 37.
1001 4497 1053 4587 (ef.
1084 4499 1155 4566 Ver.
1176 4499 1270 4564 Βοοθθ.
1294 4521 1368 4588 pag.
