3410 5180
727 381 791 458 469

168 589 306 670 πρᾶγμοο
337 581 491 663 ὑπάγουσι
521 582 578 657 τὴν
610 582 710 650 πάλιν.
756 581 891 648 Summo
921 581 990 647 iure
1013 581 1198 648 Schaeferus
1221 582 1352 646 statuit:

170 715 324 778 „pannum
345 713 405 755 esse
422 689 458 753 ob
477 689 659 773 ineptissimo
678 688 794 754 Ιιοιινύννο
813 689 883 752 olim
902 695 1033 752 αοοιούυοι
1042 709 1198 772 purpurae
1210 685 1353 752 orotorid'

169 795 290 864 Tamen
316 801 437 862 constat
460 796 537 861 haec
561 794 639 860 olim
664 796 702 860 ab
726 794 974 880 Harpocratione
999 794 1082 880 apud
1105 793 1354 862 Demosthenem

168 905 251 971 lecta
272 903 368 968 fuisse
391 903 425 966 in
449 923 481 966 v.
508 905 780 977 Δυσωποῦμοιιῐ
808 898 876 964 ἀντὶ
901 904 954 964 τοῦ
977 901 1138 981 Φοβοῦμοιι
1160 899 1355 976 Δημοσθένης

170 1015 373 1080 Φιλιππικοῖς.
407 1011 440 1073 et
466 1009 500 1070 in
522 1029 552 1071 v.
587 1005 856 1085 ’Τπούγουσιντ
888 1007 956 1070 cirri
982 1011 1034 1071 τοῦ
1058 1006 1225 1086 προάγουσι
1250 1016 1354 1083 Δκμο·

169 1115 271 1189 σθένοι
292 1121 498 1179 Φιλιππικοῑι.
533 1113 656 1198 Nempe
678 1113 764 1179 fallit
786 1115 891 1199 opinio
915 1133 968 1179 cos
992 1114 1047 1198 qni
1069 1111 1354 1198 Harpocrationem

169 1221 273 1287 multo
295 1219 481 1286 melioribus
503 1219 594 1284 libris
615 1240 712 1304 quam
735 1241 819 1284 nunc
842 1220 997 1285 habemus
1019 1240 1116 1284 usum
1138 1239 1205 1284 esse
1227 1223 1352 1305 putant.

169 1327 277 1393 Pauca
299 1325 451 1411 quaedam
477 1325 584 1390 habet.
596 1325 730 1390 meliora
748 1327 864 1390 nostris
883 1345 984 1410 neque
1004 1345 1041 1390 ea
1059 1327 1169 1412 magni
1187 1326 1355 1390 momenti.

170 1433 218 1496 Ex
249 1430 341 1496 libris
372 1431 541 1497 Atticianis
571 1450 651 1515 quae
681 1430 770 1495 affert
802 1435 859 1496 aut
888 1433 1055 1519 perexigui
1084 1433 1180 1516 pretii
1203 1435 1278 1495 sunt
1301 1435 1358 1496 aut

170 1542 277 1624 aperte
305 1535 465 1601 mendosa.
512 1533 612 1621 Saepe
642 1557 716 1600 eum
748 1538 882 1602 vitiosae
910 1537 1117 1602 lectionesa
1141 1537 1286 1602 fraudem
1309 1538 1357 1600 in·

170 1645 329 1710 duxerunt
358 1649 390 1707 et
420 1644 448 1706 si
479 1642 603 1727 qnando
633 1638 790 1707 Oriticum
825 1662 918 1730 agere
953 1640 1024 1706 vult
1057 1644 1193 1727 turpiter
1223 1663 1255 1707 ss
1282 1642 1356 1707 dare

170 1749 270 1827 solet,
300 1753 338 1814 nt
368 1771 399 1814 r.
430 1747 605 1832 Ἀπρύτων,
633 1746 780 1828 Κλιμιὲζρ
803 1759 835 1814 et
858 1746 947 1814 alibi.
993 1746 1082 1812 Haec
1104 1751 1174 1833 ipsa
1197 1753 1230 1812 et
1251 1747 1357 1812 multa

168 1856 219 1920 his
246 1853 365 1920 similia
397 1853 557 1919 declarant
587 1873 684 1939 quam
715 1852 859 1918 mendosi
888 1852 965 1917 libri
998 1859 1143 1919 veterum
1178 1855 1244 1919 iam
1279 1860 1380 1919 tunc.

169 1960 464 2037 circumferrentur,
490 1959 529 2026 de
553 1980 615 2044 qua
637 1979 670 2024 ra
693 1959 733 2024 ad
756 1959 858 2024 alium
879 1959 1104 2025 Demosthenis
1126 1959 1233 2026 locum
1257 1959 1361 2046 pluri-

169 2068 230 2133 bus
254 2087 420 2152 exponam
1136 2069 1141 2082 '

215 2277 314 2343 Recte
336 2275 359 2342 S
382 2277 506 2342 omittit
528 2296 602 2362 pag.
627 2273 702 2340 128.
728 2273 781 2340 15.
807 2275 988 2353 συμβάντος
1010 2275 1101 2346 τινύι.
1140 2267 1262 2343 Deinde
1286 2299 1360 2363 sup·

171 2383 340 2470 plandum:
372 2380 430 2448 ἔδει
462 2382 526 2461 γὰρ
556 2381 591 2445 τὸ
623 2381 676 2447 aui
707 2381 743 2446 τὸ
775 2389 900 2456 ποιῆσοιι
931 2381 983 2446 κού
1015 2381 1050 2446 τὸ
1085 2381 1169 2468 (ΚΑΙ
1205 2384 1280 2471 ΤΟ)
1313 2386 1358 2463 μὴ

171 2496 307 2563 ποιῆσκι.

216 2698 295 2786 Pag.
315 2695 390 2763 128.
411 2694 465 2760 28.
486 2697 518 2762 r!
537 2704 683 2772 ποιῶμεν;
706 2695 809 2762 rerer
831 2722 876 2768 τις
896 2697 987 2770 ἡδέως
1001 2696 1077 2762 “AN
1091 2698 1161 2772 icoc
1174 2700 1358 2779 ἕρωτήσΩΝ

172 2803 313 2879 sotiarat.
361 2799 493 2868 Gaudeo
521 2823 574 2868 me
596 2801 759 2869 Dindorfio
782 2803 928 2887 probasse
952 2805 1121 2882 ἐρωτήσλε
1145 2827 1257 2871 verum
1282 2829 1358 2874 esse.

170 2909 236 2975 Ubi
266 2907 365 2976 semel
392 2910 569 2974 constiterit
592 2909 683 2983 ἡδέως
706 2908 744 2972 ἂν
766 2909 919 2988 ἐρωτήσω,
948 2909 1037 2985 ἡδέως
1062 2910 1101 2975 ἂν
1124 2911 1280 2988 πεύσομαι
1304 2922 1359 2981 aut

174 3014 279 3081 sindlc
303 3014 379 3099 quid
405 3034 462 3099 pro
487 3015 671 3092 ἐρωτήσαιμι
695 3014 748 3080 vel
769 3015 917 3090 πυθοίμην
936 3021 1020 3081 recte
1039 3017 1118 3091 dici,
1138 3023 1210 3082 tum
1230 3020 1362 3085 demum

172 3119 327 3186 librorum
350 3119 480 3186 lectioni
503 3123 748 3206 acquiescemus.
792 3119 883 3201 Quod
907 3121 1054 3206 equidem
1077 3143 1256 3208 numquam
1276 3128 1361 3192 futu·

171 3247 244 3292 rum
268 3247 335 3292 csse
359 3229 436 3292 satis
459 3227 532 3292 scio.

216 3433 296 3521 Pag.
323 3432 399 3499 131.
425 3432 457 3499 2.
482 3435 637 3500 σπουδαῖοι
662 3433 787 3514 νομίζων
812 3473 852 3484 -
878 3435 945 3516 περὶ
966 3431 1004 3501 ὧν
1021 3437 1224 3515 βουλεύεσθε,
1243 3443 1361 3509 rectius

172 3543 205 3604 et
226 3541 334 3604 verius
357 3539 426 3622 (rai)
450 3539 517 3619 περ)
543 3535 580 3604 ὦν
605 3539 800 3618 βουλεύεσθε.

216 3643 406 3710 Rectissime
434 3644 557 3733 legitur
585 3667 659 3734 pag.
692 3644 768 3714 779.
804 3645 834 3711 3.
866 3655 929 3720 τοῖς
961 3643 999 3710 ὧν
1023 3646 1202 3714 ἀπέκτεινεν
1227 3652 1240 3716 ὁ
1264 3653 1358 3728 δῆμος

171 3751 241 3822 τοὺς
274 3749 433 3827 ποτέρως.
467 3751 521 3816 sed
553 3752 586 3814 in
618 3751 691 3817 aliis
714 3751 792 3818 locis
814 3752 891 3818 haec
915 3752 1040 3818 dicendi
1063 3754 1166 3820 forma
1187 3761 1301 3844 periit,
1325 3767 1363 3825 ut

171 3876 245 3944 pag.
272 3852 347 3920 498.
372 3857 416 3932 μὶρ
436 3853 625 3930 πεποιηκότα
644 3858 716 3940 (ΤΑ
737 3856 823 3938 add.)
845 3859 897 3932 ἐφ’
917 3855 959 3930 οἷς
981 3857 1091 3939 εὕρετο.
1113 3867 1145 3926 et
1163 3884 1237 3951 pag.
1265 3865 1360 3932 1123.

174 3960 204 4026 1.
236 3961 395 4050 ύφύρνρσιιι
425 3963 481 4032 τὴν
511 3967 627 4027 σωυτοῦ
660 3963 804 4043 πενθερὰν
830 3969 936 4029 παῦσον
961 3964 1046 4053 (legs
1068 3966 1125 4046 τοὶ)
1151 3967 1210 4046 ἀφ’
1233 3965 1271 4034 ὧν
1295 3969 1359 4053 ἔζη.

171 4072 204 4134 et
226 4086 301 4155 pag:
327 4066 424 4134 1127.
451 4065 481 4131 3.
504 4065 579 4133 drea
603 4069 746 4151 θωυμύζρ
769 4067 894 4142 τούτους
918 4071 994 4158 (leg.
1019 4072 1103 4156 τοὺς)
1127 4072 1182 4152 ὑφ’
1207 4071 1245 4139 ὧν
1271 4079 1357 4159 οιύτῷ

172 4172 384 4254 ύοιυμύζεσύοοι
415 4179 571 4253 προσῆκεν.
605 4180 637 4240 et
663 4195 737 4262 pag.
767 4175 864 4242 1325.
891 4177 921 4242 5.
944 4176 1053 4254 δείξειν
1077 4180 1106 4242 ἐν
1131 4180 1202 4256 ὑμῖν
1227 4206 1359 4261 γεγενη-

171 4279 253 4359 μένοι
283 4277 350 4359 περὶ
382 4275 419 4344 ιἰν
452 4286 585 4345 ποιεῖτοιι
609 4279 798 4362 τὴνφύσιν.
845 4279 976 4350 Codices
998 4285 1041 4349 τοὶ
1066 4287 1279 4366 γεγευιιμένοο,
1305 4293 1359 4357 sed

172 4394 210 4452 tu
240 4392 407 4470 transpone
437 4384 636 4463 γεγενημένα
667 4385 710 4450 τοὶ
742 4387 808 4467 περὶ
842 4385 881 4454 ὦν
911 4391 976 4454 xri.
1009 4391 1082 4458 vide
1105 4413 1200 4479 supra
1222 4397 1262 4462 ad
1284 4418 1358 4488 pag.

174 4491 227 4561 57.
253 4491 304 4557 15.
330 4490 373 4555 τοὶ
396 4491 463 4574 περὶ
487 4486 525 4556 ὧν
546 4489 742 4571 βουλεύεσθε.
