3392 5186
887 355 953 423 396

326 549 351 613 εί
391 549 422 614 δὲ
456 549 509 613 καί
544 543 659 621 οὗτος
693 548 909 612 άίετείται
943 543 1024 611 ίίλλο
1059 543 1171 627 Φνσίν·
1199 541 1295 631 ζάλλα
1327 544 1356 606 τ’
1386 540 1516 623 ἔπειρον.

325 653 399 741 (od.
422 679 457 733 n·
483 653 550 742 33).

373 863 432 931 od.
456 873 504 930 M.
530 863 581 931 78.

507 970 567 1036 οὐδ’
590 971 619 1036 εί
640 994 677 1036 εοι
702 971 804 1052 χεῖρές
828 995 863 1036 τε
889 968 1010 1036 ίεείκοσι
1037 967 1090 1033 καί
1115 966 1204 1041 τοδες
1229 962 1299 1032 είεν.

327 1081 496 1142 annotatur
518 1077 559 1142 ad
581 1076 673 1142 Hisd.
698 1088 733 1144 B.
761 1075 838 1142 489.

464 1183 524 1248 οὐδ’
548 1181 577 1246 εί
597 1205 648 1262 μοι
672 1181 748 1249 δέκα
770 1184 827 1261 ριὲν
850 1187 1013 1260 γλῶσσαι,
1036 1179 1111 1247 δίκα
1136 1180 1166 1245 δὲ
1191 1177 1309 1256 νάματ’
1333 1178 1388 1252 είιι.

328 1292 346 1366 si
372 1290 466 1362 διπλῆ
490 1284 536 1354 ὅτι
560 1291 578 1365 οἱ
602 1287 714 1364 ίδιίτκς
738 1299 794 1364 τῆς
820 1288 992 1370 ὑπερβολῆς
1016 1285 1183 1367 Ὀμιρρικιί·
1209 1284 1261 1350 καί
1282 1286 1312 1349 ἐν
1332 1283 1516 1368 Ὀδυσσείᾳ·

535 1394 586 1458 οὐδ
608 1393 636 1458 εί
655 1395 680 1459 οί
702 1394 805 1475 χεῖρές
830 1418 866 1459 τε
889 1394 998 1459 ἐείκοσι
1019 1392 1071 1457 καί
1095 1393 1186 1465 τίδες
1210 1386 1279 1456 εἷεν.

328 1504 345 1577 ἡ
391 1500 422 1565 δὲ
457 1500 601 1581 άναφορίι
635 1501 707 1580 τρίς
744 1506 812 1573 τοῦς
848 1499 1097 1582 περιγράφοντος
1132 1497 1256 1570 τούτους
1290 1497 1360 1569 τοὺς
1396 1496 1516 1578 τίχοος.

328 1604 538 1672 Manifestum
568 1607 643 1672 hine
674 1610 723 1672 est
743 1606 940 1673 Zenodotum
963 1606 1021 1672 hos
1042 1625 1153 1672 versus
1175 1605 1358 1682 damnasse,
1379 1604 1516 1669 Aristar·

329 1711 427 1776 chum
451 1714 627 1778 retinuisse.

376 1904 434 1971 od.
458 1915 507 1974 M.
533 1904 609 1973 374.

556 2011 635 2078 άκέοι
659 2011 685 2078 δ’
708 2012 817 2093 Ἠελίῳ
842 2011 989 2092 ’Ττερίονι
1013 2009 1155 2089 άνγελος
1182 2003 1280 2083 ίλίεν.

330 2120 370 2186 ud
400 2117 492 2184 Iliad.
523 2126 555 2182 Γ.
591 2116 669 2186 377.
694 2122 880 2184 annotatur:
905 2121 922 2194 ἡ
948 2117 1041 2192 διπλῆ
1067 2118 1139 2198 νιρδς
1162 2119 1217 2192 τίον
1240 2114 1382 2191 άίίτιρσρν
1407 2121 1466 2182 τῶν
1488 2116 1522 2179 ἒν

329 2224 495 2309 Ὀδυσσείᾳ

556 2327 636 2394 ὠκία
658 2328 685 2396 δ’
708 2329 821 2410 Ἠελίῳ
845 2329 993 2411 Ὑπερίονι
1019 2327 1160 2408 άνγελος
1185 2323 1284 2401 ἦλίεν.

331 2439 398 2520 τερί
422 2443 478 2512 τῆς
503 2435 664 2508 άτιολείας
687 2441 746 2501 τῶν
768 2434 846 2512 βοῶν
869 2435 912 2518 τῷ
936 2433 1060 2508 πάντας
1084 2436 1238 2518 ίφοριῖιντι.

377 2614 435 2682 od.
462 2625 501 2680 0.
525 2611 580 2680 45.

512 2719 578 2798 λάξ
601 2719 668 2784 τοδί
693 2720 818 2796 κινιίσοις
841 2719 897 2785 καί
919 2743 971 2800 μιν
997 2718 1069 2802 τρίς
1093 2722 1186 2798 μῦθον
1209 2719 1333 2786 ἔεειτεν.

332 2832 500 2896 annotatur
531 2827 571 2893 ad
598 2825 690 2892 Iliad.
715 2837 751 2893 K.
777 2825 854 2892 158.
877 2827 934 2892 nbi
956 2827 1044 2892 idem
1066 2846 1176 2892 versus
1198 2824 1336 2912 legitur:
1362 2826 1375 2888 ὅ
1400 2825 1522 2906 scepto-

331 2957 383 3006 κοι
406 2929 452 2999 ὅτι
476 2933 611 2999 ε’ντεῦίεν
629 2935 671 3006 είς
689 2935 745 3009 τὴν
764 2932 948 2999 Ὀδιίσσειιιν
968 2931 1154 3012 μετάκειται
1176 2931 1224 2996 ε’νιί
1245 2936 1298 2996 τοῦ
1319 2931 1522 3012 Πεισιςράτοο

331 3043 363 3107 ἐν
386 3041 516 3124 κλινιδίῳ
539 3039 734 3111 καθεύδοντος
759 3040 845 3121 νεαροὶ
869 3037 1030 3120 Μενελάῳ.
1053 3038 1125 3119 τρίς
1148 3037 1180 3103 τί
1199 3033 1247 3102 οὗν
1267 3037 1333 3103 τοδί
1355 3036 1429 3102 ἀλλ’
1449 3038 1521 3118 οὐχί

333 3157 371 3230 τῇ
404 3146 505 3229 χειρίς
540 3150 590 3211 νῦν
619 3147 677 3224 μὲν
706 3145 770 3226 γάρ
802 3141 924 3217 είιιίτοις
956 3144 1005 3209 ἕτί
1037 3153 1093 3220 τῆς
1124 3152 1186 3222 γῆς
1219 3145 1402 3223 κοιμώμενον
1426 3141 1522 3218 οὕτως

334 3254 452 3335 ἐγείρει.

378 3431 437 3499 Od.
465 3439 504 3498 Ο.
528 3429 605 3496 251.

537 3535 669 3606 κάλλεος
692 3531 793 3601 εἵνεκα
815 3541 869 3602 εοίο
893 3533 930 3602 ἵν’
954 3534 1131 3602 ἀθανάτοισι
1155 3536 1248 3615 μετεί
1268 3584 1276 3600 .

378 3647 471 3713 Idem
501 3663 611 3712 versus
641 3647 688 3708 ssi
718 3640 810 3708 Iliad.
836 3652 873 3709 Τ.
898 3640 974 3708 235.
999 3643 1056 3708 ubi
1079 3643 1297 3708 Aristonicus:
1322 3641 1336 3706 ί
1361 3640 1524 3724 άτερίσκος

333 3751 380 3822 ίτι
403 3757 509 3818 τοῦτον
532 3749 688 3834 γράφουσι
712 3750 763 3814 τίν
787 3748 877 3832 τίχον
901 3748 953 3815 καί
979 3751 1010 3814 ἐν
1033 3758 1072 3832 τῇ
1099 3747 1268 3832 Ὀδυσσείᾳ
1288 3747 1337 3813 ίτί
1358 3752 1410 3813 τοῦ
1431 3748 1526 3814 Κλεί-

334 3885 386 3928 του
411 3861 443 3925 οιί
468 3855 606 3936 δεόντως,

380 4040 437 4108 od.
464 4049 497 4104 P.
522 4033 598 4103 359.

514 4140 572 4210 εὗδ’
595 4143 608 4206 ί
632 4139 852 4219 δεδειπνήκειν,
877 4139 891 4206 ί
916 4140 944 4206 δ’
965 4141 1099 4207 ἐπαύετο
1123 4140 1197 4214 ίείος
1222 4141 1331 4215 ιίοιδίς.

336 4255 376 4323 ad
398 4251 492 4318 Iliad.
516 4259 553 4315 X.
579 4246 656 4313 328.

471 4354 531 4422 οὐδ’
554 4353 600 4435 ἄρ’
624 4353 680 4419 άτ’
703 4351 893 4437 άσφάριινον
914 4352 1008 4432 μελίη
1032 4351 1117 4432 τάμε
1143 4352 1380 4436 χαλκοβάρεια,

469 4459 550 4546 ίφρα
573 4458 604 4525 τί
627 4482 680 4539 μιν
704 4459 883 4543 τροτιιείτοι
907 4459 1114 4540 άμειβίμενος
1137 4459 1305 4529 εειτέεσσιν.
