<?xml version="1.0" encoding="UTF-8"?>
<!DOCTYPE html PUBLIC "-//W3C//DTD XHTML 1.0 Transitional//EN"
    "http://www.w3.org/TR/xhtml1/DTD/xhtml1-transitional.dtd">
<html xmlns="http://www.w3.org/1999/xhtml" xml:lang="en" lang="en">
 <head>
  <title>
</title>
<meta http-equiv="Content-Type" content="text/html;charset=utf-8" />
  <meta name='ocr-system' content='tesseract 3.04.00' />
  <meta name='ocr-capabilities' content='ocr_page ocr_carea ocr_par ocr_line ocrx_word'/>
</head>
<body>
  <div class='ocr_page' id='page_1' title='image "./miscellaneacrit01cobegoog_0077.png"; bbox 0 0 3358 5200; ppageno 0'>
   <div class='ocr_carea' id='block_1_1' title="bbox 908 377 951 445">
    <p class='ocr_par' dir='ltr' id='par_1_1' title="bbox 908 377 951 445">
     <span class='ocr_line' id='line_1_1' title="bbox 908 377 951 445; baseline 0.023 -1"><span class='ocrx_word' id='word_1_1' title='bbox 908 377 951 445; x_wconf 78' lang='lat'>52</span> 
     </span>
    </p>
   </div>
   <div class='ocr_carea' id='block_1_2' title="bbox 338 566 1543 2446">
    <p class='ocr_par' dir='ltr' id='par_1_2' title="bbox 338 566 1543 2030">
     <span class='ocr_line' id='line_1_2' title="bbox 342 566 1543 656; baseline 0 -24"><span class='ocrx_word' id='word_1_2' title='bbox 342 567 495 633; x_wconf 84' lang='lat' dir='ltr'>servanda</span> <span class='ocrx_word' id='word_1_3' title='bbox 536 589 613 634; x_wconf 86' lang='lat' dir='ltr'>vera</span> <span class='ocrx_word' id='word_1_4' title='bbox 646 566 783 634; x_wconf 89' lang='lat' dir='ltr'>lectione</span> <span class='ocrx_word' id='word_1_5' title='bbox 817 569 851 632; x_wconf 94' lang='lat' dir='ltr'>in</span> <span class='ocrx_word' id='word_1_6' title='bbox 894 567 1072 653; x_wconf 68' lang='lat' dir='ltr'>Olynthium</span> <span class='ocrx_word' id='word_1_7' title='bbox 1104 567 1148 634; x_wconf 90' lang='lat' dir='ltr'>Il.</span> <span class='ocrx_word' id='word_1_8' title='bbox 1181 588 1257 656; x_wconf 80' lang='lat' dir='ltr'>pag.</span> <span class='ocrx_word' id='word_1_9' title='bbox 1293 567 1347 634; x_wconf 82' lang='lat'>21.</span> <span class='ocrx_word' id='word_1_10' title='bbox 1386 568 1440 634; x_wconf 88' lang='grc'>16.</span> <span class='ocrx_word' id='word_1_11' title='bbox 1477 569 1543 634; x_wconf 92' lang='lat' dir='ltr'>ubi</span> 
     </span>
     <span class='ocr_line' id='line_1_3' title="bbox 342 669 1541 758; baseline -0.001 -20"><span class='ocrx_word' id='word_1_12' title='bbox 342 669 473 739; x_wconf 81' lang='lat' dir='ltr'>Codices</span> <span class='ocrx_word' id='word_1_13' title='bbox 505 693 615 739; x_wconf 87' lang='lat' dir='ltr'>omnes</span> <span class='ocrx_word' id='word_1_14' title='bbox 643 675 684 739; x_wconf 86' lang='lat' dir='ltr'>ad</span> <span class='ocrx_word' id='word_1_15' title='bbox 713 694 817 738; x_wconf 88' lang='lat' dir='ltr'>unum</span> <span class='ocrx_word' id='word_1_16' title='bbox 846 673 928 738; x_wconf 87' lang='lat' dir='ltr'>hanc</span> <span class='ocrx_word' id='word_1_17' title='bbox 959 675 1151 758; x_wconf 69' lang='lat' dir='ltr'>scripturam</span> <span class='ocrx_word' id='word_1_18' title='bbox 1183 673 1353 738; x_wconf 73' lang='lat' dir='ltr'><strong>exhibent:</strong></span> <span class='ocrx_word' id='word_1_19' title='bbox 1377 676 1416 746; x_wconf 77' lang='grc' dir='ltr'>ὡς</span> <span class='ocrx_word' id='word_1_20' title='bbox 1445 671 1541 745; x_wconf 75' lang='grc' dir='ltr'>ἅπας</span> 
     </span>
     <span class='ocr_line' id='line_1_4' title="bbox 342 777 1538 860; baseline 0 -19"><span class='ocrx_word' id='word_1_21' title='bbox 342 780 399 855; x_wconf 75' lang='grc' dir='ltr'>μὲν</span> <span class='ocrx_word' id='word_1_22' title='bbox 422 779 515 856; x_wconf 73' lang='grc' dir='ltr'><strong><em>λόγος</em></strong></span> <span class='ocrx_word' id='word_1_23' title='bbox 538 779 576 844; x_wconf 79' lang='grc' dir='ltr'>οἷν</span> <span class='ocrx_word' id='word_1_24' title='bbox 600 783 667 860; x_wconf 67' lang='grc' dir='ltr'>ἀπῇ</span> <span class='ocrx_word' id='word_1_25' title='bbox 690 779 734 844; x_wconf 73' lang='grc' dir='ltr'><strong><em>τὰ</em></strong></span> <span class='ocrx_word' id='word_1_26' title='bbox 757 779 938 859; x_wconf 70' lang='grc' dir='ltr'><strong><em>πράγματα</em></strong></span> <span class='ocrx_word' id='word_1_27' title='bbox 963 777 1100 855; x_wconf 71' lang='grc' dir='ltr'><strong><em>μάταιόν</em></strong></span> <span class='ocrx_word' id='word_1_28' title='bbox 1122 803 1153 844; x_wconf 91' lang='grc' dir='ltr'><strong><em>τι</em></strong></span> <span class='ocrx_word' id='word_1_29' title='bbox 1176 781 1326 860; x_wconf 78' lang='grc' dir='ltr'><strong><em>Φαίνεται</em></strong></span> <span class='ocrx_word' id='word_1_30' title='bbox 1351 779 1404 844; x_wconf 72' lang='grc' dir='ltr'>καὶ</span> <span class='ocrx_word' id='word_1_31' title='bbox 1428 777 1538 851; x_wconf 76' lang='grc' dir='ltr'><strong><em>κενόν,</em></strong></span> 
     </span>
     <span class='ocr_line' id='line_1_5' title="bbox 341 881 1541 966; baseline -0.002 -16"><span class='ocrx_word' id='word_1_32' title='bbox 341 883 467 962; x_wconf 63' lang='lat' dir='ltr'>cesara</span> <span class='ocrx_word' id='word_1_33' title='bbox 495 885 528 952; x_wconf 79' lang='grc' dir='ltr'>δὲ</span> <span class='ocrx_word' id='word_1_34' title='bbox 559 887 574 950; x_wconf 84' lang='lat' dir='ltr'>d</span> <span class='ocrx_word' id='word_1_35' title='bbox 604 886 692 965; x_wconf 82' lang='grc' dir='ltr'><strong><em>ταροὶ</em></strong></span> <span class='ocrx_word' id='word_1_36' title='bbox 723 895 780 960; x_wconf 80' lang='grc' dir='ltr'><strong><em>τοῖς</em></strong></span> <span class='ocrx_word' id='word_1_37' title='bbox 813 883 965 963; x_wconf 71' lang='grc' dir='ltr'><strong><em>ἡμετέρας</em></strong></span> <span class='ocrx_word' id='word_1_38' title='bbox 995 884 1133 958; x_wconf 70' lang='grc' dir='ltr'>πόλεως·</span> <span class='ocrx_word' id='word_1_39' title='bbox 1165 881 1223 966; x_wconf 72' lang='grc' dir='ltr'><strong><em>ὅτῳ</em></strong></span> <span class='ocrx_word' id='word_1_40' title='bbox 1255 893 1333 950; x_wconf 83' lang='grc' dir='ltr'>ΓΛΡ</span> <span class='ocrx_word' id='word_1_41' title='bbox 1358 885 1541 960; x_wconf 73' lang='grc' dir='ltr'><strong><em>ἑτοιμότατ’</em></strong></span> 
     </span>
     <span class='ocr_line' id='line_1_6' title="bbox 338 989 1539 1072; baseline 0 -18"><span class='ocrx_word' id='word_1_42' title='bbox 338 991 427 1072; x_wconf 78' lang='grc' dir='ltr'><strong><em>αὐτῷ</em></strong></span> <span class='ocrx_word' id='word_1_43' title='bbox 458 991 604 1067; x_wconf 72' lang='grc' dir='ltr'><strong><em>δοκοῦμεν</em></strong></span> <span class='ocrx_word' id='word_1_44' title='bbox 634 989 768 1071; x_wconf 76' lang='grc' dir='ltr'><strong><em>χρῆσθαι</em></strong></span> <span class='ocrx_word' id='word_1_45' title='bbox 801 990 934 1068; x_wconf 81' lang='grc' dir='ltr'><strong><em>τοτούτιρ</em></strong></span> <span class='ocrx_word' id='word_1_46' title='bbox 965 993 1090 1066; x_wconf 70' lang='grc' dir='ltr'><strong><em>μὶλλον</em></strong></span> <span class='ocrx_word' id='word_1_47' title='bbox 1120 991 1266 1059; x_wconf 75' lang='grc' dir='ltr'><strong><em>ὶτιςοῦτι</em></strong></span> <span class='ocrx_word' id='word_1_48' title='bbox 1293 989 1411 1062; x_wconf 70' lang='grc' dir='ltr'><strong><em>πάντες</em></strong></span> <span class='ocrx_word' id='word_1_49' title='bbox 1434 991 1539 1070; x_wconf 74' lang='grc' dir='ltr'><strong><em>αὐτῷ.</em></strong></span> 
     </span>
     <span class='ocr_line' id='line_1_7' title="bbox 341 1093 1540 1183; baseline 0 -23"><span class='ocrx_word' id='word_1_50' title='bbox 341 1094 427 1175; x_wconf 84' lang='lat' dir='ltr'>Quid</span> <span class='ocrx_word' id='word_1_51' title='bbox 448 1096 596 1161; x_wconf 82' lang='lat' dir='ltr'>falsarius</span> <span class='ocrx_word' id='word_1_52' title='bbox 617 1093 745 1162; x_wconf 79' lang='lat' dir='ltr'>noster?</span> <span class='ocrx_word' id='word_1_53' title='bbox 767 1115 842 1183; x_wconf 79' lang='lat' dir='ltr'>pag.</span> <span class='ocrx_word' id='word_1_54' title='bbox 869 1093 945 1159; x_wconf 82' lang='grc'><strong>158.</strong></span> <span class='ocrx_word' id='word_1_55' title='bbox 970 1094 1024 1160; x_wconf 89' lang='grc'>16.</span> <span class='ocrx_word' id='word_1_56' title='bbox 1050 1095 1185 1161; x_wconf 88' lang='lat' dir='ltr'>eandem</span> <span class='ocrx_word' id='word_1_57' title='bbox 1208 1097 1400 1162; x_wconf 86' lang='lat' dir='ltr'>sententiam</span> <span class='ocrx_word' id='word_1_58' title='bbox 1423 1097 1540 1180; x_wconf 87' lang='lat' dir='ltr'>paucis</span> 
     </span>
     <span class='ocr_line' id='line_1_8' title="bbox 339 1198 1540 1276; baseline -0.002 -10"><span class='ocrx_word' id='word_1_59' title='bbox 339 1207 465 1266; x_wconf 90' lang='lat' dir='ltr'>tantum</span> <span class='ocrx_word' id='word_1_60' title='bbox 498 1201 605 1267; x_wconf 86' lang='lat' dir='ltr'>verbis</span> <span class='ocrx_word' id='word_1_61' title='bbox 635 1203 771 1266; x_wconf 89' lang='lat' dir='ltr'>mutatis</span> <span class='ocrx_word' id='word_1_62' title='bbox 802 1203 836 1264; x_wconf 94' lang='lat' dir='ltr'>in</span> <span class='ocrx_word' id='word_1_63' title='bbox 865 1221 962 1266; x_wconf 87' lang='lat' dir='ltr'>usum</span> <span class='ocrx_word' id='word_1_64' title='bbox 985 1221 1082 1265; x_wconf 85' lang='lat' dir='ltr'>sunm</span> <span class='ocrx_word' id='word_1_65' title='bbox 1105 1203 1279 1266; x_wconf 84' lang='lat' dir='ltr'>convertit:</span> <span class='ocrx_word' id='word_1_66' title='bbox 1303 1203 1341 1270; x_wconf 74' lang='lat' dir='ltr'>cir</span> <span class='ocrx_word' id='word_1_67' title='bbox 1365 1198 1453 1272; x_wconf 76' lang='grc' dir='ltr'><strong><em>ἆτος</em></strong></span> <span class='ocrx_word' id='word_1_68' title='bbox 1476 1199 1540 1276; x_wconf 79' lang='grc' dir='ltr'>μέν</span> 
     </span>
     <span class='ocr_line' id='line_1_9' title="bbox 341 1305 1539 1386; baseline 0 -16"><span class='ocrx_word' id='word_1_69' title='bbox 341 1307 385 1376; x_wconf 75' lang='grc' dir='ltr'><strong><em>ἔτι</em></strong></span> <span class='ocrx_word' id='word_1_70' title='bbox 410 1305 504 1385; x_wconf 71' lang='grc' dir='ltr'><strong><em>λόγος</em></strong></span> <span class='ocrx_word' id='word_1_71' title='bbox 527 1307 663 1383; x_wconf 80' lang='grc' dir='ltr'><strong><em>μα’ταιος</em></strong></span> <span class='ocrx_word' id='word_1_72' title='bbox 686 1305 826 1385; x_wconf 68' lang='grc' dir='ltr'><strong><em>πράξεων</em></strong></span> <span class='ocrx_word' id='word_1_73' title='bbox 848 1305 971 1384; x_wconf 72' lang='grc' dir='ltr'><strong><em>ἄμοιρος</em></strong></span> <span class='ocrx_word' id='word_1_74' title='bbox 996 1307 1180 1384; x_wconf 77' lang='grc' dir='ltr'><strong><em>γενόμενος,</em></strong></span> <span class='ocrx_word' id='word_1_75' title='bbox 1203 1307 1336 1386; x_wconf 76' lang='grc' dir='ltr'><strong><em>τοσούτῳ</em></strong></span> <span class='ocrx_word' id='word_1_76' title='bbox 1357 1307 1389 1371; x_wconf 76' lang='grc' dir='ltr'>δὲ</span> <span class='ocrx_word' id='word_1_77' title='bbox 1408 1305 1539 1383; x_wconf 69' lang='grc' dir='ltr'><strong><em>μόλιςα</em></strong></span> 
     </span>
     <span class='ocr_line' id='line_1_10' title="bbox 341 1408 1538 1492; baseline -0.001 -14"><span class='ocrx_word' id='word_1_78' title='bbox 341 1414 355 1478; x_wconf 83' lang='lat' dir='ltr'>l</span> <span class='ocrx_word' id='word_1_79' title='bbox 388 1413 475 1492; x_wconf 73' lang='grc' dir='ltr'><strong><em>παρὰ</em></strong></span> <span class='ocrx_word' id='word_1_80' title='bbox 507 1419 562 1485; x_wconf 76' lang='grc' dir='ltr'><strong><em>τῆς</em></strong></span> <span class='ocrx_word' id='word_1_81' title='bbox 593 1412 747 1491; x_wconf 73' lang='grc' dir='ltr'><strong><em>ἡμετέρας</em></strong></span> <span class='ocrx_word' id='word_1_82' title='bbox 778 1411 897 1482; x_wconf 75' lang='grc' dir='ltr'><strong><em>πόλεως</em></strong></span> <span class='ocrx_word' id='word_1_83' title='bbox 927 1408 985 1491; x_wconf 79' lang='grc' dir='ltr'>ὅσῳ</span> <span class='ocrx_word' id='word_1_84' title='bbox 1017 1413 1164 1489; x_wconf 76' lang='grc' dir='ltr'><strong><em>δοκοῦμεν</em></strong></span> <span class='ocrx_word' id='word_1_85' title='bbox 1194 1414 1279 1492; x_wconf 72' lang='grc' dir='ltr'><strong><em>αὐτῷ</em></strong></span> <span class='ocrx_word' id='word_1_86' title='bbox 1303 1413 1538 1491; x_wconf 71' lang='grc' dir='ltr'>προχειρότατα</span> 
     </span>
     <span class='ocr_line' id='line_1_11' title="bbox 339 1514 1540 1604; baseline 0.002 -23"><span class='ocrx_word' id='word_1_87' title='bbox 339 1519 472 1598; x_wconf 74' lang='grc' dir='ltr'><strong><em>χρῆσθαι</em></strong></span> <span class='ocrx_word' id='word_1_88' title='bbox 504 1524 562 1583; x_wconf 78' lang='grc' dir='ltr'><strong><em>τῶν</em></strong></span> <span class='ocrx_word' id='word_1_89' title='bbox 592 1517 698 1604; x_wconf 76' lang='grc' dir='ltr'><strong><em>ᾅλλων</em></strong></span> <span class='ocrx_word' id='word_1_90' title='bbox 726 1519 892 1591; x_wconf 71' lang='grc' dir='ltr'>Ἑλλήνων.</span> <span class='ocrx_word' id='word_1_91' title='bbox 941 1514 1074 1582; x_wconf 79' lang='lat' dir='ltr'>Certum</span> <span class='ocrx_word' id='word_1_92' title='bbox 1106 1523 1155 1583; x_wconf 82' lang='lat' dir='ltr'>est</span> <span class='ocrx_word' id='word_1_93' title='bbox 1178 1519 1263 1584; x_wconf 90' lang='lat' dir='ltr'>hunc</span> <span class='ocrx_word' id='word_1_94' title='bbox 1286 1517 1394 1583; x_wconf 87' lang='lat' dir='ltr'>locum</span> <span class='ocrx_word' id='word_1_95' title='bbox 1414 1539 1454 1584; x_wconf 80' lang='lat' dir='ltr'>ex</span> <span class='ocrx_word' id='word_1_96' title='bbox 1476 1518 1540 1584; x_wconf 85' lang='lat' dir='ltr'>illo</span> 
     </span>
     <span class='ocr_line' id='line_1_12' title="bbox 340 1623 1540 1711; baseline 0.002 -23"><span class='ocrx_word' id='word_1_97' title='bbox 340 1641 501 1688; x_wconf 84' lang='lat' dir='ltr'>manasse:</span> <span class='ocrx_word' id='word_1_98' title='bbox 525 1627 636 1710; x_wconf 81' lang='lat' dir='ltr'>negari</span> <span class='ocrx_word' id='word_1_99' title='bbox 659 1623 694 1688; x_wconf 93' lang='lat' dir='ltr'>id</span> <span class='ocrx_word' id='word_1_100' title='bbox 716 1644 780 1690; x_wconf 91' lang='lat' dir='ltr'>non</span> <span class='ocrx_word' id='word_1_101' title='bbox 799 1628 911 1709; x_wconf 84' lang='lat' dir='ltr'>potest</span> <span class='ocrx_word' id='word_1_102' title='bbox 959 1623 1046 1710; x_wconf 81' lang='lat' dir='ltr'>Itrgo</span> <span class='ocrx_word' id='word_1_103' title='bbox 1066 1624 1141 1688; x_wconf 89' lang='lat' dir='ltr'>hinc</span> <span class='ocrx_word' id='word_1_104' title='bbox 1161 1625 1332 1690; x_wconf 81' lang='lat' dir='ltr'>manifesto</span> <span class='ocrx_word' id='word_1_105' title='bbox 1351 1628 1540 1711; x_wconf 75' lang='lat' dir='ltr'>agnoscitur</span> 
     </span>
     <span class='ocr_line' id='line_1_13' title="bbox 340 1728 1539 1815; baseline 0.002 -21"><span class='ocrx_word' id='word_1_106' title='bbox 340 1749 456 1794; x_wconf 88' lang='lat' dir='ltr'>manus</span> <span class='ocrx_word' id='word_1_107' title='bbox 497 1729 638 1794; x_wconf 86' lang='lat' dir='ltr'>Oratoris</span> <span class='ocrx_word' id='word_1_108' title='bbox 672 1735 811 1795; x_wconf 88' lang='lat' dir='ltr'>correcto</span> <span class='ocrx_word' id='word_1_109' title='bbox 845 1728 911 1794; x_wconf 83' lang='lat' dir='ltr'>levi</span> <span class='ocrx_word' id='word_1_110' title='bbox 945 1749 1049 1795; x_wconf 89' lang='lat' dir='ltr'>errore</span> <span class='ocrx_word' id='word_1_111' title='bbox 1084 1737 1117 1794; x_wconf 91' lang='lat' dir='ltr'>et</span> <span class='ocrx_word' id='word_1_112' title='bbox 1151 1739 1308 1815; x_wconf 87' lang='lat' dir='ltr'>expuncto</span> <span class='ocrx_word' id='word_1_113' title='bbox 1341 1729 1539 1796; x_wconf 78' lang='lat' dir='ltr'><strong>emblemate</strong></span> 
     </span>
     <span class='ocr_line' id='line_1_14' title="bbox 340 1832 1539 1916; baseline 0.001 -17"><span class='ocrx_word' id='word_1_114' title='bbox 340 1834 467 1913; x_wconf 78' lang='grc' dir='ltr'><strong><em>μα’λιςα</em></strong></span> <span class='ocrx_word' id='word_1_115' title='bbox 502 1835 534 1898; x_wconf 74' lang='grc' dir='ltr'>δὲ</span> <span class='ocrx_word' id='word_1_116' title='bbox 568 1835 582 1898; x_wconf 80' lang='grc' dir='ltr'>ὁ</span> <span class='ocrx_word' id='word_1_117' title='bbox 617 1835 704 1915; x_wconf 72' lang='grc' dir='ltr'><strong><em>παρὰ</em></strong></span> <span class='ocrx_word' id='word_1_118' title='bbox 735 1844 792 1909; x_wconf 75' lang='grc' dir='ltr'><strong><em>τῆς</em></strong></span> <span class='ocrx_word' id='word_1_119' title='bbox 824 1834 975 1915; x_wconf 72' lang='grc' dir='ltr'><strong><em>ἡμετέρας</em></strong></span> <span class='ocrx_word' id='word_1_120' title='bbox 1005 1835 1125 1909; x_wconf 73' lang='grc' dir='ltr'><strong><em>πόλεως</em></strong></span> <span class='ocrx_word' id='word_1_121' title='bbox 1158 1832 1215 1916; x_wconf 76' lang='grc' dir='ltr'>ὅτῳ</span> <span class='ocrx_word' id='word_1_122' title='bbox 1249 1845 1321 1900; x_wconf 81' lang='grc' dir='ltr'>ΚΑΙ</span> <span class='ocrx_word' id='word_1_123' title='bbox 1354 1834 1539 1913; x_wconf 73' lang='grc' dir='ltr'><strong><em>ἑτοιμότατ’</em></strong></span> 
     </span>
     <span class='ocr_line' id='line_1_15' title="bbox 342 1938 1410 2030; baseline 0.001 -26"><span class='ocrx_word' id='word_1_124' title='bbox 342 1943 427 2020; x_wconf 78' lang='grc' dir='ltr'><strong><em>αὐτῷ</em></strong></span> <span class='ocrx_word' id='word_1_125' title='bbox 452 1942 596 2019; x_wconf 76' lang='grc' dir='ltr'><strong><em>δοκοῦμεν</em></strong></span> <span class='ocrx_word' id='word_1_126' title='bbox 619 1942 766 2022; x_wconf 76' lang='grc' dir='ltr'>χρῆσθαι.</span> <span class='ocrx_word' id='word_1_127' title='bbox 792 1938 841 2006; x_wconf 81' lang='lat' dir='ltr'>Of.</span> <span class='ocrx_word' id='word_1_128' title='bbox 866 1942 1010 2005; x_wconf 82' lang='grc' dir='ltr'><strong><em>Μινοιιιοι.</em></strong></span> <span class='ocrx_word' id='word_1_129' title='bbox 1039 1940 1138 2007; x_wconf 65' lang='grc'><strong>11575.</strong></span> <span class='ocrx_word' id='word_1_130' title='bbox 1162 1963 1236 2030; x_wconf 81' lang='lat' dir='ltr'>pag.</span> <span class='ocrx_word' id='word_1_131' title='bbox 1264 1941 1341 2006; x_wconf 84' lang='lat'>424.</span> <span class='ocrx_word' id='word_1_132' title='bbox 1364 1962 1410 2026; x_wconf 89' lang='lat' dir='ltr'>sq.</span> 
     </span>
    </p>

    <p class='ocr_par' dir='ltr' id='par_1_3' title="bbox 339 2046 1538 2446">
     <span class='ocr_line' id='line_1_16' title="bbox 383 2046 1538 2133; baseline 0.001 -21"><span class='ocrx_word' id='word_1_133' title='bbox 383 2047 562 2133; x_wconf 78' lang='lat' dir='ltr'>Perpetuus</span> <span class='ocrx_word' id='word_1_134' title='bbox 595 2046 821 2114; x_wconf 80' lang='lat' dir='ltr'>Demosthenis</span> <span class='ocrx_word' id='word_1_135' title='bbox 854 2049 1000 2111; x_wconf 90' lang='lat' dir='ltr'>imitator</span> <span class='ocrx_word' id='word_1_136' title='bbox 1034 2047 1189 2112; x_wconf 84' lang='lat' dir='ltr'>Libenius</span> <span class='ocrx_word' id='word_1_137' title='bbox 1229 2049 1264 2111; x_wconf 93' lang='lat' dir='ltr'>in</span> <span class='ocrx_word' id='word_1_138' title='bbox 1303 2046 1538 2114; x_wconf 73' lang='lat' dir='ltr'>declamatione</span> 
     </span>
     <span class='ocr_line' id='line_1_17' title="bbox 339 2149 1538 2240; baseline 0 -22"><span class='ocrx_word' id='word_1_139' title='bbox 339 2175 441 2240; x_wconf 90' lang='lat' dir='ltr'>nuper</span> <span class='ocrx_word' id='word_1_140' title='bbox 473 2157 615 2240; x_wconf 87' lang='lat' dir='ltr'>primurn</span> <span class='ocrx_word' id='word_1_141' title='bbox 647 2153 734 2218; x_wconf 90' lang='lat' dir='ltr'>edita</span> <span class='ocrx_word' id='word_1_142' title='bbox 767 2151 906 2238; x_wconf 76' lang='grc' dir='ltr'><strong><em>(Ηοτνιιιι</em></strong></span> <span class='ocrx_word' id='word_1_143' title='bbox 937 2149 1025 2217; x_wconf 86' lang='grc'><strong>1874</strong></span> <span class='ocrx_word' id='word_1_144' title='bbox 1068 2174 1143 2240; x_wconf 87' lang='lat' dir='ltr'>pag.</span> <span class='ocrx_word' id='word_1_145' title='bbox 1174 2151 1245 2239; x_wconf 82' lang='lat'>29.)</span> <span class='ocrx_word' id='word_1_146' title='bbox 1276 2189 1318 2200; x_wconf 92' lang='lat'>—</span> <span class='ocrx_word' id='word_1_147' title='bbox 1342 2154 1538 2232; x_wconf 66' lang='lat' dir='ltr'>repeteretur</span> 
     </span>
     <span class='ocr_line' id='line_1_18' title="bbox 339 2257 1537 2340; baseline 0.002 -17"><span class='ocrx_word' id='word_1_148' title='bbox 339 2265 393 2324; x_wconf 80' lang='grc' dir='ltr'><strong><em>τοῦ</em></strong></span> <span class='ocrx_word' id='word_1_149' title='bbox 425 2258 547 2330; x_wconf 72' lang='grc' dir='ltr'><strong><em>πάντας</em></strong></span> <span class='ocrx_word' id='word_1_150' title='bbox 580 2259 637 2336; x_wconf 76' lang='grc' dir='ltr'>μὲν</span> <span class='ocrx_word' id='word_1_151' title='bbox 669 2260 866 2336; x_wconf 75' lang='grc' dir='ltr'><strong><em>ἐνοχλοῦντος</em></strong></span> <span class='ocrx_word' id='word_1_152' title='bbox 892 2257 962 2330; x_wconf 81' lang='grc' dir='ltr'><strong><em>τοὺς</em></strong></span> <span class='ocrx_word' id='word_1_153' title='bbox 986 2258 1226 2336; x_wconf 76' lang='grc' dir='ltr'><strong><em>εὐδοκιμοῦντας</em></strong></span> <span class='ocrx_word' id='word_1_154' title='bbox 1248 2257 1380 2340; x_wconf 73' lang='grc' dir='ltr'><strong><em>Φθόνου,</em></strong></span> <span class='ocrx_word' id='word_1_155' title='bbox 1406 2260 1537 2335; x_wconf 77' lang='grc' dir='ltr'><strong><em>μάλιςα</em></strong></span> 
     </span>
     <span class='ocr_line' id='line_1_19' title="bbox 341 2361 1047 2446; baseline 0 -17"><span class='ocrx_word' id='word_1_156' title='bbox 341 2363 371 2429; x_wconf 77' lang='grc' dir='ltr'>δὲ</span> <span class='ocrx_word' id='word_1_157' title='bbox 395 2361 452 2446; x_wconf 80' lang='grc' dir='ltr'>ὅόῳ</span> <span class='ocrx_word' id='word_1_158' title='bbox 476 2364 528 2430; x_wconf 70' lang='grc' dir='ltr'>καὶ</span> <span class='ocrx_word' id='word_1_159' title='bbox 552 2364 674 2442; x_wconf 60' lang='lat' dir='ltr'>{edyssa</span> <span class='ocrx_word' id='word_1_160' title='bbox 698 2366 772 2429; x_wconf 76' lang='grc' dir='ltr'><strong><em>δοκῶ</em></strong></span> <span class='ocrx_word' id='word_1_161' title='bbox 797 2364 958 2444; x_wconf 74' lang='grc' dir='ltr'><strong><em>κατορθοῦν</em></strong></span> <span class='ocrx_word' id='word_1_162' title='bbox 980 2364 1047 2440; x_wconf 76' lang='grc' dir='ltr'>ἐμέ.</span> 
     </span>
    </p>
   </div>
   <div class='ocr_carea' id='block_1_3' title="bbox 691 2579 1171 2645">
    <p class='ocr_par' dir='ltr' id='par_1_4' title="bbox 691 2579 1171 2645">
     <span class='ocr_line' id='line_1_20' title="bbox 691 2579 1171 2645; baseline 0.008 -4"><span class='ocrx_word' id='word_1_163' title='bbox 691 2579 923 2642; x_wconf 76' lang='grc' dir='ltr'><strong>ἘΠΙΟΤΟΛΗ</strong></span> <span class='ocrx_word' id='word_1_164' title='bbox 948 2585 1171 2645; x_wconf 79' lang='grc' dir='ltr'><strong>ΦΙΛΙΠΠΟΤ.</strong></span> 
     </span>
    </p>
   </div>
   <div class='ocr_carea' id='block_1_4' title="bbox 332 2788 1537 4144">
    <p class='ocr_par' dir='ltr' id='par_1_5' title="bbox 333 2788 1537 3830">
     <span class='ocr_line' id='line_1_21' title="bbox 382 2788 1535 2877; baseline 0.002 -23"><span class='ocrx_word' id='word_1_165' title='bbox 382 2789 533 2876; x_wconf 74' lang='lat' dir='ltr'>Sequitur</span> <span class='ocrx_word' id='word_1_166' title='bbox 552 2788 680 2862; x_wconf 68' lang='grc' dir='ltr'><strong><em>ἓτιτολδι</em></strong></span> <span class='ocrx_word' id='word_1_167' title='bbox 701 2788 878 2862; x_wconf 72' lang='grc' dir='ltr'><strong><em>Φιλίππου,</em></strong></span> <span class='ocrx_word' id='word_1_168' title='bbox 898 2809 996 2874; x_wconf 86' lang='lat' dir='ltr'>quom</span> <span class='ocrx_word' id='word_1_169' title='bbox 1017 2808 1080 2854; x_wconf 93' lang='lat' dir='ltr'>non</span> <span class='ocrx_word' id='word_1_170' title='bbox 1095 2791 1201 2877; x_wconf 81' lang='lat' dir='ltr'>magis</span> <span class='ocrx_word' id='word_1_171' title='bbox 1211 2789 1384 2874; x_wconf 91' lang='lat' dir='ltr'>Philippus</span> <span class='ocrx_word' id='word_1_172' title='bbox 1395 2788 1535 2856; x_wconf 88' lang='lat' dir='ltr'>Macedo</span> 
     </span>
     <span class='ocr_line' id='line_1_22' title="bbox 337 2881 1536 2981; baseline 0.002 -21"><span class='ocrx_word' id='word_1_173' title='bbox 337 2897 463 2980; x_wconf 89' lang='lat' dir='ltr'>scripsit</span> <span class='ocrx_word' id='word_1_174' title='bbox 493 2916 591 2981; x_wconf 85' lang='lat' dir='ltr'>quam</span> <span class='ocrx_word' id='word_1_175' title='bbox 621 2904 678 2960; x_wconf 90' lang='lat' dir='ltr'>aut</span> <span class='ocrx_word' id='word_1_176' title='bbox 708 2900 762 2971; x_wconf 89' lang='lat' dir='ltr'>tu,</span> <span class='ocrx_word' id='word_1_177' title='bbox 796 2897 853 2980; x_wconf 89' lang='lat' dir='ltr'>qui</span> <span class='ocrx_word' id='word_1_178' title='bbox 884 2881 963 2959; x_wconf 82' lang='lat' dir='ltr'>haec</span> <span class='ocrx_word' id='word_1_179' title='bbox 994 2892 1095 2980; x_wconf 80' lang='lat' dir='ltr'>legis,</span> <span class='ocrx_word' id='word_1_180' title='bbox 1128 2900 1185 2960; x_wconf 87' lang='lat' dir='ltr'>sut</span> <span class='ocrx_word' id='word_1_181' title='bbox 1215 2914 1285 2981; x_wconf 81' lang='lat' dir='ltr'>ego.</span> <span class='ocrx_word' id='word_1_182' title='bbox 1339 2893 1536 2962; x_wconf 85' lang='lat' dir='ltr'>Rectissime</span> 
     </span>
     <span class='ocr_line' id='line_1_23' title="bbox 336 2997 1537 3088; baseline 0.001 -23"><span class='ocrx_word' id='word_1_183' title='bbox 336 3001 492 3066; x_wconf 85' lang='lat' dir='ltr'>iudicavit</span> <span class='ocrx_word' id='word_1_184' title='bbox 534 3000 690 3088; x_wconf 78' lang='lat' dir='ltr'>Taylorus</span> <span class='ocrx_word' id='word_1_185' title='bbox 724 3001 809 3086; x_wconf 90' lang='lat' dir='ltr'>apud</span> <span class='ocrx_word' id='word_1_186' title='bbox 842 2997 1043 3065; x_wconf 88' lang='lat' dir='ltr'>Dindorfium</span> <span class='ocrx_word' id='word_1_187' title='bbox 1071 2999 1112 3064; x_wconf 88' lang='lat' dir='ltr'>ad</span> <span class='ocrx_word' id='word_1_188' title='bbox 1142 3000 1174 3063; x_wconf 92' lang='lat' dir='ltr'>h.</span> <span class='ocrx_word' id='word_1_189' title='bbox 1199 2999 1220 3063; x_wconf 93' lang='lat' dir='ltr'>l.</span> <span class='ocrx_word' id='word_1_190' title='bbox 1255 3000 1363 3077; x_wconf 78' lang='lat' dir='ltr'>„Mili</span> <span class='ocrx_word' id='word_1_191' title='bbox 1392 3001 1537 3066; x_wconf 73' lang='lat' dir='ltr'>videntur</span> 
     </span>
     <span class='ocr_line' id='line_1_24' title="bbox 333 3105 1537 3192; baseline 0.002 -22"><span class='ocrx_word' id='word_1_192' title='bbox 333 3108 468 3192; x_wconf 81' lang='lat' dir='ltr'>profecto</span> <span class='ocrx_word' id='word_1_193' title='bbox 498 3129 561 3170; x_wconf 83' lang='lat' dir='ltr'>cum</span> <span class='ocrx_word' id='word_1_194' title='bbox 595 3107 720 3192; x_wconf 67' lang='grc' dir='ltr'><strong><em>οριζιιοίο</em></strong></span> <span class='ocrx_word' id='word_1_195' title='bbox 750 3105 908 3189; x_wconf 70' lang='lat' dir='ltr'>Philippi,</span> <span class='ocrx_word' id='word_1_196' title='bbox 932 3112 993 3174; x_wconf 77' lang='lat' dir='ltr'>tum</span> <span class='ocrx_word' id='word_1_197' title='bbox 1016 3105 1112 3169; x_wconf 79' lang='lat' dir='ltr'>oratio</span> <span class='ocrx_word' id='word_1_198' title='bbox 1135 3106 1311 3168; x_wconf 76' lang='lat' dir='ltr'>adversario</span> <span class='ocrx_word' id='word_1_199' title='bbox 1333 3109 1439 3172; x_wconf 67' lang='lat' dir='ltr'>multia</span> <span class='ocrx_word' id='word_1_200' title='bbox 1460 3107 1537 3172; x_wconf 73' lang='lat' dir='ltr'>aliis</span> 
     </span>
     <span class='ocr_line' id='line_1_25' title="bbox 336 3211 1536 3298; baseline 0.002 -22"><span class='ocrx_word' id='word_1_201' title='bbox 336 3214 373 3277; x_wconf 81' lang='lat' dir='ltr'>dc</span> <span class='ocrx_word' id='word_1_202' title='bbox 403 3213 501 3276; x_wconf 76' lang='lat' dir='ltr'>causis</span> <span class='ocrx_word' id='word_1_203' title='bbox 532 3213 674 3294; x_wconf 76' lang='grc' dir='ltr'><strong><em>ιἰιιίἰριιοο</em></strong></span> <span class='ocrx_word' id='word_1_204' title='bbox 698 3234 758 3276; x_wconf 80' lang='lat' dir='ltr'>esec</span> <span class='ocrx_word' id='word_1_205' title='bbox 781 3235 816 3276; x_wconf 85' lang='lat' dir='ltr'>ea</span> <span class='ocrx_word' id='word_1_206' title='bbox 839 3217 1007 3294; x_wconf 68' lang='lat' dir='ltr'>tempestate</span> <span class='ocrx_word' id='word_1_207' title='bbox 1029 3219 1117 3295; x_wconf 72' lang='lat' dir='ltr'>atqrae</span> <span class='ocrx_word' id='word_1_208' title='bbox 1139 3211 1321 3296; x_wconf 73' lang='lat' dir='ltr'>antiquitate</span> <span class='ocrx_word' id='word_1_209' title='bbox 1328 3259 1338 3290; x_wconf 88' lang='lat'><em>,</em></span> <span class='ocrx_word' id='word_1_210' title='bbox 1364 3235 1438 3298; x_wconf 74' lang='lat' dir='ltr'>quos</span> <span class='ocrx_word' id='word_1_211' title='bbox 1452 3235 1536 3296; x_wconf 78' lang='lat' dir='ltr'>prce</span> 
     </span>
     <span class='ocr_line' id='line_1_26' title="bbox 333 3313 1536 3404; baseline 0 -20"><span class='ocrx_word' id='word_1_212' title='bbox 333 3341 365 3384; x_wconf 81' lang='grc' dir='ltr'>ιι</span> <span class='ocrx_word' id='word_1_213' title='bbox 384 3319 508 3404; x_wconf 77' lang='lat' dir='ltr'>serunt.</span> <span class='ocrx_word' id='word_1_214' title='bbox 556 3317 678 3384; x_wconf 79' lang='lat' dir='ltr'>Eadem</span> <span class='ocrx_word' id='word_1_215' title='bbox 706 3322 754 3382; x_wconf 88' lang='lat' dir='ltr'>est</span> <span class='ocrx_word' id='word_1_216' title='bbox 785 3313 941 3382; x_wconf 90' lang='lat' dir='ltr'>Dindorfii</span> <span class='ocrx_word' id='word_1_217' title='bbox 971 3319 1128 3381; x_wconf 87' lang='lat' dir='ltr'>sententia</span> <span class='ocrx_word' id='word_1_218' title='bbox 1159 3321 1359 3383; x_wconf 86' lang='lat' dir='ltr'>assentientis</span> <span class='ocrx_word' id='word_1_219' title='bbox 1394 3322 1435 3384; x_wconf 91' lang='lat' dir='ltr'>iis</span> <span class='ocrx_word' id='word_1_220' title='bbox 1459 3320 1536 3404; x_wconf 73' lang='lat' dir='ltr'>„qui</span> 
     </span>
     <span class='ocr_line' id='line_1_27' title="bbox 334 3422 1534 3510; baseline -0.001 -21"><span class='ocrx_word' id='word_1_221' title='bbox 334 3427 411 3490; x_wconf 80' lang='lat' dir='ltr'>hanc</span> <span class='ocrx_word' id='word_1_222' title='bbox 441 3424 593 3508; x_wconf 81' lang='lat' dir='ltr'>epistolam</span> <span class='ocrx_word' id='word_1_223' title='bbox 623 3424 660 3486; x_wconf 84' lang='lat' dir='ltr'>cb</span> <span class='ocrx_word' id='word_1_224' title='bbox 690 3445 758 3504; x_wconf 75' lang='lat' dir='ltr'>repe</span> <span class='ocrx_word' id='word_1_225' title='bbox 788 3445 847 3486; x_wconf 85' lang='grc' dir='ltr'><strong><em>ιιοιο</em></strong></span> <span class='ocrx_word' id='word_1_226' title='bbox 879 3422 972 3503; x_wconf 69' lang='lat' dir='ltr'>trapis</span> <span class='ocrx_word' id='word_1_227' title='bbox 992 3422 1133 3508; x_wconf 76' lang='lat' dir='ltr'>ccriptcm</span> <span class='ocrx_word' id='word_1_228' title='bbox 1155 3445 1216 3487; x_wconf 76' lang='lat' dir='ltr'>ease</span> <span class='ocrx_word' id='word_1_229' title='bbox 1238 3425 1422 3490; x_wconf 75' lang='lat' dir='ltr'>crediderint</span> <span class='ocrx_word' id='word_1_230' title='bbox 1444 3448 1534 3510; x_wconf 75' lang='lat' dir='ltr'>quom</span> 
     </span>
     <span class='ocr_line' id='line_1_28' title="bbox 333 3525 1533 3618; baseline 0 -22"><span class='ocrx_word' id='word_1_231' title='bbox 333 3555 409 3618; x_wconf 81' lang='lat' dir='ltr'>quac</span> <span class='ocrx_word' id='word_1_232' title='bbox 431 3530 563 3595; x_wconf 73' lang='grc' dir='ltr'><strong><em>ονοιὶοοι</em></strong></span> <span class='ocrx_word' id='word_1_233' title='bbox 586 3529 624 3594; x_wconf 88' lang='lat' dir='ltr'>de</span> <span class='ocrx_word' id='word_1_234' title='bbox 648 3525 771 3595; x_wconf 83' lang='lat' dir='ltr'>Corona</span> <span class='ocrx_word' id='word_1_235' title='bbox 792 3535 863 3592; x_wconf 78' lang='lat' dir='ltr'>eunt</span> <span class='ocrx_word' id='word_1_236' title='bbox 885 3527 1015 3592; x_wconf 67' lang='lat' dir='ltr'>imme</span> <span class='ocrx_word' id='word_1_237' title='bbox 1036 3528 1165 3592; x_wconf 71' lang='grc' dir='ltr'><strong><em>οἰοιοᾱοιιι</em></strong></span> <span class='ocrx_word' id='word_1_238' title='bbox 1185 3530 1335 3612; x_wconf 71' lang='lat' dir='ltr'>epistolae.</span> <span class='ocrx_word' id='word_1_239' title='bbox 1377 3531 1533 3596; x_wconf 72' lang='lat' dir='ltr'>Orationis</span> 
     </span>
     <span class='ocr_line' id='line_1_29' title="bbox 334 3633 1526 3720; baseline -0.003 -17"><span class='ocrx_word' id='word_1_240' title='bbox 334 3640 411 3704; x_wconf 79' lang='lat' dir='ltr'>enim</span> <span class='ocrx_word' id='word_1_241' title='bbox 444 3639 523 3702; x_wconf 83' lang='lat' dir='ltr'>color</span> <span class='ocrx_word' id='word_1_242' title='bbox 554 3635 777 3720; x_wconf 75' lang='lat' dir='ltr'>crpumcutiquc</span> <span class='ocrx_word' id='word_1_243' title='bbox 807 3634 960 3699; x_wconf 63' lang='lat' dir='ltr'>pacandi</span> <span class='ocrx_word' id='word_1_244' title='bbox 986 3633 1066 3698; x_wconf 74' lang='lat' dir='ltr'>ratio</span> <span class='ocrx_word' id='word_1_245' title='bbox 1079 3661 1081 3666; x_wconf 88' lang='lat'><em>·</em></span> <span class='ocrx_word' id='word_1_246' title='bbox 1095 3635 1243 3718; x_wconf 77' lang='lat' dir='ltr'>sophistae</span> <span class='ocrx_word' id='word_1_247' title='bbox 1273 3638 1365 3701; x_wconf 74' lang='lat' dir='ltr'>molto</span> <span class='ocrx_word' id='word_1_248' title='bbox 1394 3637 1526 3702; x_wconf 72' lang='grc' dir='ltr'><strong><em>ιίοιίἰίον</em></strong></span> 
     </span>
     <span class='ocr_line' id='line_1_30' title="bbox 336 3741 638 3830; baseline -0.01 -21"><span class='ocrx_word' id='word_1_249' title='bbox 336 3752 486 3830; x_wconf 73' lang='lat' dir='ltr'>culquam</span> <span class='ocrx_word' id='word_1_250' title='bbox 509 3741 601 3824; x_wconf 76' lang='lat' dir='ltr'>repi.”</span> <span class='ocrx_word' id='word_1_251' title='bbox 635 3771 638 3776; x_wconf 43' lang='lat'>¹</span> 
     </span>
    </p>

    <p class='ocr_par' dir='ltr' id='par_1_6' title="bbox 332 3839 1531 4144">
     <span class='ocr_line' id='line_1_31' title="bbox 378 3839 1529 3934; baseline 0 -20"><span class='ocrx_word' id='word_1_252' title='bbox 378 3849 473 3934; x_wconf 88' lang='lat' dir='ltr'>Apud</span> <span class='ocrx_word' id='word_1_253' title='bbox 504 3868 557 3913; x_wconf 93' lang='lat' dir='ltr'>me</span> <span class='ocrx_word' id='word_1_254' title='bbox 588 3867 714 3933; x_wconf 89' lang='lat' dir='ltr'>quoque</span> <span class='ocrx_word' id='word_1_255' title='bbox 737 3844 827 3910; x_wconf 89' lang='lat' dir='ltr'>nulla</span> <span class='ocrx_word' id='word_1_256' title='bbox 850 3851 898 3910; x_wconf 91' lang='lat' dir='ltr'>est</span> <span class='ocrx_word' id='word_1_257' title='bbox 922 3845 1081 3910; x_wconf 90' lang='lat' dir='ltr'>dubitatio</span> <span class='ocrx_word' id='word_1_258' title='bbox 1104 3847 1182 3930; x_wconf 90' lang='lat' dir='ltr'>quin</span> <span class='ocrx_word' id='word_1_259' title='bbox 1205 3866 1244 3910; x_wconf 86' lang='lat' dir='ltr'>ex</span> <span class='ocrx_word' id='word_1_260' title='bbox 1265 3839 1378 3912; x_wconf 62' lang='lat' dir='ltr'>&#39;eadem</span> <span class='ocrx_word' id='word_1_261' title='bbox 1403 3846 1529 3914; x_wconf 87' lang='lat' dir='ltr'>officina</span> 
     </span>
     <span class='ocr_line' id='line_1_32' title="bbox 332 3948 1531 4039; baseline -0.002 -18"><span class='ocrx_word' id='word_1_262' title='bbox 332 3959 365 4021; x_wconf 89' lang='lat' dir='ltr'>et</span> <span class='ocrx_word' id='word_1_263' title='bbox 407 3953 542 4039; x_wconf 86' lang='lat' dir='ltr'>epistole</span> <span class='ocrx_word' id='word_1_264' title='bbox 580 3961 612 4018; x_wconf 88' lang='lat' dir='ltr'>et</span> <span class='ocrx_word' id='word_1_265' title='bbox 654 3953 755 4018; x_wconf 85' lang='lat' dir='ltr'>orotio</span> <span class='ocrx_word' id='word_1_266' title='bbox 795 3950 979 4036; x_wconf 87' lang='lat' dir='ltr'>prodierint.</span> <span class='ocrx_word' id='word_1_267' title='bbox 1027 3948 1118 4029; x_wconf 85' lang='lat' dir='ltr'>Quod</span> <span class='ocrx_word' id='word_1_268' title='bbox 1154 3956 1262 4016; x_wconf 84' lang='lat' dir='ltr'>eutem</span> <span class='ocrx_word' id='word_1_269' title='bbox 1298 3959 1531 4019; x_wconf 84' lang='lat' dir='ltr'>commemoret</span> 
     </span>
     <span class='ocr_line' id='line_1_33' title="bbox 332 4055 1529 4144; baseline 0 -20"><span class='ocrx_word' id='word_1_270' title='bbox 332 4059 483 4144; x_wconf 80' lang='lat' dir='ltr'>Sophiste</span> <span class='ocrx_word' id='word_1_271' title='bbox 512 4057 676 4144; x_wconf 87' lang='lat' dir='ltr'>complura</span> <span class='ocrx_word' id='word_1_272' title='bbox 703 4058 873 4122; x_wconf 90' lang='lat' dir='ltr'>hominum</span> <span class='ocrx_word' id='word_1_273' title='bbox 905 4061 937 4120; x_wconf 90' lang='lat' dir='ltr'>et</span> <span class='ocrx_word' id='word_1_274' title='bbox 968 4055 1110 4121; x_wconf 89' lang='lat' dir='ltr'>locorum</span> <span class='ocrx_word' id='word_1_275' title='bbox 1142 4060 1290 4134; x_wconf 88' lang='lat' dir='ltr'>nomina,</span> <span class='ocrx_word' id='word_1_276' title='bbox 1322 4079 1403 4144; x_wconf 86' lang='lat' dir='ltr'>quae</span> <span class='ocrx_word' id='word_1_277' title='bbox 1426 4057 1529 4144; x_wconf 78' lang='lat' dir='ltr'>vulgo</span> 
     </span>
    </p>
   </div>
   <div class='ocr_carea' id='block_1_5' title="bbox 328 4161 1530 4568">
    <p class='ocr_par' dir='ltr' id='par_1_7' title="bbox 328 4161 1530 4568">
     <span class='ocr_line' id='line_1_34' title="bbox 331 4161 1530 4252; baseline 0.001 -23"><span class='ocrx_word' id='word_1_278' title='bbox 331 4169 533 4252; x_wconf 74' lang='lat' dir='ltr'>ignorantur,</span> <span class='ocrx_word' id='word_1_279' title='bbox 567 4162 670 4228; x_wconf 81' lang='lat' dir='ltr'>facilis</span> <span class='ocrx_word' id='word_1_280' title='bbox 706 4171 755 4228; x_wconf 89' lang='lat' dir='ltr'>est</span> <span class='ocrx_word' id='word_1_281' title='bbox 788 4163 969 4228; x_wconf 87' lang='lat' dir='ltr'>coniectura</span> <span class='ocrx_word' id='word_1_282' title='bbox 1003 4164 1112 4227; x_wconf 89' lang='lat' dir='ltr'>omnia</span> <span class='ocrx_word' id='word_1_283' title='bbox 1146 4161 1224 4226; x_wconf 84' lang='lat' dir='ltr'>hoec</span> <span class='ocrx_word' id='word_1_284' title='bbox 1258 4183 1297 4228; x_wconf 77' lang='lat' dir='ltr'>ex</span> <span class='ocrx_word' id='word_1_285' title='bbox 1327 4162 1530 4250; x_wconf 79' lang='lat' dir='ltr'>Theopompi</span> 
     </span>
     <span class='ocr_line' id='line_1_35' title="bbox 332 4267 1530 4354; baseline -0.001 -19"><span class='ocrx_word' id='word_1_286' title='bbox 332 4275 529 4340; x_wconf 70' lang='grc' dir='ltr'><strong><em>Φιλιππικοῖς</em></strong></span> <span class='ocrx_word' id='word_1_287' title='bbox 559 4289 626 4334; x_wconf 88' lang='lat' dir='ltr'>esse</span> <span class='ocrx_word' id='word_1_288' title='bbox 657 4275 775 4334; x_wconf 85' lang='lat' dir='ltr'>sumta.</span> <span class='ocrx_word' id='word_1_289' title='bbox 824 4267 906 4334; x_wconf 77' lang='lat' dir='ltr'>Sunt</span> <span class='ocrx_word' id='word_1_290' title='bbox 937 4269 1024 4334; x_wconf 89' lang='lat' dir='ltr'>enim</span> <span class='ocrx_word' id='word_1_291' title='bbox 1054 4267 1132 4332; x_wconf 85' lang='lat' dir='ltr'>haec</span> <span class='ocrx_word' id='word_1_292' title='bbox 1153 4270 1261 4352; x_wconf 87' lang='lat' dir='ltr'>spuria</span> <span class='ocrx_word' id='word_1_293' title='bbox 1284 4271 1472 4354; x_wconf 78' lang='lat' dir='ltr'>perantiqua</span> <span class='ocrx_word' id='word_1_294' title='bbox 1495 4275 1530 4335; x_wconf 91' lang='lat' dir='ltr'>et</span> 
     </span>
     <span class='ocr_line' id='line_1_36' title="bbox 331 4372 1527 4460; baseline -0.003 -19"><span class='ocrx_word' id='word_1_295' title='bbox 331 4399 350 4444; x_wconf 83' lang='lat' dir='ltr'>e</span> <span class='ocrx_word' id='word_1_296' title='bbox 380 4373 577 4441; x_wconf 79' lang='lat' dir='ltr'>Callimacho</span> <span class='ocrx_word' id='word_1_297' title='bbox 608 4377 643 4439; x_wconf 90' lang='lat' dir='ltr'>in</span> <span class='ocrx_word' id='word_1_298' title='bbox 666 4373 792 4440; x_wconf 80' lang='lat' dir='ltr'>tabulae</span> <span class='ocrx_word' id='word_1_299' title='bbox 816 4373 1035 4440; x_wconf 87' lang='lat' dir='ltr'>Bibliothecae</span> <span class='ocrx_word' id='word_1_300' title='bbox 1059 4372 1292 4438; x_wconf 85' lang='lat' dir='ltr'>Alexandrinae</span> <span class='ocrx_word' id='word_1_301' title='bbox 1315 4373 1444 4440; x_wconf 80' lang='lat' dir='ltr'>redacto</span> <span class='ocrx_word' id='word_1_302' title='bbox 1468 4375 1527 4460; x_wconf 74' lang='grc' dir='ltr'>(εἰς</span> 
     </span>
     <span class='ocr_line' id='line_1_37' title="bbox 328 4477 1525 4568; baseline -0.004 -18"><span class='ocrx_word' id='word_1_303' title='bbox 328 4481 399 4558; x_wconf 78' lang='grc' dir='ltr'><strong><em>τοὺς</em></strong></span> <span class='ocrx_word' id='word_1_304' title='bbox 424 4481 557 4555; x_wconf 77' lang='grc' dir='ltr'><strong><em>πίνακας</em></strong></span> <span class='ocrx_word' id='word_1_305' title='bbox 581 4480 825 4568; x_wconf 65' lang='grc' dir='ltr'><strong><em>ἀνατραφέντα)</em></strong></span> <span class='ocrx_word' id='word_1_306' title='bbox 849 4482 917 4547; x_wconf 90' lang='lat' dir='ltr'>sine</span> <span class='ocrx_word' id='word_1_307' title='bbox 940 4477 1009 4546; x_wconf 83' lang='lat' dir='ltr'>ulls</span> <span class='ocrx_word' id='word_1_308' title='bbox 1031 4481 1210 4564; x_wconf 89' lang='lat' dir='ltr'>suspicione</span> <span class='ocrx_word' id='word_1_309' title='bbox 1234 4479 1365 4546; x_wconf 78' lang='lat' dir='ltr'>fraudis.</span> <span class='ocrx_word' id='word_1_310' title='bbox 1411 4479 1525 4565; x_wconf 89' lang='lat' dir='ltr'>Itaque</span> 
     </span>
    </p>
   </div>
   <div class='ocr_carea' id='block_1_6' title="bbox 0 0 1684 5200">
    <p class='ocr_par' dir='ltr' id='par_1_8' title="bbox 0 0 1684 5200">
     <span class='ocr_line' id='line_1_38' title="bbox 0 0 1684 5200; baseline 0 3"><span class='ocrx_word' id='word_1_311' title='bbox 0 0 1684 5200; x_wconf 95' lang='lat' dir='ltr'> </span> 
     </span>
    </p>
   </div>
  </div>
 </body>
</html>
