3358 5200
756 363 800 431 13

227 554 458 647 Pug.12.16.
484 555 556 637 πρὸς
578 553 641 634 γὰρ
664 555 699 620 τὸ
722 561 901 620 τελευταῖον
925 553 1023 634 ε’κβίιν
1047 551 1156 621 ἕκατον
1180 560 1238 619 τῶν
1263 555 1376 635 προϋπ-

182 663 339 746 αρξάντων
373 661 424 749 [είς
456 662 501 727 τίν
530 659 649 746 πολλοὶ]
689 660 835 742 κρίνεται.
881 659 1071 726 Rectissime
1099 645 1243 726 Diodori.
1277 658 1376 726 verbs

182 775 223 843 είς
245 771 289 835 rot
310 766 416 834 πολλοί
439 768 473 832 in
496 765 519 831 S
543 787 562 832 o
583 785 683 831 manu
704 767 923 832 reoeutissimn
946 765 1055 832 addite
1074 768 1183 850 spuria
1201 769 1234 831 et
1256 785 1376 850 expun-

183 876 289 965 gendo
311 894 379 940 esse
400 872 566 939 iudieovit.

231 1084 310 1171 Peg.
345 1081 399 1149 13.
432 1079 464 1148 7.
490 1081 523 1146 τί
545 1075 594 1146 οὖν
621 1081 681 1167 [τις
706 1077 744 1144 δν
766 1078 857 1168 είποι]
884 1085 989 1145 ταῦτα
1012 1078 1116 1158 λέγεις
1144 1082 1216 1157 ήμῖν
1241 1084 1309 1158 rin
1334 1081 1377 1146 Fit

185 1188 344 1258 soloecum
376 1192 424 1253 est
452 1192 485 1252 et
507 1186 601 1272 plene
621 1205 890 1272 supervacaneum
913 1208 960 1258 τις
984 1183 1022 1250 θν
1046 1183 1135 1250 είποι.
1182 1184 1376 1272 Saepissime

186 1301 220 1362 et
248 1295 364 1380 reliqui
395 1313 505 1360 omnes
527 1296 559 1358 et
582 1291 811 1359 Demosthenes
834 1289 1059 1376 obloquentem
1081 1292 1144 1356 sibi
1168 1294 1307 1376 aliquem
1329 1294 1378 1356 in·

187 1401 307 1467 ducunt
325 1404 393 1466 sine
411 1398 631 1464 huiuscemodi
652 1397 885 1463 additamento:
907 1400 985 1463 setis
1004 1399 1091 1462 euim
1111 1399 1198 1463 vocis
1208 1399 1377 1464 inflexione

186 1528 236 1573 ree
265 1505 469 1594 intelligitur.
503 1509 540 1569 ut
563 1524 637 1591 pag.
664 1501 717 1569 16.
742 1500 797 1568 23.
821 1503 897 1567 οίλλ’
920 1499 1001 1566 ὦτῖιν
1024 1502 1094 1582 οὐχί
1118 1503 1320 1579 βουλήσεται.
1345 1507 1378 1568 et

185 1633 260 1698 pag.
293 1609 346 1676 36.
382 1611 433 1676 15.
466 1611 539 1675 αλλ’
571 1605 652 1673 ὦτῖιν
686 1610 711 1673 εί
742 1613 848 1673 ταῦτα
880 1607 1011 1689 Φαύλως
1043 1607 1085 1672 τοί
1117 1611 1150 1686 γ’
1178 1609 1313 1689 έναὺτῇ
1337 1618 1376 1692 τῇ

186 1718 276 1784 πόλει
299 1721 350 1781 νῦν
372 1714 497 1792 ἄμεινον
521 1714 600 1793 ἔχει.
626 1718 659 1779 et
682 1716 727 1779 sio
750 1733 899 1800 persaepe
922 1712 1011 1778 shhi.

233 1927 361 1992 hlximie
393 1931 426 1990 et
448 1927 534 1991 eerte
555 1923 691 1990 Debreei
716 1923 895 1990 emendatio
917 1944 991 2011 psg.
1018 1920 1071 1988 13.
1098 1923 1149 1990 19.
1176 1946 1273 2011 quem
1295 1927 1378 1992 nihil

187 2035 232 2098 sit
265 2031 356 2098 libris
385 2029 465 2098 Mss.
497 2028 688 2094 erodendum
718 2028 841 2114 liquido
871 2028 1075 2094 demonstret.
1122 2029 1159 2095 lu
1189 2031 1280 2098 libris
1311 2036 1376 2098 eet:

187 2137 310 2204 δέδοικα
332 2137 377 2216 μή
400 2136 452 2200 τὸν
476 2133 568 2198 αὐτὸν
592 2133 701 2216 τρόπον
724 2130 822 2215 ίίσπερ
845 2135 871 2199 oi
894 2132 1096 2215 δανειζόμενοι
1116 2136 1222 2220 ρ’ρεδίως
1242 2138 1292 2201 έπί
1313 2146 1376 2209 τοῖς

187 2242 343 2320 μεγιίλοις
365 2242 462 2312 τθκοις
480 2240 584 2321 μικρὸν
605 2240 827 2320 εὐπορήσαντες
846 2240 953 2321 χρόνον
973 2237 1073 2321 ὕπερον
1092 2242 1145 2306 καί
1166 2247 1224 2307 τῶν
1239 2243 1378 2321 οίρχαίων

187 2347 353 2420 οίπέςκσαν
377 2343 529 2411 οὕτωκαὶ
554 2348 642 2423 ήμεῖς
672 2342 779 2432 [ἋΝ]
804 2345 854 2409 ε’πὶ
879 2349 985 2428 πολλῶ
1009 2353 1155 2427 Φανῶμεν
1180 2345 1377 2429 ε’ρρριθυμήκθ·

187 2478 241 2524 τες
264 2454 317 2517 καί
342 2449 472 2517 ἅπαντα
496 2451 568 2531 πρὸς
594 2451 695 2526 ήδονήν
720 2449 878 2528 ζητοῦντες
902 2452 1008 2516 πολλοὶ
1032 2452 1083 2516 καί
1107 2455 1242 2530 χαλεποί
1267 2448 1305 2517 ὧν
1324 2455 1378 2518 οὐκ

191 2554 387 2636 ήβονλθμεθα
419 2553 520 2637 ῧςερον
551 2559 592 2628 είς
626 2553 767 2634 ανιίνκήν
792 2555 926 2634 ἔλθωμεν
949 2566 1055 2624 ποιεῖν.
1092 2557 1171 2637 Quis
1193 2579 1212 2625 e
1234 2558 1378 2625 Dobrneo

188 2663 373 2730 admonitus
402 2683 465 2728 uon
496 2664 594 2728 sentit
620 2662 696 2725 ἌΝ
730 2664 870 2749 expungi
901 2667 1042 2747 oportere
1070 2667 1102 2728 et
1125 2666 1292 2730 eoniunets
1314 2685 1380 2730 esse

187 2769 310 2835 δέδοικα
332 2769 377 2844 μή
401 2767 451 2831 ε’πί
477 2767 583 2847 πολλῷ
608 2771 756 2844 Φανῶμεν
780 2764 1040 2849 έρρρεθνμήκθτεςί
1064 2767 1125 2832 Sed
1150 2775 1197 2834 est
1216 2772 1250 2834 in
1270 2769 1380 2835 eodem

188 2874 259 2940 loeo
284 2878 315 2938 et
338 2871 401 2938 elie
423 2872 568 2962 mocula,
595 2893 692 2958 quem
715 2871 894 2959 abstergere
916 2871 1009 2938 fenile
1030 2878 1077 2938 est
1095 2875 1130 2937 iu
1149 2875 1254 2939 verbis
1274 2874 1381 2939 πολλοὶ

194 2979 262 3066 [καί
295 2979 447 3062 χαλεποὶ]
480 2975 518 3043 ὦν
542 2981 596 3044 οὐκ
621 2977 826 3055 ήβοολίμεθοι.
874 2976 977 3043 Periit
999 2979 1086 3043 enim
1108 2984 1242 3044 venuste
1264 2986 1297 3044 et
1320 2977 1381 3045 eie·

189 3107 271 3174 gens
294 3085 537 3150 Atheniensium
563 3083 723 3163 eriperetur,
748 3083 864 3169 quibus
884 3083 1036 3148 derebus
1057 3084 1176 3148 ooerbis
1195 3091 1227 3149 et
1238 3085 1382 3151 molestis

189 3197 378 3257 consuetum
420 3195 468 3255 est
512 3189 615 3254 dicere
651 3187 756 3254 πολλοὶ
793 3185 831 3252 ὦν
864 3190 898 3253 οὐ
932 3187 1131 3267 βουλθμεθα,
1167 3189 1219 3254 vel
1255 3189 1293 3255 ὧν
1329 3193 1382 3256 οὐκ

191 3295 401 3374 ήβονλθμεθα.

236 3505 366 3571 Excidit
396 3502 588 3569 vocabulum
620 3502 661 3568 ed
692 3505 885 3569 sententium
915 3524 1042 3589 prorsus
1073 3508 1286 3571 necessarium
1306 3527 1380 3595 pag.

193 3609 247 3676 14.
283 3610 313 3676 5.
338 3609 422 3691 Φημί
448 3609 483 3684 δή
508 3607 581 3691 διχή
605 3608 766 3686 βοηθητέον
790 3604 864 3673 εἶναι
888 3615 953 3680 τοῖς
976 3609 1161 3689 πριίγμαοιν
1186 3614 1258 3688 ἡμῖν
1282 3617 1324 3692 τῷ
1348 3637 1384 3678 τε

192 3717 254 3788 τοῖς
284 3715 388 3786 πόλεις
413 3721 477 3786 τοῖς
501 3714 668 3786 Ὀλυνθίοις
692 3713 795 3794 σώζειν
819 3713 872 3778 καί
898 3715 968 3785 τοὺς
992 3719 1081 3779 τοῦτο
1105 3716 1286 3789 ποιήσοντας
1312 3742 1384 3797 ςροο-

192 3822 306 3892 τιοίτοις
342 3819 511 3896 ἐκπέμπειν
545 3819 597 3884 καί
634 3820 676 3899 τῷ
712 3821 767 3894 τήν
801 3820 913 3884 ἐκείνου
945 3819 1049 3899 χώραν
1079 3827 1179 3891 κακῶς
1211 3830 1306 3887 ποιεῖν
1330 3824 1382 3888 καί

192 3927 323 4006 τριήρεσι
359 3926 411 3990 καί
448 3926 630 4004 ορατιοίταις
665 3923 784 4004 ἑτέροις.
840 3925 963 3988 Duobus
995 3925 1187 3990 exercitibus
1218 3947 1286 3992 rem
1319 3951 1385 3997 esse

193 4031 368 4120 gerendam
399 4036 520 4105 oenset.
553 4030 652 4096 altero
683 4032 740 4115 qui
769 4031 914 4095 oivitetes
937 4025 1136 4095 Chalcidicos
1157 4029 1385 4117 Olynthiorum

194 4140 296 4203 sorios
326 4141 470 4212 tuentur,
502 4135 600 4202 altero
633 4139 689 4221 qui
720 4135 942 4202 Macedoniam
964 4135 1101 4201 infestet.
1148 4135 1278 4225 Pergit:
1303 4141 1328 4204 εί
1354 4142 1385 4206 δέ

194 4242 323 4322 θατέρου
357 4241 470 4305 τούτων
505 4241 707 4323 ὀλιγωρήσετε
738 4242 811 4306 θκνιῖ
846 4241 891 4318 μή
926 4238 1061 4318 μιίταιος
1097 4241 1168 4318 ὑμῖν
1204 4247 1221 4320 ή
1257 4247 1386 4324 ςρατεία

194 4349 339 4428 γένηται.
372 4345 435 4411 είτε
463 4347 525 4427 νίιρ
558 4348 640 4425 ὑμῶν
670 4349 726 4421 τήν
758 4346 870 4412 ἐκείνου
902 4347 1004 4418 κακῶς
1035 4347 1195 4411 ποιούντων
1220 4349 1387 4428 ὑπομείνας

196 4457 288 4528 τοῦτο
304 4452 454 4518 Ὄλυνθον
473 4453 690 4533 παραιτήσεται
710 4451 816 4536 ῥᾳδίως
835 4451 885 4517 ἐπὶ
906 4451 962 4526 τήν
981 4451 1094 4517 οίκείαν
1107 4452 1198 4518 ε’λθίιν
1210 4455 1386 4542 οίμννεῖται,
