3232 5176
661 375 725 460 ior

150 583 275 652 Sanno
297 603 371 672 pag.
397 581 449 648 15.
473 584 633 654 Ἀπελλῆς
652 581 685 646 δὲ
705 579 789 658 αὐτῷ
810 576 1037 656 (Eratostheni)
1058 577 1154 651 σσλθς
1176 578 1220 646 ier
1233 575 1286 644 καί

111 691 196 764 Βίων,
230 687 262 755 θν
293 696 372 770 <aaa
407 694 520 768 πρῶτον
554 685 659 750 ιὶνθινθι
691 683 872 763 περιβαλεῖν
905 685 959 756 ria
992 685 1181 765 φιλοσοφίαν
1211 684 1287 749 ἀλλ’

108 797 246 860 ὈΜΩΕ
269 793 421 864 πολλάκις
445 796 541 860 εἰπεῖν
564 790 603 857 νίν
627 814 695 855 τινα
721 787 772 854 ἐπ’
797 791 892 853 αὐτοῦ
917 794 1026 853 τοῦτο·

307 898 368 972 olna
393 900 426 964 ἐκ
450 897 563 980 ῥακέων
587 899 601 962 θ
625 899 699 960 Βίων
723 894 914 979 (ἐπιγουνίδα
938 894 1070 978 Φαίνει).

147 1003 217 1070 Non
250 1003 412 1072 intellexit
443 1004 528 1070 huno
561 1002 669 1068 locum
700 999 882 1066 Meinehius
915 1001 950 1063 in
990 999 1107 1065 Vindia.
1147 1000 1284 1066 θθιυθοα.

108 1130 175 1196 pag.
214 1110 245 1175 3.
284 1110 512 1196 „tlrawstteaer
548 1108 678 1196 (inquit)
714 1107 837 1170 ιιιαίθαια
870 1105 1017 1172 θνίθαιθυί
1053 1106 1166 1184 Bioni,
1205 1128 1289 1192 quem

103 1215 303 1298 philosophiae
324 1216 468 1298 fleam
498 1220 603 1278 vectem
627 1211 761 1275 ιἀθιιιζιισ
784 1211 959 1276 dictitabat:
983 1217 1013 1275 at
1028 1211 1103 1296 fait
1125 1211 1213 1276 etiam
1238 1213 1291 1276 ati

109 1321 143 1382 ab
163 1342 194 1384 eo
216 1320 389 1384 dissentiret
411 1327 440 1384 et
465 1317 571 1383 ιίνθινιί
586 1317 699 1401 γωνιαία
718 1316 836 1380 cessisse
859 1315 987 1394 diceret,
1008 1313 1067 1392 ιίνν
1089 1317 1122 1381 la
1142 1313 1290 1394 ρἀαθωνί”

150 1423 248 1491 Plana
278 1425 365 1490 anim
395 1430 503 1498 contra
525 1429 589 1489 ast:
614 1422 718 1486 θνθινθ
745 1422 926 1502 περιβαλεῖν
951 1427 999 1488 est
1021 1423 1185 1488 αειιθιίσίυ
1208 1423 1290 1486 ιαίθα

111 1529 228 1593 isdem
250 1537 285 1594 et
305 1531 351 1594 sic
369 1528 587 1614 philosophiae
609 1528 803 1613 dignitatern
831 1530 1038 1612 protervitate
1056 1535 1088 1594 et
1099 1527 1292 1596 scurrilitate

110 1634 249 1703 minuere
272 1641 305 1700 et
327 1633 470 1719 perdere,
499 1633 553 1700 sed
576 1649 683 1698 ranan
707 1632 794 1698 idem
818 1632 995 1698 mirabatur
1018 1636 1164 1721 vigorem
1182 1633 1293 1700 Bionis

113 1757 145 1804 ao
164 1739 279 1823 robur,
299 1745 337 1803 ut
356 1739 442 1816 proci
461 1741 496 1804 in
514 1737 630 1825 Ulysse
649 1757 845 1822 quamquam
864 1757 938 1804 sene
956 1741 1069 1824 pannis
1087 1740 1190 1808 obsito
1208 1741 1293 1808 siras

114 1865 146 1909 ao
167 1842 354 1911 firmitatem
377 1847 514 1930 corporis
539 1843 760 1910 admirabundi
785 1844 1029 1928 conspiciebant.

155 1949 276 2016 Melius
299 1949 462 2036 apparebit
483 1971 533 2018 ras
554 1952 582 2014 si
604 1948 738 2015 Homeri
757 1968 886 2014 vorsum
906 1948 1099 2034 expleveris,
1119 1971 1193 2016 nam
1215 1951 1295 2018 dicti

115 2073 241 2120 acumen
265 2062 314 2121 est
334 2058 369 2120 in
393 2053 452 2131 ιίνν
478 2091 519 2104 -
543 2055 868 2132 exspectassent,
892 2074 972 2138 quae
995 2055 1092 2120 verba
1113 2061 1170 2120 aut
1192 2056 1296 2124 scriba

115 2163 217 2226 omisit
249 2167 307 2226 aut
337 2163 405 2246 ipse
434 2160 657 2226 Eratosthenes
684 2165 794 2246 utpote
816 2160 965 2225 omnibus
988 2161 1154 2225 notissima
1180 2160 1294 2246 (veluti

115 2267 230 2346 χρύσεα
253 2265 426 2353 χαλκείων)
452 2266 623 2332 lectoribus
646 2264 820 2352 supplenda
842 2262 981 2349 reliquit.

156 2369 201 2436 De
230 2371 323 2438 cultu
352 2372 532 2438 meretricio
563 2371 629 2438 vid.
661 2370 775 2436 Athen.
808 2389 882 2457 pag.
916 2367 979 2435 521
1012 2386 1043 2434 a.
1067 2367 1155 2447 νθρισι
1179 2366 1212 2445 ἦν
1234 2372 1293 2444 τὰς

116 2484 264 2552 γυναῖκας
287 2478 332 2556 μίν
357 2477 461 2543 θνθινιὶ
484 2483 586 2560 φορεῖν
609 2513 651 2528 -
676 2476 729 2542 ἐὰν
751 2475 797 2553 αθ
820 2497 867 2547 τις
892 2475 993 2540 αὐτῶν
1016 2484 1164 2558 συγχωρῇ
1185 2476 1293 2558 ἑταίρα

117 2603 198 2649 ειναι.

157 2790 233 2880 Peg.
258 2789 311 2857 15.
333 2792 420 2858 σίλλιὶ
440 2791 543 2856 ἐκεῖνα
563 2788 694 2858 ’edcta
732 2786 941 2856 Scribendum
962 2794 995 2854 et
1012 2788 1064 2856 hio
1083 2796 1115 2856 et
1134 2789 1207 2857 aliis
1217 2790 1295 2858 locis

120 2897 246 2962 elicta.
295 2895 452 2982 Perpetuo
482 2899 568 2962 enim
598 2899 632 2959 in
663 2894 722 2961 tali
745 2915 778 2960 re
802 2900 834 2960 et
856 2894 973 2979 reliqui
996 2915 1105 2962 omnes
1128 2903 1160 2962 ot
1184 2894 1297 2967 Strabo

113 3003 242 3086 perfecto
266 3007 418 3078 utuntur,
443 3004 582 3081 είριίσθω,
608 3002 796 3079 γεγράφθω,
823 3001 987 3080 ἀνερρίφθω
1013 2999 1126 3080 κύβος,
1148 3004 1296 3085 δεδόσθω,

120 3110 317 3183 σρσσαείσθω,
349 3107 529 3181 ὑποκείσθω,
561 3105 776 3183 ἀπηλλάχθω.
814 3105 1037 3185 σεριωθεθσθω,
1063 3114 1296 3191 προσειλθφθω,

119 3217 147 3276 et
168 3213 252 3297 quod
274 3211 367 3297 plane
390 3211 477 3278 idem
500 3216 548 3278 est
571 3216 666 3295 atque
688 3209 797 3275 είθσθω
821 3212 947 3294 saepius
971 3213 1120 3292 παρείσθω
1144 3212 1274 3308 legitur.

160 3421 238 3510 Peg.
274 3420 327 3486 16.
352 3421 366 3485 θ
390 3420 422 3484 a
447 3417 692 3504 (Ἐρατοσθένης)
715 3419 882 3496 ἐπήνεγκεν
907 3414 953 3483 θσι
976 3423 1195 3502 ψυχαγωγίας
1219 3435 1298 3491 mo.

121 3535 228 3605 NON,
255 3527 457 3596 διδασκαλίαι
478 3524 504 3589 δ’
525 3523 571 3590 οὔ.
598 3523 697 3590 Sorib.
718 3525 936 3604 ψυχαγωγίας
956 3535 1060 3592 ΜΘΝ.
1085 3526 1187 3607 Quam
1208 3551 1300 3617 saepe

121 3633 151 3696 in
182 3632 241 3698 tali
274 3652 308 3698 re
343 3629 400 3708 μέν
435 3635 467 3697 et
500 3630 587 3709 μθνσν
625 3629 857 3698 confundentur
891 3631 1086 3698 ostendimus
1116 3635 1156 3698 ad
1185 3633 1301 3704 Demo-

122 3737 272 3805 stheuem.

161 3947 288 4018 Sanam
318 3971 393 4040 pag.
429 3949 482 4017 17.
514 3951 567 4017 καί
592 3952 652 4033 οὐχ
675 3950 811 4034 Ὅμηρος
836 3954 893 4031 μὲν
919 3952 995 4020 σθσω
1019 3961 1126 4036 Φρονεῖ
1146 3960 1212 4039 περί
1235 3963 1303 4028 τιθ-

122 4077 196 4136 σων,
219 4059 290 4140 οὐχί
314 4059 347 4124 δὲ
371 4058 485 4130 rotarat
511 4059 536 4124 ol
560 4059 795 4136 πεπαιδευμέναι
820 4059 951 4141 μιθρτνρι
973 4069 1110 4143 χρῶνται
1129 4069 1171 4146 σῷ
1191 4078 1302 4151 aerari

121 4163 156 4232 θς
188 4166 273 4241 ὀρθῶς
307 4164 441 4240 λέγουσι.
496 4163 686 4230 Inconciuna
718 4165 795 4230 haec
829 4171 904 4230 sunt
939 4173 972 4232 et
1001 4168 1086 4235 male
1117 4177 1302 4258 composita.

122 4261 241 4334 Sentias
263 4272 291 4334 si
314 4269 393 4336 duas
415 4269 559 4336 literulas
582 4273 627 4335 sic
650 4271 863 4356 duplicaveris
885 4277 923 4336 ut
946 4274 1119 4339 scribatur:
1142 4280 1168 4342 αἱ
1188 4305 1303 4348 πεπαι-

123 4369 271 4459 θενριίισι,
308 4367 361 4464 (ol)
393 4376 521 4456 ραιίρσυρι
551 4383 698 4458 χρῶνται.
754 4375 851 4442 Ponit
880 4379 1024 4463 primum
1055 4379 1162 4450 doctos
1194 4407 1306 4454 omnes

124 4495 193 4542 oum
223 4477 364 4547 Homero
395 4483 585 4558 consentire,
619 4482 732 4550 deindo
754 4482 843 4548 addit
867 4491 1106 4571 argumentum.
1144 4489 1303 4576 Frequens
