3208 5158
664 389 728 458 193

122 606 217 651 errore
239 587 272 649 in
294 584 387 650 libris
409 582 606 672 frequentius
629 583 761 648 utente
784 590 811 648 Π
835 578 947 646 literae
970 587 1015 645 TI
1039 582 1246 672 negligantur
1268 583 1302 649 et

120 696 249 778 pereant.

160 903 271 970 Strabo
302 902 515 989 Theopompi,
548 902 667 988 Ephori
691 909 724 967 ct
746 902 883 968 aliorum
906 903 1089 988 exemplum
1113 907 1240 969 secutus
1262 904 1297 970 in

120 1008 311 1076 Herodotum
339 1015 387 1074 est
410 1011 548 1093 iniquior
571 1013 603 1073 ct
625 1014 749 1093 patrem
772 1011 922 1074 historiae
946 1015 983 1072 ut
1006 1008 1151 1073 sutilium
1174 1007 1297 1074 sabula·

119 1136 184 1179 mm
209 1121 403 1180 narratorem
428 1120 521 1179 acuto
543 1134 620 1178 naso
643 1114 815 1198 suspendit.
864 1113 990 1179 Versari
1012 1114 1126 1179 solitus
1148 1116 1182 1178 in
1205 1113 1298 1178 libris

120 1239 237 1298 eorum,
269 1222 326 1306 qui
349 1240 387 1285 ex
411 1222 500 1284 varia
523 1229 555 1284 et
578 1219 692 1284 diffusa
714 1219 848 1284 lectione
872 1221 1080 1286 eruditissimi
1102 1241 1169 1286 csse
1193 1239 1297 1285 oense-

119 1325 240 1402 bantur,
273 1325 501 1400 Eratosthene,
526 1324 679 1411 Polybio,
703 1325 889 1404 Posidonio,
914 1326 1004 1402 aliis,
1028 1329 1172 1392 nativam
1195 1324 1295 1390 Hero·

119 1429 178 1496 doti
207 1431 447 1516 simplicitatem
476 1436 509 1495 et
540 1430 706 1495 candorem
729 1431 890 1497 fastidiose
913 1439 945 1497 et
968 1435 1156 1498 oontemtim
1180 1432 1295 1497 habere

119 1536 199 1602 solet.
244 1537 293 1602 Hx
325 1535 528 1622 Theopompo
555 1556 629 1622 pag.
657 1534 709 1599 43.
731 1536 809 1601 haec
831 1539 967 1623 profert:
994 1537 1177 1616 Θείτομσίς
1201 1547 1296 1616 Φκσιν

118 1639 157 1706 ίτι
188 1644 238 1706 acl
272 1644 384 1720 μύθους
418 1643 448 1705 ἕν
478 1651 548 1712 τοιῖς
572 1642 696 1718 ίςορίοιις
720 1643 782 1721 tert
802 1651 936 1720 κρεῖττον
960 1644 977 1719 a
1001 1647 1041 1716 τίς
1063 1645 1217 1726 Ἡρόδοτος
1240 1642 1292 1708 real

117 1749 245 1822 Κτιρσίοος
268 1750 320 1814 real
346 1750 528 1818 Ἑλλάνικος
553 1747 605 1811 acl
629 1749 654 1812 οί
677 1748 720 1812 τά
744 1747 857 1814 Ἰνδικά
876 1750 1131 1829 συγγράψαντες.
1164 1750 1207 1815 ut
1225 1752 1293 1835 ipsa

116 1852 221 1922 Strabo
242 1877 316 1945 pag.
337 1855 412 1920 508.
437 1859 485 1920 ita
507 1854 645 1919 iudicat:
670 1857 739 1934 ρ’ᾷον
762 1856 788 1918 δ’
813 1853 851 1919 ἄν
874 1879 922 1927 τις
946 1859 1070 1937 Ἡσιόδῳ
1095 1858 1147 1920 κοιί
1168 1857 1293 1936 Ὁμήρῳ

116 1962 259 2028 τιςειίσειε
289 1963 341 2026 κοιί
374 1972 435 2029 τοῖο
466 1967 624 2041 τρυγικοῖς
653 1967 794 2033 ποιηταῖς
825 1959 841 2034 ἢ
868 1964 987 2042 Κτνσίρι
1010 1986 1046 2026 τε
1069 1963 1121 2026 uel
1145 1959 1291 2043 Ἡροδότῳ

115 2068 157 2129 κοί
181 2069 350 2143 Ἑλλανίκῳ
374 2067 425 2132 cal
450 2067 557 2139 ἄλλοις
582 2068 733 2137 τοιούτοις.
782 2065 888 2149 Quae,
907 2066 1051 2151 malum,
1070 2068 1148 2132 haec
1167 2069 1292 2132 insania

114 2179 155 2237 est
181 2173 380 2240 Herodotum
411 2172 534 2240 Ctesias
564 2195 645 2240 vano
678 2179 710 2238 et
737 2173 882 2238 mendaci
913 2173 1038 2238 homini
1071 2170 1290 2259 aequipararel

113 2275 187 2344 Hinc
230 2301 320 2366 saepe
356 2278 583 2347 contumeliose
619 2279 729 2345 scribit
763 2277 866 2344 veluti
900 2299 974 2366 pag.
1010 2277 1086 2344 818.
1123 2279 1229 2344 πολλοὶ
1263 2279 1290 2344 δ’

113 2385 256 2462 Ἠροδοτδς
286 2411 322 2451 τε
353 2387 405 2450 nal
431 2385 528 2476 Γσίλλοι
559 2389 758 2467 φλυάροῦσιυ.
788 2389 821 2449 et
851 2405 924 2472 pag.
957 2383 1033 2450 550.
1068 2383 1289 2458 Καλλιππίδας

111 2489 158 2552 κοί
180 2491 268 2556 ἄλλοι
291 2492 448 2568 dedecere,
474 2489 554 2570 άτερ
576 2491 757 2562 Ἐλλοίυικίς
780 2515 817 2554 τε
838 2490 890 2554 aa>
912 2491 1065 2568 Ἡρόδοτος
1085 2492 1138 2556 acl
1159 2489 1289 2565 Εὔδοξος

112 2597 366 2676 κιτιφλνοίρκσοιν
398 2601 491 2672 ἡμῶν.
538 2596 616 2661 Hrat
646 2597 723 2661 baec
755 2595 833 2660 olim
868 2596 1058 2685 pervulgata
1091 2598 1289 2664 eruditorum
1369 2681 1371 2685 ι

111 2705 207 2786 ορίιιὶο
226 2703 381 2769 Herodoti
400 2702 525 2768 fabulas
544 2711 576 2768 et
594 2723 712 2767 errores
731 2706 1003 2768 contemnentium
1023 2705 1288 2771 etrcfutantium.

110 2806 187 2872 dudi
216 2810 366 2875 Flavium
399 2809 570 2894 Iosephum
602 2815 704 2872 οοοιίνο
734 2809 877 2890 Apicum
906 2808 932 2873 1.
965 2807 985 2873 3
1021 2812 1177 2888 περίεργος
1202 2811 1227 2876 δ’
1252 2810 1290 2876 δυ

110 2913 165 2982 alae
199 2954 239 2964 -
276 2915 425 2980 διδάσκον
459 2917 529 2977 τίνοι
564 2915 672 2991 τρόπον
699 2917 832 2998 Ἔφορος
863 2915 919 2990 μὲν
951 2917 1131 2982 Ἑλλάνικον
1163 2918 1194 2980 ἐν
1224 2925 1286 2989 τοῖς
1354 2912 1357 2919 ’

109 3021 234 3092 τλείτοιο
262 3023 448 3102 ψευδίμενοκ
472 3019 689 3103 ἐπιδείκνυσιν,
709 3021 842 3096 Ἔφορον
866 3021 896 3083 δὲ
921 3023 1054 3096 Τίροοοιος
1080 3022 1131 3086 ael
1154 3023 1288 3100 Τίμοιιου

110 3121 130 3187 el
153 3129 220 3200 μετ’
243 3130 352 3192 ἐκεῖνον
376 3127 558 3205 γεγονότες,
584 3125 738 3203 Ἡρόδοτον
762 3125 792 3189 δὲ
818 3134 1003 3192 ΠΑΝΤΕΟ.

147 3230 362 3299 Nihilominus
385 3231 499 3299 Strabo
523 3230 683 3317 permulta
706 3253 744 3296 ex
767 3230 930 3297 Herodoto
954 3237 1061 3297 sumta
1082 3235 1199 3297 omisso
1218 3235 1287 3297 cius

109 3339 226 3403 nomino
255 3342 289 3404 in
321 3360 389 3404 rem
416 3359 507 3403 suam
532 3340 701 3412 convertit,
727 3342 783 3402 aut
806 3357 843 3402 ea
865 3357 945 3422 quae
967 3337 1027 3403 soli
1050 3336 1211 3403 Herodoto
1234 3337 1286 3402 da-

108 3438 213 3507 bentur
243 3447 288 3527 (et
319 3444 437 3529 absque
467 3443 525 3509 illo
553 3445 665 3507 luisset
695 3441 735 3507 ab
762 3444 910 3507 omnibus
932 3446 1140 3518 nescirentur,
1165 3441 1217 3507 κοιί
1242 3443 1285 3522 τῷ

109 3547 197 3628 χρόνῳ
227 3549 356 3626 ἐξίτηλοι
387 3549 425 3614 δν
457 3548 591 3632 ἐγένετο)
623 3569 683 3614 non
715 3549 754 3612 ad
778 3551 885 3632 ipsum
909 3555 1070 3615 auctorem
1094 3550 1206 3626 refert,
1231 3549 1286 3615 ssd

109 3651 144 3714 ad
162 3658 345 3720 recentiores
365 3658 544 3740 scriptores.
567 3657 623 3738 qui
643 3675 701 3718 sua
720 3675 757 3718 ex
780 3653 943 3721 Herodoto
963 3656 1142 3720 hauserant.
1170 3658 1287 3739 Accipe

109 3759 292 3844 exemplum.
342 3758 455 3824 Strabo
484 3772 591 3824 narrat
620 3779 693 3846 pag.
727 3757 802 3823 635.
831 3760 885 3822 κοιί
908 3761 989 3840 Φκσί
1011 3786 1050 3838 χε
1075 3761 1284 3834 Καλλισθένης

110 3861 155 3924 ὑπ’
178 3863 340 3939 Ἀθηναίων
362 3869 483 3945 χιλίοιις
503 3867 660 3945 δρσοχοιοιίς
682 3861 864 3942 ζκμιιοίιῑνοιι
886 3866 1032 3945 Φρύνιχον
1052 3866 1103 3929 τὸν
1119 3863 1284 3950 τραγικόν,

109 3965 174 4032 διίτι
201 3971 303 4049 δράμκ
336 3973 456 4042 ἐποίησε
488 3976 631 4044 Μιλνίτου
663 3967 777 4035 άλυσιν
804 3969 859 4034 ὑπὸ
884 3975 1026 4048 Δκρείου.
1074 3971 1178 4036 Nemo
1202 3992 1284 4037 mor-

109 4073 214 4139 talium
248 4077 285 4142 de
312 4097 349 4142 ea
377 4099 410 4142 rc
441 4077 620 4142 rescivisset
651 4096 827 4160 umquam,
858 4077 921 4141 nisi
949 4097 1020 4141 eam
1043 4075 1224 4143 Herodotus
1247 4079 1286 4143 ab

109 4177 259 4247 oblivione
288 4184 479 4248 vindicasset
511 4180 562 4246 Vl.
596 4179 650 4246 21.
698 4181 849 4254 ’Λίκνοιίοι
884 4219 925 4230 -
954 4183 1115 4253 ποιήσοιντο
1148 4183 1285 4262 Φρυνίχῳ

109 4281 205 4362 δράμκ
236 4291 376 4362 Μιλήτου
408 4285 523 4352 ἅλωσιν
555 4287 606 4350 acal
641 4285 799 4361 διδάξαντι
836 4287 866 4360 ἐς
903 4287 1019 4366 δάκρυά
1055 4310 1090 4352 τε
1127 4285 1218 4352 ἔτεσι
1251 4288 1286 4352 τί
1354 4365 1360 4378 ‚

110 4389 219 4470 ίίνιτρσκ
250 4395 302 4458 κοί
335 4394 507 4475 ἐζημίωσάν
531 4418 583 4470 μιν
615 4395 652 4458 ele
682 4397 907 4468 άνοομνιίοοικτοι
931 4394 1035 4467 οίκιίίοο
1060 4395 1145 4459 ιιοικοὶ
1167 4395 1286 4475 χιλίρσι

111 4493 274 4580 δραχμῇσι.
331 4500 564 4567 Huiuscemodi
603 4499 798 4579 δικρκμάτιοο
839 4506 897 4564 aut
930 4499 1111 4586 aequalium
1148 4504 1222 4564 sunt
1256 4504 1289 4563 et

1120 4609 1148 4652 rs
