<?xml version="1.0" encoding="UTF-8"?>
<!DOCTYPE html PUBLIC "-//W3C//DTD XHTML 1.0 Transitional//EN"
    "http://www.w3.org/TR/xhtml1/DTD/xhtml1-transitional.dtd">
<html xmlns="http://www.w3.org/1999/xhtml" xml:lang="en" lang="en">
 <head>
  <title>
</title>
<meta http-equiv="Content-Type" content="text/html;charset=utf-8" />
  <meta name='ocr-system' content='tesseract 3.04.00' />
  <meta name='ocr-capabilities' content='ocr_page ocr_carea ocr_par ocr_line ocrx_word'/>
</head>
<body>
  <div class='ocr_page' id='page_1' title='image "./miscellaneacrit01cobegoog_0535.png"; bbox 0 0 3410 5180; ppageno 0'>
   <div class='ocr_carea' id='block_1_1' title="bbox 893 324 959 395">
    <p class='ocr_par' dir='ltr' id='par_1_1' title="bbox 893 324 959 395">
     <span class='ocr_line' id='line_1_1' title="bbox 893 324 959 395; baseline 0 -1"><span class='ocrx_word' id='word_1_1' title='bbox 893 324 959 395; x_wconf 88' lang='grc'><strong>508</strong></span> 
     </span>
    </p>
   </div>
   <div class='ocr_carea' id='block_1_2' title="bbox 302 513 1516 1660">
    <p class='ocr_par' dir='ltr' id='par_1_2' title="bbox 302 513 1516 1660">
     <span class='ocr_line' id='line_1_2' title="bbox 325 513 1515 604; baseline 0.001 -24"><span class='ocrx_word' id='word_1_2' title='bbox 325 535 364 580; x_wconf 83' lang='lat' dir='ltr'><strong>ex</strong></span> <span class='ocrx_word' id='word_1_3' title='bbox 386 513 455 581; x_wconf 83' lang='lat' dir='ltr'><strong>loeo</strong></span> <span class='ocrx_word' id='word_1_4' title='bbox 478 514 626 604; x_wconf 82' lang='lat' dir='ltr'>Dionysii</span> <span class='ocrx_word' id='word_1_5' title='bbox 648 515 755 583; x_wconf 80' lang='lat' dir='ltr'><strong>Helio.</strong></span> <span class='ocrx_word' id='word_1_6' title='bbox 779 517 813 583; x_wconf 91' lang='lat' dir='ltr'><strong>in</strong></span> <span class='ocrx_word' id='word_1_7' title='bbox 834 516 945 584; x_wconf 87' lang='lat' dir='ltr'><strong>libello</strong></span> <span class='ocrx_word' id='word_1_8' title='bbox 968 519 1005 581; x_wconf 81' lang='lat' dir='ltr'><strong>de</strong></span> <span class='ocrx_word' id='word_1_9' title='bbox 1027 513 1232 580; x_wconf 73' lang='lat' dir='ltr'><strong>Demosthenis</strong></span> <span class='ocrx_word' id='word_1_10' title='bbox 1250 513 1418 602; x_wconf 73' lang='lat' dir='ltr'><strong>eloquentia</strong></span> <span class='ocrx_word' id='word_1_11' title='bbox 1443 536 1515 604; x_wconf 84' lang='lat' dir='ltr'><strong>pag.</strong></span> 
     </span>
     <span class='ocr_line' id='line_1_3' title="bbox 327 619 1516 700; baseline 0.001 -15"><span class='ocrx_word' id='word_1_12' title='bbox 327 619 413 689; x_wconf 87' lang='grc'><strong>1127</strong></span> <span class='ocrx_word' id='word_1_13' title='bbox 437 621 548 689; x_wconf 78' lang='lat' dir='ltr'><strong>Reisis.</strong></span> <span class='ocrx_word' id='word_1_14' title='bbox 575 624 632 689; x_wconf 91' lang='lat' dir='ltr'><strong>ubi</strong></span> <span class='ocrx_word' id='word_1_15' title='bbox 655 629 762 690; x_wconf 84' lang='lat' dir='ltr'><strong>narrat</strong></span> <span class='ocrx_word' id='word_1_16' title='bbox 784 623 1033 689; x_wconf 79' lang='lat' dir='ltr'><strong>Demosthenem</strong></span> <span class='ocrx_word' id='word_1_17' title='bbox 1056 621 1155 688; x_wconf 91' lang='lat' dir='ltr'><strong>solere</strong></span> <span class='ocrx_word' id='word_1_18' title='bbox 1178 628 1304 694; x_wconf 76' lang='grc' dir='ltr'><strong><em>πολλοῖς</em></strong></span> <span class='ocrx_word' id='word_1_19' title='bbox 1328 619 1456 700; x_wconf 84' lang='grc' dir='ltr'><strong><em>ίνίμασι</em></strong></span> <span class='ocrx_word' id='word_1_20' title='bbox 1480 621 1516 686; x_wconf 82' lang='grc' dir='ltr'><strong>σί</strong></span> 
     </span>
     <span class='ocr_line' id='line_1_4' title="bbox 322 727 1515 815; baseline 0 -23"><span class='ocrx_word' id='word_1_21' title='bbox 322 728 399 793; x_wconf 84' lang='grc' dir='ltr'><strong>αὐπδ</strong></span> <span class='ocrx_word' id='word_1_22' title='bbox 436 732 574 809; x_wconf 73' lang='grc' dir='ltr'><strong>πρᾶγμα</strong></span> <span class='ocrx_word' id='word_1_23' title='bbox 598 729 726 806; x_wconf 82' lang='grc' dir='ltr'><strong><em>δηλοῦν,</em></strong></span> <span class='ocrx_word' id='word_1_24' title='bbox 750 734 783 795; x_wconf 89' lang='lat' dir='ltr'><strong>et</strong></span> <span class='ocrx_word' id='word_1_25' title='bbox 805 729 951 815; x_wconf 84' lang='lat' dir='ltr'><strong>exempla</strong></span> <span class='ocrx_word' id='word_1_26' title='bbox 971 731 1048 796; x_wconf 86' lang='lat' dir='ltr'><strong>haee</strong></span> <span class='ocrx_word' id='word_1_27' title='bbox 1072 727 1177 794; x_wconf 82' lang='lat' dir='ltr'><strong>affert:</strong></span> <span class='ocrx_word' id='word_1_28' title='bbox 1203 728 1254 793; x_wconf 86' lang='grc' dir='ltr'><strong>σδν</strong></span> <span class='ocrx_word' id='word_1_29' title='bbox 1280 727 1404 802; x_wconf 88' lang='grc' dir='ltr'><strong><em>Μηδίαν</em></strong></span> <span class='ocrx_word' id='word_1_30' title='bbox 1424 735 1515 810; x_wconf 88' lang='grc' dir='ltr'><strong><em>(Μει-</em></strong></span> 
     </span>
     <span class='ocr_line' id='line_1_5' title="bbox 323 831 1514 923; baseline 0 -26"><span class='ocrx_word' id='word_1_31' title='bbox 323 831 404 921; x_wconf 91' lang='grc' dir='ltr'><strong><em>δίαν)</em></strong></span> <span class='ocrx_word' id='word_1_32' title='bbox 436 839 542 900; x_wconf 81' lang='grc' dir='ltr'><strong>σοῦσον</strong></span> <span class='ocrx_word' id='word_1_33' title='bbox 566 837 618 902; x_wconf 79' lang='grc' dir='ltr'><strong>οὐκ</strong></span> <span class='ocrx_word' id='word_1_34' title='bbox 643 836 725 908; x_wconf 66' lang='lat' dir='ltr'><strong>stete</strong></span> <span class='ocrx_word' id='word_1_35' title='bbox 754 831 817 909; x_wconf 80' lang='grc' dir='ltr'><strong><em>ιίςις</em></strong></span> <span class='ocrx_word' id='word_1_36' title='bbox 840 837 911 902; x_wconf 80' lang='grc' dir='ltr'><strong><em>ποτ’</em></strong></span> <span class='ocrx_word' id='word_1_37' title='bbox 935 835 997 904; x_wconf 68' lang='lat' dir='ltr'><strong>triv</strong></span> <span class='ocrx_word' id='word_1_38' title='bbox 1020 835 1087 901; x_wconf 81' lang='grc' dir='ltr'><strong><em>οὐδέ</em></strong></span> <span class='ocrx_word' id='word_1_39' title='bbox 1110 832 1272 912; x_wconf 84' lang='grc' dir='ltr'><strong><em>γιγνιίσιοω</em></strong></span> <span class='ocrx_word' id='word_1_40' title='bbox 1297 835 1514 923; x_wconf 71' lang='grc' dir='ltr'><strong>(γιγνώσκων).</strong></span> 
     </span>
     <span class='ocr_line' id='line_1_6' title="bbox 324 938 1514 1026; baseline 0.002 -20"><span class='ocrx_word' id='word_1_41' title='bbox 324 945 373 1006; x_wconf 88' lang='lat' dir='ltr'><strong>et:</strong></span> <span class='ocrx_word' id='word_1_42' title='bbox 398 949 453 1016; x_wconf 74' lang='grc' dir='ltr'><strong>σῆς</strong></span> <span class='ocrx_word' id='word_1_43' title='bbox 478 943 619 1026; x_wconf 70' lang='grc' dir='ltr'><strong><em>ἀδελφῆς</em></strong></span> <span class='ocrx_word' id='word_1_44' title='bbox 644 942 776 1008; x_wconf 83' lang='grc' dir='ltr'><strong>ένανπίον</strong></span> <span class='ocrx_word' id='word_1_45' title='bbox 801 941 887 1022; x_wconf 84' lang='grc' dir='ltr'><strong><em>ιιίρης</em></strong></span> <span class='ocrx_word' id='word_1_46' title='bbox 912 938 956 1008; x_wconf 87' lang='grc' dir='ltr'><strong>έσι</strong></span> <span class='ocrx_word' id='word_1_47' title='bbox 982 940 1034 1006; x_wconf 85' lang='grc' dir='ltr'><strong>καί</strong></span> <span class='ocrx_word' id='word_1_48' title='bbox 1056 939 1164 1013; x_wconf 74' lang='grc' dir='ltr'><strong>παιδὸς</strong></span> <span class='ocrx_word' id='word_1_49' title='bbox 1185 938 1285 1016; x_wconf 84' lang='grc' dir='ltr'><strong><em>ιιίσης.</em></strong></span> <span class='ocrx_word' id='word_1_50' title='bbox 1322 939 1418 1007; x_wconf 90' lang='lat' dir='ltr'><strong>Vides</strong></span> <span class='ocrx_word' id='word_1_51' title='bbox 1437 941 1514 1008; x_wconf 85' lang='lat' dir='ltr'><strong>haee</strong></span> 
     </span>
     <span class='ocr_line' id='line_1_7' title="bbox 302 1029 1513 1132; baseline 0.002 -22"><span class='ocrx_word' id='word_1_52' title='bbox 302 1029 509 1113; x_wconf 79' lang='lat' dir='ltr'><strong>&#39;memoriter</strong></span> <span class='ocrx_word' id='word_1_53' title='bbox 532 1069 579 1114; x_wconf 83' lang='lat' dir='ltr'><strong>ex</strong></span> <span class='ocrx_word' id='word_1_54' title='bbox 609 1053 716 1114; x_wconf 87' lang='lat' dir='ltr'><strong>nostro</strong></span> <span class='ocrx_word' id='word_1_55' title='bbox 739 1047 808 1115; x_wconf 87' lang='lat' dir='ltr'><strong>loeo</strong></span> <span class='ocrx_word' id='word_1_56' title='bbox 831 1047 950 1126; x_wconf 83' lang='lat' dir='ltr'><strong>afferri,</strong></span> <span class='ocrx_word' id='word_1_57' title='bbox 977 1048 1031 1113; x_wconf 88' lang='lat' dir='ltr'><strong>sed</strong></span> <span class='ocrx_word' id='word_1_58' title='bbox 1056 1045 1154 1114; x_wconf 83' lang='lat' dir='ltr'><strong>libros</strong></span> <span class='ocrx_word' id='word_1_59' title='bbox 1177 1045 1418 1126; x_wconf 85' lang='lat' dir='ltr'><strong>Demosthenis,</strong></span> <span class='ocrx_word' id='word_1_60' title='bbox 1443 1048 1513 1132; x_wconf 89' lang='lat' dir='ltr'><strong>qui·</strong></span> 
     </span>
     <span class='ocr_line' id='line_1_8' title="bbox 320 1150 1514 1240; baseline 0.001 -23"><span class='ocrx_word' id='word_1_61' title='bbox 320 1151 381 1218; x_wconf 83' lang='lat' dir='ltr'><strong>bns</strong></span> <span class='ocrx_word' id='word_1_62' title='bbox 403 1150 577 1240; x_wconf 86' lang='lat' dir='ltr'><strong>Dionysius</strong></span> <span class='ocrx_word' id='word_1_63' title='bbox 596 1155 765 1233; x_wconf 84' lang='lat' dir='ltr'><strong>utebatur,</strong></span> <span class='ocrx_word' id='word_1_64' title='bbox 785 1173 849 1220; x_wconf 93' lang='lat' dir='ltr'><strong>non</strong></span> <span class='ocrx_word' id='word_1_65' title='bbox 867 1152 972 1218; x_wconf 90' lang='lat' dir='ltr'><strong>multo</strong></span> <span class='ocrx_word' id='word_1_66' title='bbox 992 1151 1141 1218; x_wconf 82' lang='lat' dir='ltr'><strong>meliores</strong></span> <span class='ocrx_word' id='word_1_67' title='bbox 1159 1151 1257 1218; x_wconf 86' lang='lat' dir='ltr'><strong>fnisse</strong></span> <span class='ocrx_word' id='word_1_68' title='bbox 1277 1172 1374 1237; x_wconf 85' lang='lat' dir='ltr'><strong>qnam</strong></span> <span class='ocrx_word' id='word_1_69' title='bbox 1392 1159 1514 1219; x_wconf 88' lang='lat' dir='ltr'><strong>nostros</strong></span> 
     </span>
     <span class='ocr_line' id='line_1_9' title="bbox 323 1255 1515 1346; baseline 0.003 -25"><span class='ocrx_word' id='word_1_70' title='bbox 323 1255 402 1322; x_wconf 89' lang='lat' dir='ltr'><strong>slibi</strong></span> <span class='ocrx_word' id='word_1_71' title='bbox 426 1257 598 1346; x_wconf 77' lang='lat' dir='ltr'><strong>diligenter</strong></span> <span class='ocrx_word' id='word_1_72' title='bbox 621 1260 795 1326; x_wconf 86' lang='lat' dir='ltr'><strong>ostendam.</strong></span> <span class='ocrx_word' id='word_1_73' title='bbox 831 1259 941 1325; x_wconf 76' lang='lat' dir='ltr'><strong>Etiam</strong></span> <span class='ocrx_word' id='word_1_74' title='bbox 960 1257 1041 1325; x_wconf 86' lang='lat' dir='ltr'><strong>alter</strong></span> <span class='ocrx_word' id='word_1_75' title='bbox 1059 1257 1148 1324; x_wconf 89' lang='lat' dir='ltr'><strong>loeus</strong></span> <span class='ocrx_word' id='word_1_76' title='bbox 1167 1278 1207 1322; x_wconf 85' lang='lat' dir='ltr'><strong>ex</strong></span> <span class='ocrx_word' id='word_1_77' title='bbox 1226 1257 1372 1323; x_wconf 72' lang='grc' dir='ltr'><strong>Μνιίὶοιια</strong></span> <span class='ocrx_word' id='word_1_78' title='bbox 1389 1263 1515 1324; x_wconf 79' lang='lat' dir='ltr'><strong>sumtus</strong></span> 
     </span>
     <span class='ocr_line' id='line_1_10' title="bbox 323 1361 1514 1450; baseline 0 -22"><span class='ocrx_word' id='word_1_79' title='bbox 323 1366 372 1428; x_wconf 86' lang='lat' dir='ltr'><strong>eet</strong></span> <span class='ocrx_word' id='word_1_80' title='bbox 393 1383 468 1450; x_wconf 86' lang='lat' dir='ltr'><strong>pag.</strong></span> <span class='ocrx_word' id='word_1_81' title='bbox 494 1362 560 1430; x_wconf 87' lang='grc'><strong>540</strong></span> <span class='ocrx_word' id='word_1_82' title='bbox 583 1363 615 1431; x_wconf 87' lang='grc'><strong>5.</strong></span> <span class='ocrx_word' id='word_1_83' title='bbox 640 1361 711 1432; x_wconf 70' lang='lat' dir='ltr'><strong>sire</strong></span> <span class='ocrx_word' id='word_1_84' title='bbox 733 1375 790 1443; x_wconf 81' lang='grc' dir='ltr'><strong>σιῖς</strong></span> <span class='ocrx_word' id='word_1_85' title='bbox 815 1367 956 1448; x_wconf 75' lang='grc' dir='ltr'><strong><em>ἀδελφοῖς</em></strong></span> <span class='ocrx_word' id='word_1_86' title='bbox 980 1361 1023 1428; x_wconf 75' lang='grc' dir='ltr'><strong>ἔπ’</strong></span> <span class='ocrx_word' id='word_1_87' title='bbox 1047 1362 1237 1439; x_wconf 66' lang='lat' dir='ltr'><strong>indevotione</strong></span> <span class='ocrx_word' id='word_1_88' title='bbox 1261 1364 1333 1430; x_wconf 83' lang='grc' dir='ltr'><strong>τίπε</strong></span> <span class='ocrx_word' id='word_1_89' title='bbox 1359 1364 1412 1430; x_wconf 81' lang='grc' dir='ltr'><strong>καί</strong></span> <span class='ocrx_word' id='word_1_90' title='bbox 1442 1387 1514 1428; x_wconf 85' lang='grc' dir='ltr'><strong>παι·</strong></span> 
     </span>
     <span class='ocr_line' id='line_1_11' title="bbox 322 1465 1514 1558; baseline -0.001 -24"><span class='ocrx_word' id='word_1_91' title='bbox 322 1467 371 1539; x_wconf 75' lang='grc' dir='ltr'><strong>δίς</strong></span> <span class='ocrx_word' id='word_1_92' title='bbox 404 1467 494 1547; x_wconf 81' lang='grc' dir='ltr'><strong><em>οὔσης</em></strong></span> <span class='ocrx_word' id='word_1_93' title='bbox 523 1471 610 1552; x_wconf 65' lang='grc' dir='ltr'><strong><em>κίρνης</em></strong></span> <span class='ocrx_word' id='word_1_94' title='bbox 642 1471 793 1550; x_wconf 84' lang='grc' dir='ltr'><strong>έναίιπίον,</strong></span> <span class='ocrx_word' id='word_1_95' title='bbox 825 1471 883 1536; x_wconf 87' lang='lat' dir='ltr'><strong>ubi</strong></span> <span class='ocrx_word' id='word_1_96' title='bbox 913 1469 1027 1538; x_wconf 86' lang='lat' dir='ltr'><strong>melior</strong></span> <span class='ocrx_word' id='word_1_97' title='bbox 1056 1475 1104 1537; x_wconf 85' lang='lat' dir='ltr'><strong>est</strong></span> <span class='ocrx_word' id='word_1_98' title='bbox 1133 1469 1281 1558; x_wconf 78' lang='lat' dir='ltr'><strong>Dionysii</strong></span> <span class='ocrx_word' id='word_1_99' title='bbox 1306 1469 1419 1537; x_wconf 81' lang='lat' dir='ltr'><strong>lectio:</strong></span> <span class='ocrx_word' id='word_1_100' title='bbox 1443 1465 1514 1536; x_wconf 84' lang='grc' dir='ltr'><strong><em>είσα</em></strong></span> 
     </span>
     <span class='ocr_line' id='line_1_12' title="bbox 322 1575 1213 1660; baseline 0.006 -22"><span class='ocrx_word' id='word_1_101' title='bbox 322 1579 376 1648; x_wconf 77' lang='grc' dir='ltr'><strong>σῆς</strong></span> <span class='ocrx_word' id='word_1_102' title='bbox 399 1575 543 1660; x_wconf 79' lang='grc' dir='ltr'><strong><em>ἀδελφοῖς</em></strong></span> <span class='ocrx_word' id='word_1_103' title='bbox 567 1576 701 1643; x_wconf 83' lang='grc' dir='ltr'><strong>έναιπίον</strong></span> <span class='ocrx_word' id='word_1_104' title='bbox 726 1577 812 1658; x_wconf 78' lang='grc' dir='ltr'><strong><em>κίμης</em></strong></span> <span class='ocrx_word' id='word_1_105' title='bbox 836 1575 881 1643; x_wconf 86' lang='grc' dir='ltr'><strong>έπι</strong></span> <span class='ocrx_word' id='word_1_106' title='bbox 904 1577 957 1643; x_wconf 83' lang='grc' dir='ltr'><strong>καί</strong></span> <span class='ocrx_word' id='word_1_107' title='bbox 981 1577 1090 1652; x_wconf 73' lang='grc' dir='ltr'><strong>παιδὸς</strong></span> <span class='ocrx_word' id='word_1_108' title='bbox 1113 1575 1213 1653; x_wconf 80' lang='grc' dir='ltr'><strong>οὔσης.</strong></span> 
     </span>
    </p>
   </div>
   <div class='ocr_carea' id='block_1_3' title="bbox 320 1785 1513 2403">
    <p class='ocr_par' dir='ltr' id='par_1_3' title="bbox 320 1785 1513 2403">
     <span class='ocr_line' id='line_1_13' title="bbox 367 1785 1512 1874; baseline 0.002 -24"><span class='ocrx_word' id='word_1_109' title='bbox 367 1785 447 1874; x_wconf 83' lang='lat' dir='ltr'><strong>Peg.</strong></span> <span class='ocrx_word' id='word_1_110' title='bbox 482 1785 558 1853; x_wconf 90' lang='grc'><strong>540.</strong></span> <span class='ocrx_word' id='word_1_111' title='bbox 590 1786 622 1853; x_wconf 90' lang='grc'><strong>8.</strong></span> <span class='ocrx_word' id='word_1_112' title='bbox 651 1788 706 1862; x_wconf 65' lang='lat' dir='ltr'><strong>risa</strong></span> <span class='ocrx_word' id='word_1_113' title='bbox 737 1786 858 1871; x_wconf 78' lang='grc' dir='ltr'><strong><em>μητέρα</em></strong></span> <span class='ocrx_word' id='word_1_114' title='bbox 888 1789 971 1866; x_wconf 86' lang='grc' dir='ltr'><strong>κάμέ</strong></span> <span class='ocrx_word' id='word_1_115' title='bbox 1002 1787 1055 1853; x_wconf 85' lang='grc' dir='ltr'><strong>καί</strong></span> <span class='ocrx_word' id='word_1_116' title='bbox 1087 1787 1211 1860; x_wconf 68' lang='lat' dir='ltr'><strong>setosae</strong></span> <span class='ocrx_word' id='word_1_117' title='bbox 1242 1789 1325 1864; x_wconf 67' lang='grc' dir='ltr'><strong>ἡμᾶς</strong></span> <span class='ocrx_word' id='word_1_118' title='bbox 1357 1786 1435 1868; x_wconf 78' lang='grc' dir='ltr'><strong><em>ῥητοὶ</em></strong></span> <span class='ocrx_word' id='word_1_119' title='bbox 1459 1787 1512 1852; x_wconf 83' lang='grc' dir='ltr'><strong>καί</strong></span> 
     </span>
     <span class='ocr_line' id='line_1_14' title="bbox 322 1891 1513 1982; baseline -0.001 -24"><span class='ocrx_word' id='word_1_120' title='bbox 322 1891 439 1974; x_wconf 83' lang='grc' dir='ltr'><strong><em>ἀρρηπα</em></strong></span> <span class='ocrx_word' id='word_1_121' title='bbox 468 1894 552 1960; x_wconf 83' lang='grc' dir='ltr'><strong>κακά</strong></span> <span class='ocrx_word' id='word_1_122' title='bbox 582 1892 740 1963; x_wconf 82' lang='grc' dir='ltr'><strong>ἘΞεῖπον.</strong></span> <span class='ocrx_word' id='word_1_123' title='bbox 787 1893 860 1960; x_wconf 87' lang='lat' dir='ltr'><strong>Non</strong></span> <span class='ocrx_word' id='word_1_124' title='bbox 891 1893 1038 1982; x_wconf 83' lang='lat' dir='ltr'><strong>intelligo</strong></span> <span class='ocrx_word' id='word_1_125' title='bbox 1060 1896 1144 1961; x_wconf 88' lang='lat' dir='ltr'><strong>unde</strong></span> <span class='ocrx_word' id='word_1_126' title='bbox 1167 1893 1303 1960; x_wconf 86' lang='lat' dir='ltr'><strong>molesta</strong></span> <span class='ocrx_word' id='word_1_127' title='bbox 1324 1895 1513 1979; x_wconf 76' lang='lat' dir='ltr'><strong>praepositio</strong></span> 
     </span>
     <span class='ocr_line' id='line_1_15' title="bbox 320 1995 1513 2087; baseline -0.002 -21"><span class='ocrx_word' id='word_1_128' title='bbox 320 2001 407 2066; x_wconf 83' lang='lat' dir='ltr'><strong>nasei</strong></span> <span class='ocrx_word' id='word_1_129' title='bbox 428 2002 586 2087; x_wconf 83' lang='lat' dir='ltr'><strong>potuerit,</strong></span> <span class='ocrx_word' id='word_1_130' title='bbox 610 1999 665 2066; x_wconf 87' lang='lat' dir='ltr'><strong>sed</strong></span> <span class='ocrx_word' id='word_1_131' title='bbox 682 1999 743 2066; x_wconf 91' lang='lat' dir='ltr'><strong>hoo</strong></span> <span class='ocrx_word' id='word_1_132' title='bbox 761 2001 826 2066; x_wconf 87' lang='lat' dir='ltr'><strong>seio</strong></span> <span class='ocrx_word' id='word_1_133' title='bbox 844 2021 916 2066; x_wconf 92' lang='lat' dir='ltr'><strong>eam</strong></span> <span class='ocrx_word' id='word_1_134' title='bbox 936 2002 1004 2067; x_wconf 88' lang='lat' dir='ltr'><strong>sine</strong></span> <span class='ocrx_word' id='word_1_135' title='bbox 1026 2021 1115 2066; x_wconf 92' lang='lat' dir='ltr'><strong>mora</strong></span> <span class='ocrx_word' id='word_1_136' title='bbox 1136 1999 1234 2066; x_wconf 91' lang='lat' dir='ltr'><strong>deleri</strong></span> <span class='ocrx_word' id='word_1_137' title='bbox 1254 2007 1407 2085; x_wconf 88' lang='lat' dir='ltr'><strong>oportere.</strong></span> <span class='ocrx_word' id='word_1_138' title='bbox 1432 1995 1513 2064; x_wconf 82' lang='lat' dir='ltr'><strong>Gon·</strong></span> 
     </span>
     <span class='ocr_line' id='line_1_16' title="bbox 321 2104 1513 2193; baseline -0.001 -22"><span class='ocrx_word' id='word_1_139' title='bbox 321 2110 442 2172; x_wconf 85' lang='lat' dir='ltr'><strong>stanter</strong></span> <span class='ocrx_word' id='word_1_140' title='bbox 464 2125 573 2172; x_wconf 84' lang='lat' dir='ltr'><strong>omnes</strong></span> <span class='ocrx_word' id='word_1_141' title='bbox 597 2127 635 2172; x_wconf 84' lang='lat' dir='ltr'><strong>ox</strong></span> <span class='ocrx_word' id='word_1_142' title='bbox 658 2108 728 2192; x_wconf 86' lang='lat' dir='ltr'><strong>ipsa</strong></span> <span class='ocrx_word' id='word_1_143' title='bbox 750 2107 796 2171; x_wconf 90' lang='lat' dir='ltr'><strong>rei</strong></span> <span class='ocrx_word' id='word_1_144' title='bbox 819 2111 934 2171; x_wconf 84' lang='lat' dir='ltr'><strong>natura</strong></span> <span class='ocrx_word' id='word_1_145' title='bbox 955 2107 1052 2174; x_wconf 81' lang='lat' dir='ltr'><strong>verbo</strong></span> <span class='ocrx_word' id='word_1_146' title='bbox 1071 2105 1211 2193; x_wconf 77' lang='lat' dir='ltr'><strong>simplici</strong></span> <span class='ocrx_word' id='word_1_147' title='bbox 1229 2104 1513 2186; x_wconf 71' lang='grc' dir='ltr'><strong>1111111111,ρήσά</strong></span> 
     </span>
     <span class='ocr_line' id='line_1_17' title="bbox 321 2208 1509 2294; baseline -0.001 -17"><span class='ocrx_word' id='word_1_148' title='bbox 321 2212 374 2277; x_wconf 84' lang='grc' dir='ltr'><strong><em>ιιαί</em></strong></span> <span class='ocrx_word' id='word_1_149' title='bbox 406 2208 525 2292; x_wconf 84' lang='grc' dir='ltr'><strong><em>ἀρρησα</em></strong></span> <span class='ocrx_word' id='word_1_150' title='bbox 555 2209 660 2291; x_wconf 92' lang='grc' dir='ltr'><strong>λέγειν</strong></span> <span class='ocrx_word' id='word_1_151' title='bbox 694 2209 781 2290; x_wconf 88' lang='grc' dir='ltr'><strong>πινά,</strong></span> <span class='ocrx_word' id='word_1_152' title='bbox 811 2212 855 2277; x_wconf 86' lang='grc' dir='ltr'><strong><em>σά</em></strong></span> <span class='ocrx_word' id='word_1_153' title='bbox 886 2209 1015 2294; x_wconf 84' lang='grc' dir='ltr'><strong><em>έσχασα</em></strong></span> <span class='ocrx_word' id='word_1_154' title='bbox 1050 2212 1206 2286; x_wconf 71' lang='grc' dir='ltr'><strong><em>ἀλλήλους</em></strong></span> <span class='ocrx_word' id='word_1_155' title='bbox 1241 2209 1345 2289; x_wconf 92' lang='grc' dir='ltr'><strong>λέγειν</strong></span> <span class='ocrx_word' id='word_1_156' title='bbox 1374 2216 1407 2276; x_wconf 88' lang='lat' dir='ltr'><strong>et</strong></span> <span class='ocrx_word' id='word_1_157' title='bbox 1437 2211 1509 2276; x_wconf 82' lang='lat' dir='ltr'><strong>sim.</strong></span> 
     </span>
     <span class='ocr_line' id='line_1_18' title="bbox 320 2315 1486 2403; baseline -0.003 -19"><span class='ocrx_word' id='word_1_158' title='bbox 320 2316 440 2384; x_wconf 86' lang='lat' dir='ltr'><strong>Nullus</strong></span> <span class='ocrx_word' id='word_1_159' title='bbox 460 2317 557 2385; x_wconf 82' lang='lat' dir='ltr'><strong>verbo</strong></span> <span class='ocrx_word' id='word_1_160' title='bbox 581 2320 757 2403; x_wconf 77' lang='lat' dir='ltr'><strong>composito</strong></span> <span class='ocrx_word' id='word_1_161' title='bbox 781 2316 952 2399; x_wconf 75' lang='grc' dir='ltr'><strong><em>ἐξαγορειίω</em></strong></span> <span class='ocrx_word' id='word_1_162' title='bbox 975 2320 1009 2383; x_wconf 92' lang='lat' dir='ltr'><strong>in</strong></span> <span class='ocrx_word' id='word_1_163' title='bbox 1033 2315 1091 2384; x_wconf 86' lang='lat' dir='ltr'><strong>tali</strong></span> <span class='ocrx_word' id='word_1_164' title='bbox 1114 2337 1147 2382; x_wconf 93' lang='lat' dir='ltr'><strong>re</strong></span> <span class='ocrx_word' id='word_1_165' title='bbox 1171 2317 1260 2382; x_wconf 89' lang='lat' dir='ltr'><strong>loons</strong></span> <span class='ocrx_word' id='word_1_166' title='bbox 1281 2335 1348 2382; x_wconf 88' lang='lat' dir='ltr'><strong>esse</strong></span> <span class='ocrx_word' id='word_1_167' title='bbox 1369 2317 1486 2402; x_wconf 87' lang='lat' dir='ltr'><strong>potuit.</strong></span> 
     </span>
    </p>
   </div>
   <div class='ocr_carea' id='block_1_4' title="bbox 347 2522 1512 2624">
    <p class='ocr_par' dir='ltr' id='par_1_4' title="bbox 347 2522 1512 2624">
     <span class='ocr_line' id='line_1_19' title="bbox 347 2522 1512 2624; baseline -0.002 -33"><span class='ocrx_word' id='word_1_168' title='bbox 347 2525 445 2624; x_wconf 24' lang='lat' dir='ltr'><strong>&#39;Pag.</strong></span> <span class='ocrx_word' id='word_1_169' title='bbox 479 2525 554 2591; x_wconf 90' lang='grc'><strong>543.</strong></span> <span class='ocrx_word' id='word_1_170' title='bbox 588 2523 641 2591; x_wconf 88' lang='grc'><strong>19.</strong></span> <span class='ocrx_word' id='word_1_171' title='bbox 674 2524 787 2605; x_wconf 84' lang='grc' dir='ltr'><strong><em>ἀτιμον</em></strong></span> <span class='ocrx_word' id='word_1_172' title='bbox 817 2525 982 2600; x_wconf 77' lang='grc' dir='ltr'><strong><em>Ἀθηναίων</em></strong></span> <span class='ocrx_word' id='word_1_173' title='bbox 1005 2525 1061 2592; x_wconf 78' lang='grc' dir='ltr'><strong>ἕνα</strong></span> <span class='ocrx_word' id='word_1_174' title='bbox 1083 2522 1159 2593; x_wconf 89' lang='grc' dir='ltr'><strong><em>είναι</em></strong></span> <span class='ocrx_word' id='word_1_175' title='bbox 1184 2525 1232 2592; x_wconf 91' lang='grc' dir='ltr'><strong>δεῖ</strong></span> <span class='ocrx_word' id='word_1_176' title='bbox 1252 2525 1306 2591; x_wconf 80' lang='grc' dir='ltr'><strong><em>ιιαί</em></strong></span> <span class='ocrx_word' id='word_1_177' title='bbox 1329 2525 1412 2603; x_wconf 85' lang='grc' dir='ltr'><strong><em>μνίπε</em></strong></span> <span class='ocrx_word' id='word_1_178' title='bbox 1435 2548 1512 2603; x_wconf 91' lang='grc' dir='ltr'><strong><em>συγ-</em></strong></span> 
     </span>
    </p>
   </div>
   <div class='ocr_carea' id='block_1_5' title="bbox 315 2629 1512 3670">
    <p class='ocr_par' dir='ltr' id='par_1_5' title="bbox 315 2629 1512 3563">
     <span class='ocr_line' id='line_1_20' title="bbox 317 2629 1512 2713; baseline 0.002 -18"><span class='ocrx_word' id='word_1_179' title='bbox 317 2631 444 2710; x_wconf 87' lang='grc' dir='ltr'><strong><em>γνιίμης</em></strong></span> <span class='ocrx_word' id='word_1_180' title='bbox 467 2633 560 2710; x_wconf 73' lang='grc' dir='ltr'><strong>μήτε</strong></span> <span class='ocrx_word' id='word_1_181' title='bbox 583 2641 729 2697; x_wconf 83' lang='grc' dir='ltr'>ΛΟΓΟΤ</span> <span class='ocrx_word' id='word_1_182' title='bbox 752 2631 835 2709; x_wconf 73' lang='grc' dir='ltr'><strong><em>μήτε</em></strong></span> <span class='ocrx_word' id='word_1_183' title='bbox 858 2631 1024 2705; x_wconf 70' lang='grc' dir='ltr'><strong>ἐπιεικείας</strong></span> <span class='ocrx_word' id='word_1_184' title='bbox 1048 2631 1204 2712; x_wconf 74' lang='grc' dir='ltr'><strong>μηδεμιᾶς</strong></span> <span class='ocrx_word' id='word_1_185' title='bbox 1227 2639 1348 2713; x_wconf 80' lang='grc' dir='ltr'><strong><em>τυχεῖν.</em></strong></span> <span class='ocrx_word' id='word_1_186' title='bbox 1394 2629 1512 2697; x_wconf 80' lang='lat' dir='ltr'><strong>Veram</strong></span> 
     </span>
     <span class='ocr_line' id='line_1_21' title="bbox 317 2735 1510 2826; baseline 0.001 -24"><span class='ocrx_word' id='word_1_187' title='bbox 317 2736 487 2802; x_wconf 79' lang='lat' dir='ltr'><strong>lectionem</strong></span> <span class='ocrx_word' id='word_1_188' title='bbox 510 2736 607 2802; x_wconf 90' lang='lat' dir='ltr'><strong>habet</strong></span> <span class='ocrx_word' id='word_1_189' title='bbox 630 2735 707 2802; x_wconf 82' lang='lat' dir='ltr'><strong>Sin</strong></span> <span class='ocrx_word' id='word_1_190' title='bbox 729 2740 876 2826; x_wconf 89' lang='lat' dir='ltr'><strong>margine</strong></span> <span class='ocrx_word' id='word_1_191' title='bbox 900 2762 950 2819; x_wconf 78' lang='grc' dir='ltr'><strong>γρ.</strong></span> <span class='ocrx_word' id='word_1_192' title='bbox 975 2737 1071 2805; x_wconf 80' lang='grc' dir='ltr'><strong><em>ἐλέου.</em></strong></span> <span class='ocrx_word' id='word_1_193' title='bbox 1118 2735 1279 2824; x_wconf 85' lang='lat' dir='ltr'><strong>Gompone</strong></span> <span class='ocrx_word' id='word_1_194' title='bbox 1303 2736 1411 2804; x_wconf 89' lang='lat' dir='ltr'><strong>loonm</strong></span> <span class='ocrx_word' id='word_1_195' title='bbox 1435 2758 1510 2826; x_wconf 89' lang='lat' dir='ltr'><strong>pag.</strong></span> 
     </span>
     <span class='ocr_line' id='line_1_22' title="bbox 320 2839 1512 2927; baseline 0.002 -20"><span class='ocrx_word' id='word_1_196' title='bbox 320 2839 397 2908; x_wconf 86' lang='grc'><strong>547.</strong></span> <span class='ocrx_word' id='word_1_197' title='bbox 434 2843 465 2908; x_wconf 78' lang='grc'><strong>7.</strong></span> <span class='ocrx_word' id='word_1_198' title='bbox 501 2840 595 2917; x_wconf 76' lang='grc' dir='ltr'><strong><em>οὐδεὶς</em></strong></span> <span class='ocrx_word' id='word_1_199' title='bbox 626 2841 689 2925; x_wconf 80' lang='grc' dir='ltr'><strong>γάς</strong></span> <span class='ocrx_word' id='word_1_200' title='bbox 722 2844 767 2913; x_wconf 81' lang='grc' dir='ltr'><strong>έςι</strong></span> <span class='ocrx_word' id='word_1_201' title='bbox 799 2843 913 2917; x_wconf 84' lang='grc' dir='ltr'><strong>δίκαιος</strong></span> <span class='ocrx_word' id='word_1_202' title='bbox 944 2843 1116 2927; x_wconf 83' lang='grc' dir='ltr'><strong>πυγχάνειν</strong></span> <span class='ocrx_word' id='word_1_203' title='bbox 1150 2844 1165 2908; x_wconf 91' lang='grc' dir='ltr'><strong>ε’</strong></span> <span class='ocrx_word' id='word_1_204' title='bbox 1173 2843 1219 2910; x_wconf 93' lang='grc' dir='ltr'><strong>λέ</strong></span> <span class='ocrx_word' id='word_1_205' title='bbox 1227 2867 1267 2910; x_wconf 89' lang='grc' dir='ltr'><strong>ου</strong></span> <span class='ocrx_word' id='word_1_206' title='bbox 1301 2850 1360 2909; x_wconf 81' lang='grc' dir='ltr'><strong>τῶν</strong></span> <span class='ocrx_word' id='word_1_207' title='bbox 1393 2842 1512 2922; x_wconf 87' lang='grc' dir='ltr'><strong><em>μηδένα</em></strong></span> 
     </span>
     <span class='ocr_line' id='line_1_23' title="bbox 317 2945 1509 3037; baseline 0.002 -25"><span class='ocrx_word' id='word_1_208' title='bbox 317 2947 479 3014; x_wconf 84' lang='grc' dir='ltr'><strong>έλεοίνσων</strong></span> <span class='ocrx_word' id='word_1_209' title='bbox 511 2947 577 3014; x_wconf 74' lang='grc' dir='ltr'><strong><em>οὐδὲ</em></strong></span> <span class='ocrx_word' id='word_1_210' title='bbox 609 2947 799 3029; x_wconf 69' lang='grc' dir='ltr'><strong><em>συγγνώμην</em></strong></span> <span class='ocrx_word' id='word_1_211' title='bbox 830 2955 889 3016; x_wconf 74' lang='grc' dir='ltr'><strong>τῶν</strong></span> <span class='ocrx_word' id='word_1_212' title='bbox 919 2947 1178 3030; x_wconf 73' lang='grc' dir='ltr'><strong>ἀσυγγνωμόνων.</strong></span> <span class='ocrx_word' id='word_1_213' title='bbox 1211 2953 1244 3016; x_wconf 86' lang='lat' dir='ltr'><strong>et</strong></span> <span class='ocrx_word' id='word_1_214' title='bbox 1273 2969 1347 3037; x_wconf 87' lang='lat' dir='ltr'><strong>pag.</strong></span> <span class='ocrx_word' id='word_1_215' title='bbox 1378 2945 1454 3015; x_wconf 83' lang='lat'><strong>549.</strong></span> <span class='ocrx_word' id='word_1_216' title='bbox 1477 2947 1509 3014; x_wconf 95' lang='grc'><strong>2.</strong></span> 
     </span>
     <span class='ocr_line' id='line_1_24' title="bbox 317 3053 1512 3136; baseline 0.003 -18"><span class='ocrx_word' id='word_1_217' title='bbox 317 3054 396 3127; x_wconf 82' lang='grc' dir='ltr'><strong><em>σίνος</em></strong></span> <span class='ocrx_word' id='word_1_218' title='bbox 428 3055 615 3134; x_wconf 67' lang='grc' dir='ltr'><strong><em>συγγνώμης</em></strong></span> <span class='ocrx_word' id='word_1_219' title='bbox 650 3054 768 3130; x_wconf 76' lang='grc' dir='ltr'><strong>ἢπίνος</strong></span> <span class='ocrx_word' id='word_1_220' title='bbox 801 3055 917 3121; x_wconf 79' lang='grc' dir='ltr'><strong><em>ἐλέου</em></strong></span> <span class='ocrx_word' id='word_1_221' title='bbox 948 3055 1070 3128; x_wconf 83' lang='grc' dir='ltr'><strong><em>δικαίως</em></strong></span> <span class='ocrx_word' id='word_1_222' title='bbox 1094 3053 1240 3132; x_wconf 77' lang='grc' dir='ltr'><strong><em>πείξεσαι</em></strong></span> <span class='ocrx_word' id='word_1_223' title='bbox 1263 3054 1336 3136; x_wconf 81' lang='grc' dir='ltr'><strong>παρ’</strong></span> <span class='ocrx_word' id='word_1_224' title='bbox 1359 3054 1455 3132; x_wconf 83' lang='grc' dir='ltr'><strong><em>ὑμῶν;</em></strong></span> <span class='ocrx_word' id='word_1_225' title='bbox 1478 3060 1512 3121; x_wconf 84' lang='lat' dir='ltr'><strong>et</strong></span> 
     </span>
     <span class='ocr_line' id='line_1_25' title="bbox 316 3158 1507 3248; baseline 0.003 -24"><span class='ocrx_word' id='word_1_226' title='bbox 316 3180 389 3248; x_wconf 89' lang='lat' dir='ltr'><strong>pag.</strong></span> <span class='ocrx_word' id='word_1_227' title='bbox 422 3158 499 3226; x_wconf 89' lang='grc'><strong>581.</strong></span> <span class='ocrx_word' id='word_1_228' title='bbox 531 3158 586 3224; x_wconf 90' lang='grc'><strong>24.</strong></span> <span class='ocrx_word' id='word_1_229' title='bbox 619 3159 647 3226; x_wconf 88' lang='grc' dir='ltr'><strong>εί</strong></span> <span class='ocrx_word' id='word_1_230' title='bbox 677 3184 724 3233; x_wconf 82' lang='grc' dir='ltr'><strong>τις</strong></span> <span class='ocrx_word' id='word_1_231' title='bbox 757 3163 840 3241; x_wconf 79' lang='grc' dir='ltr'><strong><em>ὑμῶν</em></strong></span> <span class='ocrx_word' id='word_1_232' title='bbox 869 3169 928 3228; x_wconf 79' lang='grc' dir='ltr'><strong>πῶν</strong></span> <span class='ocrx_word' id='word_1_233' title='bbox 960 3169 1141 3228; x_wconf 82' lang='grc' dir='ltr'><strong><em>πολλῶν-</em></strong></span> <span class='ocrx_word' id='word_1_234' title='bbox 1162 3163 1203 3234; x_wconf 86' lang='grc' dir='ltr'><strong>είς</strong></span> <span class='ocrx_word' id='word_1_235' title='bbox 1229 3162 1397 3241; x_wconf 79' lang='grc' dir='ltr'><strong>διιιοιςιίριον</strong></span> <span class='ocrx_word' id='word_1_236' title='bbox 1422 3161 1507 3227; x_wconf 87' lang='grc' dir='ltr'><strong><em>είσίοι</em></strong></span> 
     </span>
     <span class='ocr_line' id='line_1_26' title="bbox 317 3263 1506 3349; baseline 0 -19"><span class='ocrx_word' id='word_1_237' title='bbox 317 3263 553 3346; x_wconf 77' lang='grc' dir='ltr'><strong>πεπληρωμένον</strong></span> <span class='ocrx_word' id='word_1_238' title='bbox 578 3266 611 3330; x_wconf 81' lang='grc' dir='ltr'><strong>έιι</strong></span> <span class='ocrx_word' id='word_1_239' title='bbox 633 3265 747 3332; x_wconf 81' lang='grc' dir='ltr'><strong><em>τούτων</em></strong></span> <span class='ocrx_word' id='word_1_240' title='bbox 770 3267 849 3340; x_wconf 88' lang='grc' dir='ltr'><strong>πίνος</strong></span> <span class='ocrx_word' id='word_1_241' title='bbox 870 3267 1058 3347; x_wconf 74' lang='grc' dir='ltr'><strong><em>συγγνώμης</em></strong></span> <span class='ocrx_word' id='word_1_242' title='bbox 1079 3267 1095 3344; x_wconf 72' lang='lat' dir='ltr'><strong>si</strong></span> <span class='ocrx_word' id='word_1_243' title='bbox 1119 3267 1197 3340; x_wconf 90' lang='grc' dir='ltr'><strong><em>σίνος</em></strong></span> <span class='ocrx_word' id='word_1_244' title='bbox 1220 3268 1375 3332; x_wconf 77' lang='grc' dir='ltr'><strong>ἘΛΕΟΤ</strong></span> <span class='ocrx_word' id='word_1_245' title='bbox 1396 3273 1506 3349; x_wconf 77' lang='grc' dir='ltr'><strong><em>τυχεῖν</em></strong></span> 
     </span>
     <span class='ocr_line' id='line_1_27' title="bbox 318 3370 1502 3458; baseline 0 -20"><span class='ocrx_word' id='word_1_246' title='bbox 318 3371 356 3438; x_wconf 88' lang='grc' dir='ltr'><strong>ἀν</strong></span> <span class='ocrx_word' id='word_1_247' title='bbox 379 3372 491 3450; x_wconf 52' lang='lat' dir='ltr'><strong>eiecta</strong></span> <span class='ocrx_word' id='word_1_248' title='bbox 516 3370 567 3437; x_wconf 82' lang='lat' dir='ltr'><strong>Sio</strong></span> <span class='ocrx_word' id='word_1_249' title='bbox 591 3370 666 3437; x_wconf 89' lang='lat' dir='ltr'><strong>iibri</strong></span> <span class='ocrx_word' id='word_1_250' title='bbox 689 3393 798 3439; x_wconf 86' lang='lat' dir='ltr'><strong>omnee</strong></span> <span class='ocrx_word' id='word_1_251' title='bbox 820 3378 946 3458; x_wconf 86' lang='lat' dir='ltr'><strong>praeter</strong></span> <span class='ocrx_word' id='word_1_252' title='bbox 968 3371 1012 3453; x_wconf 78' lang='lat' dir='ltr'><strong>S,</strong></span> <span class='ocrx_word' id='word_1_253' title='bbox 1035 3372 1120 3439; x_wconf 88' lang='lat' dir='ltr'><strong>unde</strong></span> <span class='ocrx_word' id='word_1_254' title='bbox 1143 3371 1237 3452; x_wconf 91' lang='grc' dir='ltr'><strong>λίγου</strong></span> <span class='ocrx_word' id='word_1_255' title='bbox 1260 3377 1424 3458; x_wconf 77' lang='lat' dir='ltr'><strong>receptum</strong></span> <span class='ocrx_word' id='word_1_256' title='bbox 1443 3377 1502 3450; x_wconf 85' lang='lat' dir='ltr'><strong>est,</strong></span> 
     </span>
     <span class='ocr_line' id='line_1_28' title="bbox 315 3463 986 3563; baseline 0.003 -20"><span class='ocrx_word' id='word_1_257' title='bbox 315 3478 371 3544; x_wconf 87' lang='lat' dir='ltr'><strong>sed</strong></span> <span class='ocrx_word' id='word_1_258' title='bbox 394 3477 417 3543; x_wconf 82' lang='lat' dir='ltr'>S</span> <span class='ocrx_word' id='word_1_259' title='bbox 438 3498 522 3544; x_wconf 90' lang='lat' dir='ltr'><strong>nnno</strong></span> <span class='ocrx_word' id='word_1_260' title='bbox 546 3463 676 3563; x_wconf 85' lang='lat' dir='ltr'><strong>quidem</strong></span> <span class='ocrx_word' id='word_1_261' title='bbox 699 3475 836 3545; x_wconf 84' lang='lat' dir='ltr'><strong>Gritieos</strong></span> <span class='ocrx_word' id='word_1_262' title='bbox 860 3478 986 3545; x_wconf 83' lang='lat' dir='ltr'><strong>fefellit.</strong></span> 
     </span>
    </p>

    <p class='ocr_par' dir='ltr' id='par_1_6' title="bbox 357 3583 1510 3670">
     <span class='ocr_line' id='line_1_29' title="bbox 357 3583 1510 3670; baseline 0.002 -22"><span class='ocrx_word' id='word_1_263' title='bbox 357 3587 470 3658; x_wconf 83' lang='grc' dir='ltr'><strong><em>Ἔλεος</em></strong></span> <span class='ocrx_word' id='word_1_264' title='bbox 501 3588 534 3649; x_wconf 89' lang='lat' dir='ltr'><strong>et</strong></span> <span class='ocrx_word' id='word_1_265' title='bbox 561 3584 733 3662; x_wconf 82' lang='grc' dir='ltr'><strong>συγγνώμη</strong></span> <span class='ocrx_word' id='word_1_266' title='bbox 766 3605 859 3670; x_wconf 88' lang='lat' dir='ltr'><strong>saepe</strong></span> <span class='ocrx_word' id='word_1_267' title='bbox 889 3587 934 3651; x_wconf 89' lang='lat' dir='ltr'><strong>sie</strong></span> <span class='ocrx_word' id='word_1_268' title='bbox 964 3587 1132 3652; x_wconf 82' lang='lat' dir='ltr'><strong>ooninnetn</strong></span> <span class='ocrx_word' id='word_1_269' title='bbox 1162 3586 1373 3670; x_wconf 88' lang='lat' dir='ltr'><strong>reperiuntur.</strong></span> <span class='ocrx_word' id='word_1_270' title='bbox 1428 3583 1510 3650; x_wconf 86' lang='lat' dir='ltr'><strong>Vide</strong></span> 
     </span>
    </p>
   </div>
   <div class='ocr_carea' id='block_1_6' title="bbox 316 3687 1505 3780">
    <p class='ocr_par' dir='ltr' id='par_1_7' title="bbox 316 3687 1505 3780">
     <span class='ocr_line' id='line_1_30' title="bbox 316 3687 1505 3780; baseline 0.002 -26"><span class='ocrx_word' id='word_1_271' title='bbox 316 3711 389 3779; x_wconf 86' lang='lat' dir='ltr'><strong>pag.</strong></span> <span class='ocrx_word' id='word_1_272' title='bbox 415 3688 493 3756; x_wconf 88' lang='grc'><strong>423.</strong></span> <span class='ocrx_word' id='word_1_273' title='bbox 519 3687 576 3768; x_wconf 89' lang='grc'><strong>18,</strong></span> <span class='ocrx_word' id='word_1_274' title='bbox 601 3710 675 3778; x_wconf 87' lang='lat' dir='ltr'><strong>pag.</strong></span> <span class='ocrx_word' id='word_1_275' title='bbox 700 3689 777 3756; x_wconf 88' lang='grc'><strong>431.</strong></span> <span class='ocrx_word' id='word_1_276' title='bbox 800 3689 863 3777; x_wconf 87' lang='grc'><strong>22,</strong></span> <span class='ocrx_word' id='word_1_277' title='bbox 883 3711 958 3779; x_wconf 88' lang='lat' dir='ltr'><strong>pag.</strong></span> <span class='ocrx_word' id='word_1_278' title='bbox 981 3689 1056 3759; x_wconf 89' lang='grc'><strong>794.</strong></span> <span class='ocrx_word' id='word_1_279' title='bbox 1080 3690 1119 3756; x_wconf 92' lang='lat' dir='ltr'><strong>ll</strong></span> <span class='ocrx_word' id='word_1_280' title='bbox 1142 3695 1175 3757; x_wconf 86' lang='lat' dir='ltr'><strong>et</strong></span> <span class='ocrx_word' id='word_1_281' title='bbox 1193 3688 1252 3769; x_wconf 87' lang='grc'><strong>27,</strong></span> <span class='ocrx_word' id='word_1_282' title='bbox 1271 3711 1346 3780; x_wconf 88' lang='lat' dir='ltr'><strong>pag.</strong></span> <span class='ocrx_word' id='word_1_283' title='bbox 1362 3688 1437 3756; x_wconf 86' lang='lat'><strong>610.</strong></span> <span class='ocrx_word' id='word_1_284' title='bbox 1451 3687 1505 3757; x_wconf 87' lang='grc'><strong>27.</strong></span> 
     </span>
    </p>
   </div>
   <div class='ocr_carea' id='block_1_7' title="bbox 315 3896 1510 4517">
    <p class='ocr_par' dir='ltr' id='par_1_8' title="bbox 315 3896 1510 4517">
     <span class='ocr_line' id='line_1_31' title="bbox 360 3896 1509 3988; baseline 0 -24"><span class='ocrx_word' id='word_1_285' title='bbox 360 3899 442 3988; x_wconf 87' lang='lat' dir='ltr'><strong>Pag.</strong></span> <span class='ocrx_word' id='word_1_286' title='bbox 476 3897 552 3963; x_wconf 90' lang='grc'><strong>543.</strong></span> <span class='ocrx_word' id='word_1_287' title='bbox 584 3896 639 3964; x_wconf 88' lang='grc'><strong>24.</strong></span> <span class='ocrx_word' id='word_1_288' title='bbox 672 3899 775 3975; x_wconf 76' lang='grc' dir='ltr'><strong>έπειδίι</strong></span> <span class='ocrx_word' id='word_1_289' title='bbox 808 3901 961 3979; x_wconf 78' lang='grc' dir='ltr'><strong><em>νίπίμωσεν</em></strong></span> <span class='ocrx_word' id='word_1_290' title='bbox 989 3899 1020 3966; x_wconf 79' lang='grc' dir='ltr'><strong>ὃν</strong></span> <span class='ocrx_word' id='word_1_291' title='bbox 1045 3900 1194 3980; x_wconf 75' lang='grc' dir='ltr'><strong>ἕβουλιίίη</strong></span> <span class='ocrx_word' id='word_1_292' title='bbox 1220 3901 1271 3966; x_wconf 83' lang='grc' dir='ltr'><strong>καί</strong></span> <span class='ocrx_word' id='word_1_293' title='bbox 1296 3904 1380 3965; x_wconf 78' lang='grc' dir='ltr'><strong><em>τοῦτ’</em></strong></span> <span class='ocrx_word' id='word_1_294' title='bbox 1403 3899 1509 3982; x_wconf 79' lang='grc' dir='ltr'><strong><em>ἐχαρί-</em></strong></span> 
     </span>
     <span class='ocr_line' id='line_1_32' title="bbox 317 4004 1506 4090; baseline -0.001 -20"><span class='ocrx_word' id='word_1_295' title='bbox 317 4006 412 4070; x_wconf 87' lang='grc' dir='ltr'><strong><em>σασίε</em></strong></span> <span class='ocrx_word' id='word_1_296' title='bbox 442 4006 527 4086; x_wconf 77' lang='grc' dir='ltr'><strong><em>αὐτῷ</em></strong></span> <span class='ocrx_word' id='word_1_297' title='bbox 551 4004 609 4069; x_wconf 76' lang='grc' dir='ltr'><strong><em>’καί</em></strong></span> <span class='ocrx_word' id='word_1_298' title='bbox 633 4005 688 4079; x_wconf 68' lang='lat' dir='ltr'><strong>rio</strong></span> <span class='ocrx_word' id='word_1_299' title='bbox 711 4006 820 4083; x_wconf 73' lang='grc' dir='ltr'><strong>ἀναιδῆ</strong></span> <span class='ocrx_word' id='word_1_300' title='bbox 843 4010 982 4086; x_wconf 79' lang='grc' dir='ltr'><strong><em>γνώμην,</em></strong></span> <span class='ocrx_word' id='word_1_301' title='bbox 1008 4005 1027 4090; x_wconf 69' lang='grc' dir='ltr'><em>ᾗ</em></span> <span class='ocrx_word' id='word_1_302' title='bbox 1050 4011 1156 4072; x_wconf 82' lang='grc' dir='ltr'><strong><em>ταῦτα</em></strong></span> <span class='ocrx_word' id='word_1_303' title='bbox 1180 4013 1370 4086; x_wconf 81' lang='grc' dir='ltr'><strong>προαιρεῖται</strong></span> <span class='ocrx_word' id='word_1_304' title='bbox 1393 4011 1506 4082; x_wconf 89' lang='grc' dir='ltr'><strong><em>ποιεῖν,</em></strong></span> 
     </span>
     <span class='ocr_line' id='line_1_33' title="bbox 315 4111 1508 4198; baseline 0 -22"><span class='ocrx_word' id='word_1_305' title='bbox 315 4111 480 4187; x_wconf 79' lang='grc' dir='ltr'><strong><em>ἐνέπλησεν</em></strong></span> <span class='ocrx_word' id='word_1_306' title='bbox 512 4111 645 4197; x_wconf 55' lang='lat' dir='ltr'><strong>[adsedi</strong></span> <span class='ocrx_word' id='word_1_307' title='bbox 692 4112 756 4180; x_wconf 87' lang='lat' dir='ltr'><strong>Pro</strong></span> <span class='ocrx_word' id='word_1_308' title='bbox 783 4115 973 4198; x_wconf 73' lang='grc' dir='ltr'><strong><em>ἐχαρίσασθε</em></strong></span> <span class='ocrx_word' id='word_1_309' title='bbox 999 4113 1099 4194; x_wconf 75' lang='grc' dir='ltr'><strong><em>αὐτῷ,</em></strong></span> <span class='ocrx_word' id='word_1_310' title='bbox 1125 4111 1209 4198; x_wconf 90' lang='lat' dir='ltr'><strong>quod</strong></span> <span class='ocrx_word' id='word_1_311' title='bbox 1231 4113 1508 4197; x_wconf 83' lang='lat' dir='ltr'><strong>perversissimum</strong></span> 
     </span>
     <span class='ocr_line' id='line_1_34' title="bbox 317 4216 1509 4306; baseline -0.002 -22"><span class='ocrx_word' id='word_1_312' title='bbox 317 4223 379 4296; x_wconf 87' lang='lat' dir='ltr'><strong>est,</strong></span> <span class='ocrx_word' id='word_1_313' title='bbox 413 4217 576 4284; x_wconf 87' lang='lat' dir='ltr'><strong>Dobreeus</strong></span> <span class='ocrx_word' id='word_1_314' title='bbox 610 4217 786 4301; x_wconf 82' lang='grc' dir='ltr'><strong>έχαοίσαΘ’</strong></span> <span class='ocrx_word' id='word_1_315' title='bbox 823 4220 907 4302; x_wconf 80' lang='grc' dir='ltr'><strong>αὑπῷ</strong></span> <span class='ocrx_word' id='word_1_316' title='bbox 942 4220 1121 4306; x_wconf 83' lang='lat' dir='ltr'><strong>reponebat.</strong></span> <span class='ocrx_word' id='word_1_317' title='bbox 1180 4216 1252 4282; x_wconf 87' lang='lat' dir='ltr'><strong>Non</strong></span> <span class='ocrx_word' id='word_1_318' title='bbox 1286 4218 1422 4282; x_wconf 90' lang='lat' dir='ltr'><strong>memini</strong></span> <span class='ocrx_word' id='word_1_319' title='bbox 1454 4237 1509 4282; x_wconf 90' lang='lat' dir='ltr'><strong>me</strong></span> 
     </span>
     <span class='ocr_line' id='line_1_35' title="bbox 315 4321 1510 4411; baseline -0.003 -22"><span class='ocrx_word' id='word_1_320' title='bbox 315 4323 422 4410; x_wconf 90' lang='lat' dir='ltr'><strong>legere</strong></span> <span class='ocrx_word' id='word_1_321' title='bbox 445 4323 542 4404; x_wconf 75' lang='grc' dir='ltr'><strong><em>ἑαυτῷ</em></strong></span> <span class='ocrx_word' id='word_1_322' title='bbox 566 4322 774 4405; x_wconf 75' lang='grc' dir='ltr'><strong><em>χαρίσασθαι.</em></strong></span> <span class='ocrx_word' id='word_1_323' title='bbox 797 4346 855 4392; x_wconf 89' lang='lat' dir='ltr'><strong>nee</strong></span> <span class='ocrx_word' id='word_1_324' title='bbox 878 4325 1001 4411; x_wconf 79' lang='lat' dir='ltr'><strong>plaeet3</strong></span> <span class='ocrx_word' id='word_1_325' title='bbox 1027 4324 1081 4391; x_wconf 90' lang='lat' dir='ltr'><strong>sed</strong></span> <span class='ocrx_word' id='word_1_326' title='bbox 1103 4322 1189 4389; x_wconf 92' lang='lat' dir='ltr'><strong>nihil</strong></span> <span class='ocrx_word' id='word_1_327' title='bbox 1211 4324 1332 4409; x_wconf 90' lang='lat' dir='ltr'><strong>reperio</strong></span> <span class='ocrx_word' id='word_1_328' title='bbox 1355 4321 1440 4407; x_wconf 89' lang='lat' dir='ltr'><strong>quod</strong></span> <span class='ocrx_word' id='word_1_329' title='bbox 1465 4321 1510 4387; x_wconf 89' lang='lat' dir='ltr'><strong>sit</strong></span> 
     </span>
     <span class='ocr_line' id='line_1_36' title="bbox 316 4427 1508 4517; baseline -0.003 -21"><span class='ocrx_word' id='word_1_330' title='bbox 316 4427 442 4496; x_wconf 89' lang='lat' dir='ltr'><strong>meiius.</strong></span> <span class='ocrx_word' id='word_1_331' title='bbox 487 4427 525 4494; x_wconf 91' lang='lat' dir='ltr'><strong>ln</strong></span> <span class='ocrx_word' id='word_1_332' title='bbox 553 4449 619 4514; x_wconf 90' lang='lat' dir='ltr'><strong>sqq.</strong></span> <span class='ocrx_word' id='word_1_333' title='bbox 644 4428 727 4495; x_wconf 91' lang='lat' dir='ltr'><strong>nihil</strong></span> <span class='ocrx_word' id='word_1_334' title='bbox 753 4430 966 4498; x_wconf 85' lang='lat' dir='ltr'><strong>desiderarem</strong></span> <span class='ocrx_word' id='word_1_335' title='bbox 990 4432 1019 4496; x_wconf 89' lang='lat' dir='ltr'><strong>si</strong></span> <span class='ocrx_word' id='word_1_336' title='bbox 1041 4429 1218 4517; x_wconf 87' lang='lat' dir='ltr'><strong>legeretur:</strong></span> <span class='ocrx_word' id='word_1_337' title='bbox 1243 4428 1297 4495; x_wconf 82' lang='grc' dir='ltr'><strong>καῖ</strong></span> <span class='ocrx_word' id='word_1_338' title='bbox 1320 4429 1374 4503; x_wconf 74' lang='lat' dir='ltr'><strong>rio</strong></span> <span class='ocrx_word' id='word_1_339' title='bbox 1397 4427 1508 4504; x_wconf 79' lang='grc' dir='ltr'><strong>ἀναιδῆ</strong></span> 
     </span>
    </p>
   </div>
   <div class='ocr_carea' id='block_1_8' title="bbox 0 0 1710 5180">
    <p class='ocr_par' dir='ltr' id='par_1_9' title="bbox 0 0 1710 5180">
     <span class='ocr_line' id='line_1_37' title="bbox 0 0 1710 5180; baseline 0 2"><span class='ocrx_word' id='word_1_340' title='bbox 0 0 1710 5180; x_wconf 95' lang='lat' dir='ltr'><strong> </strong></span> 
     </span>
    </p>
   </div>
  </div>
 </body>
</html>
