3232 5176
381 1195 438 1268 Dii
462 1191 655 1268 inclitus
680 1191 987 1270 ANTIQUISSIMI
1014 1191 1179 1268 coniolo

465 1343 701 1419 STRABONIS
725 1341 875 1418 NUPER
900 1341 1123 1418 sopiens,

639 1659 919 1693 ..n-0*—

227 1937 422 2023 anerrime
453 1957 548 2023 prope
574 1935 713 2001 Romam
735 1941 860 2020 reperte
882 1941 957 2002 sunt
980 1936 1058 2003 solie
1080 1937 1236 2022 quaedem
1261 1937 1376 2024 pelim·

177 2050 292 2130 poeste
313 2045 494 2129 perantiqui
517 2039 643 2108 Oodiois
665 2038 867 2106 Strabonieni
889 2041 1008 2108 littoris
1031 2041 1211 2108 uncialibus
1235 2048 1374 2124 exereti,

179 2150 224 2216 de
254 2170 317 2235 quo
345 2147 497 2216 nonnulle
525 2148 637 2212 retulit
668 2163 823 2213 orusnere
854 2164 954 2213 oonnn
981 2147 1158 2214 monachus
1194 2147 1375 2215 Basilionne

179 2259 219 2322 in
241 2254 352 2322 libello
375 2256 528 2340 inscripto
553 2253 656 2331 „Deir
680 2253 779 2317 antico
805 2253 910 2319 Codice
932 2255 1014 2318 dello
1035 2254 1221 2338 Geoyrophio
1240 2255 1274 2317 ds·
1293 2255 1374 2318 Siro-

179 2363 258 2426 bone
278 2368 408 2447 cooperto
430 2361 481 2424 oei
505 2359 674 2426 Peumata·
697 2359 777 2422 dello
801 2359 902 2424 Badio
924 2361 958 2424 di
983 2357 1234 2445 Grottoferrota.''
1260 2358 1374 2426 Pervo-

179 2471 233 2534 nit
256 2469 290 2533 in
313 2487 402 2533 meos
424 2486 539 2531 monus
561 2463 691 2530 libellus
715 2485 816 2550 quum
839 2471 926 2532 totus
948 2487 1049 2532 essem
1072 2469 1107 2530 in
1130 2465 1294 2531 Strabonis
1312 2466 1373 2532 leo-

179 2577 270 2640 tione
301 2579 333 2640 et
363 2571 599 2648 emendatione,
632 2576 663 2636 et
690 2591 764 2637 sone
795 2592 948 2660 magnam
978 2571 1061 2637 mihi
1088 2573 1192 2638 movit
1214 2577 1374 2656 exspeote-

180 2681 322 2758 tionem,
346 2678 401 2744 sed
425 2678 544 2758 (dicem
567 2679 654 2741 enim
677 2675 809 2742 oendido
832 2684 863 2743 et
885 2676 985 2742 libere
1008 2677 1092 2762 quod
1115 2679 1230 2758 sentio)
1251 2698 1372 2766 magne

179 2807 237 2872 spe
261 2785 382 2863 enoidi,
407 2804 544 2869 nemque
567 2780 714 2860 ἄνθρακες
739 2784 812 2860 ἡμῖν
836 2782 849 2847 ὃ
874 2782 1019 2862 θησαυρὸς
1044 2782 1255 2863 ἀναπέφηνεν.

226 2891 387 2978 Equidem
415 2890 580 2956 Editorem
606 2904 761 2954 emersere
791 2905 891 2956 oozno
921 2888 1041 2954 bonnm
1064 2891 1170 2954 virum
1196 2894 1228 2955 et
1250 2889 1370 2955 bonum

179 2997 376 3063 monachum
406 3017 473 3062 esse
500 2995 613 3061 lubens
636 2994 745 3070 oredo,
768 2993 823 3058 sed
846 2996 1070 3060 immemorem
1092 3015 1167 3061 eum
1189 3015 1255 3060 esse
1279 2995 1371 3061 video

180 3107 300 3169 veteris
322 3102 501 3189 proverbii:

365 3205 438 3290 ἕρδοι
461 3231 508 3280 τις
532 3205 566 3282 ἣν
589 3202 699 3278 {nasos
724 3204 813 3279 εἰδείη
838 3203 970 3286 τέχνην.

363 3337 448 3400 quom
469 3313 695 3400 quinqueremi
718 3319 809 3376 eriere
831 3311 865 3376 ἐκ
888 3313 942 3376 hae
962 3335 995 3376 ee
1018 3321 1158 3378 mereat.

224 3419 326 3486 Pione
356 3421 441 3485 enim
468 3423 573 3504 imper
595 3424 628 3484 et
650 3421 827 3504 imperatus
851 3417 891 3484 ed
913 3417 991 3484 hese
1026 3419 1134 3484 studio
1156 3420 1288 3484 eooeseit
1320 3418 1371 3505 (ut

178 3527 258 3594 oiim
292 3543 474 3591 mvnemnzr
503 3523 604 3591 illotis
634 3524 784 3589 menibus
815 3523 1036 3610 Aristophanis
1066 3521 1216 3590 Oodioorn
1248 3523 1371 3591 Raven-

178 3639 288 3699 netem
312 3630 544 3718 oontreetevit),
567 3651 669 3715 neque
692 3635 819 3695 tentum
844 3627 964 3696 Graece
986 3650 1049 3696 non
1067 3631 1145 3696 sotis
1163 3631 1287 3715 peritus
1305 3636 1371 3710 est,

179 3739 236 3806 sed
268 3736 433 3804 iudicandi
461 3737 499 3803 de
529 3735 581 3802 his
611 3736 706 3802 rebus
736 3735 924 3802 ieeoitotem
951 3735 1077 3801 nullom
1107 3735 1212 3800 hebet.
1260 3735 1298 3800 in
1331 3739 1373 3803 iis

180 3865 261 3931 quoe
284 3865 324 3910 ex
347 3863 411 3909 uno
435 3841 595 3927 alteroque
619 3842 696 3908 folio
718 3839 846 3908 Oodiois
868 3843 1034 3927 descripsit
1056 3861 1119 3906 non
1143 3846 1270 3907 tentum
1290 3843 1373 3908 nihil

181 3950 247 4018 iero
277 3957 326 4016 eet
356 3948 440 4036 quod
470 3945 619 4014 Straboni
648 3949 767 4033 prosit,
798 3947 854 4013 sed
883 3946 999 4013 mendo
1031 3951 1098 4013 tem
1122 3945 1280 4013 multost
1304 3953 1373 4014 tem

180 4059 289 4144 inepte
318 4059 429 4122 insunt
460 4059 497 4120 ut
518 4053 577 4122 teli
601 4053 723 4120 auxilio
746 4074 851 4120 oerore
872 4057 916 4120 sit
937 4052 1064 4118 melius.
1112 4053 1218 4138 Atque
1239 4055 1317 4120 hoec
1340 4077 1374 4122 ee

180 4166 215 4228 in
243 4161 351 4228 luoom
386 4160 477 4226 edere
508 4161 620 4226 scribit
650 4157 776 4244 „percit
793 4161 847 4224 dal
868 4159 946 4224 clero
969 4157 998 4222 ὤ
1023 4157 1119 4222 lobia
1140 4159 1169 4222 ei
1190 4182 1373 4227 concorreeee

181 4271 274 4334 auehe
305 4291 359 4334 eon
389 4273 490 4353 quera
516 4267 667 4348 sioqolore
694 4265 798 4330 meist
829 4267 892 4330 ailo
911 4265 1061 4349 pressim
1084 4264 1275 4349 Eepoeizione
1300 4269 1373 4334 Geo-

176 4375 323 4460 yrophe'eo
352 4373 498 4437 mondiale
531 4371 565 4435 di
596 4370 732 4454 Pariqil'
779 4370 816 4437 Si
846 4371 924 4457 quid
954 4369 1006 4436 illi
1036 4369 1212 4438 eredimus:
1251 4383 1373 4460 „questo

177 4487 310 4566 seoperie
342 4477 436 4544 dovre
465 4499 542 4542 esser
565 4478 697 4544 salutata
721 4498 799 4543 corne
821 4500 880 4542 ono
904 4477 953 4543 dei
970 4476 1029 4562 piri
1054 4477 1149 4542 nobili
1172 4479 1300 4565 nequisti
1314 4503 1374 4564 per
