3404 5192
858 339 926 432 acl

293 549 426 624 crimine
448 559 612 632 tenentur,
636 551 821 637 similesque
845 558 920 619 sunt
943 549 1114 638 philologis
1137 548 1330 635 quibusdam
1350 553 1385 616 in
1405 541 1483 618 Gal-

293 663 339 729 lia
367 662 582 728 festivissimis
611 658 676 724 illis
706 656 836 743 quidem
868 664 900 724 et
932 657 1178 744 elegantissimis
1211 658 1289 722 viris
1319 656 1375 722 scd
1402 657 1483 722 οὐδὲν

295 768 434 833 ἐπαΐουσι
462 771 520 831 τῶν
551 764 690 830 τοιούτων
721 763 806 842 πέρι,
831 766 887 849 qui
912 763 1077 850 digamma
1098 782 1155 847 per
1176 761 1290 826 ludum
1313 765 1483 848 iocumque

294 893 351 959 pro
373 871 507 938 Aeolica*
524 871 735 936 Britannicum
758 868 996 954 appellitabant.
1032 867 1174 932 buerunt
1198 867 1253 932 alii
1276 871 1333 952 qui
1354 871 1388 932 in
1411 889 1483 934 con·

294 980 432 1043 tranium
462 996 598 1042 errorem
629 996 661 1040 se
693 973 878 1040 inducerent
908 979 940 1040 et
969 973 1034 1039 lere
1059 972 1178 1058 ubique
1207 971 1272 1039 levi
1307 977 1483 1060 suspicione

296 1082 387 1148 ducti
407 1082 575 1170 digamma
595 1079 788 1146 infarcirent.
825 1079 989 1145 Belrlrerus
1013 1083 1051 1154 ut
1074 1085 1142 1144 erat
1163 1081 1197 1142 in
1215 1081 1303 1144 omni
1321 1085 1483 1162 recautus

296 1193 329 1253 et
352 1189 465 1251 anxius
485 1184 627 1251 mediam
647 1185 822 1271 quamdam
840 1187 928 1250 viam
949 1187 1068 1262 tenuit,
1088 1187 1136 1248 ita
1154 1189 1262 1250 tamen
1279 1185 1484 1250 utinmultis

297 1294 463 1366 erraverit,
494 1311 735 1377 nonnumquam
767 1290 823 1355 sed
852 1310 978 1376 perraro
1002 1295 1110 1356 tamen
1134 1291 1168 1353 τὸ
1192 1289 1345 1367 strapas
1367 1293 1485 1376 impor-

296 1404 374 1464 tune
415 1399 571 1472 inserens,
606 1395 701 1484 longe
735 1398 859 1480 saepius
893 1397 1106 1462 necessarium
1141 1394 1326 1482 negligens,
1362 1402 1419 1461 aut
1451 1397 1486 1460 in

297 1502 502 1570 emendandis
523 1500 602 1567 locis
620 1500 678 1566 ubi
696 1502 865 1567 hominum
885 1501 1026 1566 socordia
1045 1503 1177 1586 antiqua
1195 1500 1324 1567 literula
1342 1504 1487 1588 periisset

298 1628 411 1693 parum
434 1606 513 1672 felix
536 1611 591 1672 aut
614 1606 815 1672 festinantior
836 1606 945 1693 paullo
970 1611 1003 1672 ct
1025 1607 1292 1674 inconsideratior.
1328 1607 1379 1673 lix
1400 1607 1487 1673 hisce

299 1731 442 1778 errorum
471 1712 642 1798 generibus
664 1711 819 1777 nonnulla
842 1712 975 1780 subinde
998 1711 1145 1799 exempla
1167 1716 1277 1798 paucis
1298 1714 1487 1800 redarguere

299 1820 399 1885 iuvat.

344 1924 474 1990 Faciam
504 1924 636 1988 initium
659 1923 699 1989 ab
722 1943 758 1990 eo
780 1922 866 2001 loco,
890 1923 946 1988 ubi
966 1926 1180 1990 necessarium
1203 1929 1236 1991 et
1258 1927 1431 1991 sententiae
1455 1930 1487 1990 ot

298 2033 403 2095 metro
426 2028 577 2108 δίγαμμα
599 2028 683 2116 apud
702 2028 839 2114 reliquos
857 2048 967 2094 omnes
986 2031 1141 2095 amissum
1161 2051 1179 2096 a
1199 2029 1345 2096 Bclrlcero
1364 2051 1487 2116 quoque

299 2133 485 2223 neglectum
510 2141 567 2201 est.
1536 2217 1539 2223 Ι

344 2240 539 2307 Pronomina
569 2242 669 2305 trium
691 2261 897 2327 personarum
920 2239 1039 2306 habent
1062 2243 1279 2309 accusativum
1302 2241 1486 2308 encliticam

300 2371 366 2426 με,
388 2371 422 2411 σε
446 2352 479 2413 et
500 2356 553 2414 Fa.
598 2345 686 2411 Elisa
709 2345 810 2412 vocali
833 2350 975 2432 superest
997 2350 1032 2423 μ’
1057 2351 1089 2412 et
1112 2350 1158 2410 c':
1182 2351 1217 2412 in
1239 2349 1334 2413 tertia
1361 2355 1484 2426 autem,

301 2455 376 2538 quia
395 2462 421 2518 F
441 2472 503 2517 non
524 2450 689 2535 scribitur,
708 2454 904 2536 pronominis
927 2471 985 2516 uec
1008 2452 1080 2518 vola
1102 2474 1159 2518 nec
1181 2457 1357 2541 vestigium
1382 2475 1487 2539 super·

301 2563 359 2622 cst.
405 2555 465 2622 Vel
487 2559 532 2622 sic
555 2562 663 2622 tamen
686 2559 720 2621 in
742 2560 846 2622 vitam
870 2578 905 2623 ac
927 2556 1034 2624 lucam
1056 2560 1175 2643 poterit
1196 2562 1355 2645 revocari,
1380 2565 1417 2624 ut
1439 2560 1488 2624 lu-

302 2661 428 2728 culento
451 2661 597 2747 exemplo
620 2662 832 2728 ostendemus.

347 2767 455 2832 Habet
484 2767 543 2833 hoc
574 2766 704 2855 linguae
730 2767 846 2854 Epicae
871 2767 1061 2854 simplicitas
1083 2775 1121 2834 ut
1143 2790 1223 2854 quae
1246 2772 1317 2854 quis
1339 2771 1489 2836 mandata

302 2871 343 2937 ad
367 2871 507 2956 aliquem
527 2871 649 2938 dederit
666 2873 867 2958 perferenda,
889 2895 925 2940 ea
945 2876 1048 2939 ι’ἱοιθοιιι
1068 2876 1174 2940 verbis
1192 2878 1335 2960 repetitis
1355 2875 1394 2940 sd
1414 2897 1489 2940 eum

301 2975 499 3064 perferantur
530 2981 623 3043 tertia
646 2984 775 3044 tantum
798 2999 930 3063 persona
951 2982 985 3044 in
1007 2980 1179 3046 secundam
1201 2985 1336 3047 mutata.
1382 2980 1489 3046 Pauca

302 3081 449 3169 exempla
471 3082 548 3148 haec
570 3082 655 3149 vide.
701 3081 852 3150 Iliadis.
878 3084 931 3149 11.

463 3187 593 3268 θωρῆξαί
615 3192 651 3254 Ἐ
675 3187 781 3254 κέλευε
800 3189 876 3270 scripu
901 3187 1076 3268 κομόωντας
1102 3189 1254 3274 Ἀχαιούς

461 3295 632 3378 πασσυδίῃ·
656 3300 706 3361 νῦν
729 3295 792 3378 γνθρ
816 3321 867 3363 κεν
890 3293 972 3362 iaol
997 3297 1086 3363 πθλιν
1112 3299 1309 3379 εὐρυάγυιαν.

304 3397 618 3466 mmffimffi.
847 3461 851 3470 .

462 3505 592 3587 θωρῆξαί
617 3506 650 3574 C’
675 3505 797 3572 ἐκέλευε
821 3506 898 3589 κοίρη
921 3508 1096 3586 κομόωντας
1121 3508 1273 3590 Ἀχαισθς

462 3611 633 3694 πασσυδίῃ·
657 3617 707 3679 νῦν
729 3613 792 3695 γοίρ
816 3639 866 3680 κεν
890 3611 998 3680 itote
1021 3613 1110 3682 πθλιν
1134 3614 1333 3697 εὐρυάγυιαν.

349 3715 439 3783 Iliad.
467 3727 505 3783 Θ.
532 3716 608 3782 402.

462 3819 583 3902 γυιοθσω
606 3819 784 3906 μέν·σΦωἰ“ν
808 3824 863 3905 ὑφ’
884 3821 1020 3905 θίρμασιν
1045 3823 1140 3898 ὠκέας
1163 3821 1290 3904 ίππσνο,

462 3928 564 4020 αὐτὰρ
586 3927 615 3995 δ’
640 3928 675 3993 ἐκ
698 3929 804 4012 δίφρου
828 3929 936 4009 βαλέω
960 3929 1045 3996 λοιποί
1070 3932 1095 3995 θ’
1117 3927 1250 4011 ἅρματα
1274 3929 1331 4010 rolf
1356 3978 1362 3998 .

306 4040 408 4102 atvs.
434 4031 511 4100 416.

463 4135 604 4217 γυιώσειν
626 4139 684 4217 μέν
707 4144 805 4223 σφῶϊν
828 4140 883 4223 ὑφ’
906 4137 1040 4220 ἅρμασιν
1064 4141 1160 4214 ὠκέας
1180 4140 1310 4226 ἵππους,

464 4243 565 4315 αὐτὰς
588 4246 615 4309 δ’
639 4245 673 4308 έν
696 4243 802 4330 δίφρου
825 4246 954 4326 βαλέειν
978 4245 1064 4314 narrt
1088 4249 1111 4313 θ’
1136 4246 1266 4330 θίρριασα
1290 4245 1399 4326 σοίξειν.

352 4347 444 4414 Iliad.
469 4358 509 4414 0.
534 4347 611 4415 160.
1300 4433 1303 4438 Ι

466 4453 665 4534 πανσυίμενίν
688 4481 740 4536 μιν
765 4455 880 4540 ἄνωχθι
903 4457 1015 4542 larigna
1040 4457 1090 4535 tsi
1113 4457 1278 4540 πτολέμοιο
1303 4493 1345 4508 -
