3208 5158
675 1418 756 1508 AD
799 1418 1193 1510 STRABONEM.

761 2293 926 2343 srrmnuus
949 2295 1117 2355 annonun,

492 2399 546 2456 our
569 2399 603 2447 ur
626 2397 792 2447 odoramus
815 2400 949 2448 enuncia
972 2399 1079 2448 vuaso
1103 2401 1387 2449 cracunrrnunrua

566 2505 697 2554 nrcnun
719 2505 803 2552 naun
828 2505 1018 2554 summurn
1041 2505 1195 2554 aonsncrr
1219 2505 1311 2554 suar.

391 2696 571 2762 &russone
600 2694 676 2762 libri
704 2701 771 2760 tam
803 2697 913 2780 scripti
942 2717 1038 2782 quam
1075 2697 1154 2763 editi
1188 2697 1313 2762 mendis
1346 2696 1509 2783 quibusdan

344 2801 599 2889 orthographicis
629 2801 731 2868 veluti
758 2800 893 2866 maculis
915 2805 976 2865 toti
1000 2805 1158 2886 conspersi
1181 2809 1265 2866 sunt.
1314 2803 1449 2868 Editoree
1468 2819 1509 2864 re·

345 2913 427 2973 teres
453 2907 533 2972 hanc
565 2906 660 2973 officii
681 2909 731 2971 sni
753 2913 877 2991 partem
902 2927 963 2970 uon
986 2927 1104 2994 magno
1127 2927 1220 2992 opera
1244 2910 1395 2974 curabant
1416 2913 1446 2972 et
1465 2906 1510 2968 hoc

344 3035 447 3079 unum
481 3014 617 3100 agebant
651 3019 688 3077 ut
722 3011 885 3076 Strabonis
920 3017 1110 3077 sententiam
1146 3020 1178 3078 et
1212 3019 1354 3080 mentem
1389 3027 1511 3099 perversa
1592 3019 1593 3084 ἦ

345 3121 502 3202 scriptura
533 3117 728 3184 laborantem
759 3124 791 3183 et
823 3118 1023 3183 obscuratam
1056 3119 1239 3203 expedirent
1262 3130 1295 3184 et
1317 3123 1351 3184 in
1373 3123 1512 3205 integrum

345 3227 559 3291 restituerent.
596 3225 661 3288 Nec
681 3223 820 3288 multum
844 3225 938 3288 inea
961 3245 994 3288 re
1017 3229 1151 3311 egerunt
1173 3223 1241 3306 illi,
1266 3227 1321 3309 qui
1345 3233 1444 3290 nostra
1461 3239 1512 3284 ma·

345 3333 448 3397 moria
479 3332 513 3393 in
537 3349 628 3414 opere
653 3328 861 3394 Straboniano
885 3330 1080 3395 emendando
1105 3329 1314 3396 utilissimam
1338 3337 1370 3396 et
1392 3326 1511 3395 felicissi-

344 3458 433 3502 mam
468 3455 593 3521 cperam
627 3440 809 3520 posuerunt.
858 3435 921 3500 Ubi
955 3435 994 3499 de
1028 3439 1186 3501 sententis
1216 3439 1294 3501 satis
1326 3442 1440 3502 constat
1462 3451 1511 3496 uon

343 3543 487 3609 multum
512 3546 586 3606 sunt
608 3539 736 3606 solliciti
761 3542 799 3606 de
820 3543 945 3606 vitiosis
968 3541 1136 3606 verborum
1156 3542 1285 3619 formis,
1308 3563 1385 3628 quas
1403 3539 1511 3626 quidem

344 3651 379 3714 in
410 3649 501 3713 libris
531 3645 609 3712 Mss.
644 3649 871 3731 cuiuscumque
894 3649 1008 3712 aetatis
1032 3653 1064 3712 et
1087 3650 1181 3732 pretii
1207 3651 1326 3732 possim
1349 3652 1394 3713 ita
1414 3647 1512 3710 mixtas

347 3761 379 3820 et
402 3754 545 3820 confusas
569 3753 830 3839 perturbatasque
854 3757 987 3817 cernunt
1010 3759 1047 3816 ut
1070 3751 1160 3817 nulla
1180 3773 1250 3837 spes
1270 3773 1426 3839 superesse
1443 3746 1512 3812 vide
1592 3763 1593 3790 ³

346 3865 419 3925 atur
442 3859 611 3944 aliquando
634 3859 699 3925 fore
722 3865 760 3924 ut
779 3859 886 3944 aliqua
909 3859 998 3935 τάξις
1024 3860 1196 3934 larciane
1217 3867 1271 3933 τῆς
1293 3859 1424 3936 ἀταξίας
1440 3851 1512 3932 redii·

346 3971 465 4030 tuetur.
512 3964 708 4030 Faciendum
739 3969 846 4030 tamen
877 3964 1056 4050 perieulum
1092 3971 1157 4042 est,
1193 3967 1234 4030 iis
1264 3967 1443 4051 praesertim
1469 3955 1512 4040 qni

345 4070 438 4152 longo
468 4091 530 4135 usu
561 4071 663 4135 edocti
694 4073 799 4135 sciunt
828 4073 995 4156 scriptores
1028 4069 1164 4136 Graecos
1196 4070 1325 4156 perinde
1356 4091 1390 4136 ac
1411 4067 1513 4132 nostros

347 4174 491 4259 aequales
524 4197 563 4239 ex
591 4179 661 4260 ipsa
690 4179 736 4242 rei
767 4183 880 4241 natura
908 4178 943 4240 in
974 4177 1024 4240 bis
1054 4197 1179 4261 quoqne
1209 4177 1252 4240 rol
1280 4177 1364 4241 αὐτὰ
1386 4169 1511 4249 περὶτῶν

348 4281 447 4344 αὐτῶν
471 4279 576 4358 λέγειν
604 4283 701 4347 fuisse
725 4281 844 4349 solitos.

393 4385 484 4465 Quod
516 4387 543 4450 si
570 4387 608 4451 da
632 4391 763 4453 caeteris
786 4389 920 4453 eruditis
943 4390 976 4452 in
1001 4393 1246 4454 controversiam
1269 4390 1375 4454 vocari
1395 4403 1451 4449 nou
1470 4393 1513 4462 pst

346 4495 425 4568 test,
459 4495 576 4578 quanto
605 4495 718 4557 certior
749 4493 787 4558 de
818 4492 971 4560 Strabone
1001 4496 1062 4561 erit
1085 4494 1163 4560 haec
1186 4495 1396 4568 existimatio,
1419 4481 1512 4572 quiin
