3232 5176
812 363 878 438 150

296 557 433 648 Legerat
460 561 613 627 Libunius
642 559 728 645 apud
753 561 962 627 Athenienses
984 557 1130 636 τύπτειν,
1153 558 1274 634 παίειν,
1299 545 1445 630 πατάξαι

252 666 304 734 ἐπὶ
337 667 451 746 νθρρνς.
486 666 572 732 Η111ο
598 668 716 732 sumsit
737 665 794 732 ΠΙ.
823 663 900 730 310.
923 663 1046 747 ῥοπύλῳ
1071 665 1170 730 παίων
1194 663 1245 729 ixl
1269 661 1391 743 κύριοι,
1416 665 1450 725 et

255 794 288 840 ss
319 770 454 838 mirifice
484 771 618 838 eredidit
640 793 707 838 esse
729 771 888 838 locutum.
921 771 1022 859 Fugit
1044 791 1120 836 enm
1143 770 1183 838 de
1205 769 1297 854 slepa
1318 771 1450 834 tuntum

254 878 334 945 hese
366 878 430 944 diei
463 897 520 964 pro
553 875 709 962 ῥαπίζειν,
743 874 935 956 νονίνλίζειν.
978 873 1032 942 sio
1060 875 1204 942 vindicte
1237 874 1451 948 manumissi,

222 993 224 1000 '
257 985 374 1070 quibus
395 986 436 1064 in·
452 985 522 1050 iure
544 983 693 1048 dominus
716 984 835 1066 alapam
859 983 988 1067 infliys't,
1007 984 1032 1048 ol
1055 984 1103 1048 ἐπ’
1121 977 1452 1066 ἐλευθερίαραπιτθέν·

256 1115 309 1163 τες
332 1089 543 1176 appellantur.
566 1087 658 1154 Tom.
682 1088 705 1153 l.
730 1086 806 1153 403.
829 1088 881 1154 10.

301 1194 388 1261 Hine
421 1195 513 1262 facile
542 1193 738 1281 intelligitur
769 1213 866 1279 quam
898 1197 1005 1278 inepte
1039 1192 1163 1258 ditetur
1198 1191 1313 1279 aliquis
1344 1192 1449 1269 οἱαοα,

257 1301 401 1384 ῥοπάλῳ,
425 1301 523 1366 elicui
541 1301 660 1384 stapam
679 1300 856 1384 impinyere,
874 1319 976 1384 quum
995 1301 1038 1363 sit
1060 1299 1199 1382 πλατεία
1223 1301 1290 1365 sive
1314 1297 1451 1377 ύαλείτςν

256 1407 338 1490 χειρὶ
363 1405 507 1483 πατάξαι
532 1406 589 1472 τινί
614 1409 669 1481 τὴν
692 1406 813 1486 γνάθον.

302 1615 395 1682 Tem.
425 1613 479 1679 IV.
513 1612 589 1678 552.
621 1616 650 1678 1.
680 1613 732 1678 τὸν
764 1613 853 1692 νθμον
878 1651 920 1663 -
942 1614 993 1680 τὸν
1025 1615 1077 1679 ὑπ’
1102 1614 1177 1691 ἐμοῦ
1200 1611 1453 1690 τεθειμένον.

258 1719 439 1788 Sexcentas
470 1727 555 1786 reete
582 1719 721 1784 dixerut:
746 1728 849 1786 κεῖται
873 1721 887 1784 θ
912 1719 1017 1796 νθμος,
1042 1717 1129 1796 νθμος
1155 1721 1212 1785 ὑπὸ
1235 1724 1288 1784 τοῦ
1312 1718 1452 1792 Σύλοινος

258 1826 407 1905 κείμενος.
437 1825 531 1892 Nune
550 1823 634 1890 mele
653 1831 762 1890 oontrs
780 1831 906 1892 eertum
925 1831 958 1890 et
977 1829 1168 1912 perpetuum
1188 1828 1336 1892 omnium
1352 1845 1452 1891 usum

261 1930 443 2020 nnnlogiem
465 1931 556 2016 sequi
577 1927 707 1995 meluit.

608 2175 654 2233 Τι
677 2176 837 2234 nnenn
859 2205 905 2218 -
928 2167 961 2233 τι
985 2170 1100 2248 μανον.

305 2353 378 2421 Non
406 2357 455 2418 est
486 2349 550 2417 elis
572 2352 607 2414 in
629 2348 721 2414 libris
742 2349 937 2434 frequentior
960 2351 1102 2418 confusio
1124 2372 1221 2437 quem
1243 2354 1328 2418 inter
1350 2353 1454 2417 παθύν

261 2463 294 2523 et
316 2461 421 2536 μαθών
442 2460 477 2522 in
499 2458 560 2522 hee
581 2454 732 2526 formula.
760 2477 840 2541 quse
860 2459 987 2543 saepius
1005 2458 1089 2544 apud
1108 2464 1248 2536 veteres,
1269 2461 1455 2544 saepissime

261 2563 347 2649 apud
380 2565 568 2630 recentiores
603 2561 731 2648 legitur.
780 2562 918 2630 Mirifice
951 2566 1106 2630 varietate
1140 2565 1237 2630 modo
1269 2565 1301 2628 τί
1330 2563 1453 2642 μαθών,

263 2670 414 2735 mederi
435 2669 538 2733 παθών
561 2687 654 2732 sensu
675 2667 786 2732 eodem
809 2671 967 2755 seriptum
986 2669 1135 2736 videmus
1154 2675 1186 2735 et
1204 2672 1324 2755 passim
1342 2669 1455 2735 eodem

261 2775 332 2841 loeo
362 2779 537 2860 utrumque
566 2793 605 2838 ex
625 2771 718 2838 libris
739 2773 873 2840 diversis
896 2775 1035 2840 affertur.
1069 2775 1191 2842 Ponam
1214 2776 1274 2842 snb
1296 2796 1361 2842 uno
1383 2795 1455 2841 eon·

263 2887 373 2966 speetu
398 2885 524 2967 partem
554 2877 714 2962 locorum,
746 2879 803 2944 ubi
831 2879 987 2946 libanius
1016 2881 1076 2946 hue
1107 2882 1231 2947 dicendi
1252 2882 1356 2947 forme
1377 2901 1455 2946 usus

263 2993 321 3052 est.
353 2985 378 3052 Ι.
413 2984 490 3051 209.
522 2983 552 3050 5.
582 2985 615 3050 τί
637 2984 742 3063 μαθὼν
765 2985 808 3058 είς
826 2989 923 3051 Ἴλιον
943 2983 1017 3064 ύμει
1042 2988 1093 3051 τὸν
1116 2989 1229 3053 Πύλιον
1253 2987 1400 3067 γέροντα
1427 2985 1454 3052 Ι.

263 3089 341 3157 268.
378 3091 407 3158 4.
444 3092 477 3158 πί
510 3093 614 3158 παθύν
644 3090 744 3161 λίθους
777 3091 828 3158 ἐπὶ
862 3092 954 3165 λίθοις
988 3091 1135 3170 δεικνύεις
1158 3092 1185 3158 I.
1208 3092 1285 3159 292.
1311 3093 1341 3158 1.
1367 3092 1455 3171 ἤρετο

265 3197 345 3272 τίνες
367 3197 451 3270 θντες
475 3199 528 3264 καὶ
552 3198 584 3263 τί
606 3195 756 3268 παθθντες
780 3199 836 3273 τὴν
858 3199 970 3263 έκείνου
994 3199 1167 3279 κατέχοιεν.
1191 3197 1248 3264 ΠΙ.
1274 3196 1327 3265 17.
1348 3197 1404 3264 21.
1422 3198 1457 3264 τί

266 3304 368 3368 παθὼν
399 3306 431 3369 ού
462 3303 586 3377 ποίντας
619 3307 692 3381 ἡμῖν
723 3303 848 3378 τούτους
881 3303 1073 3384 saperem
1106 3303 1163 3369 ΠΙ.
1196 3303 1251 3370 40.
1284 3303 1313 3371 7.
1345 3305 1379 3370 τί
1406 3299 1457 3370 οὖν

266 3411 370 3486 μαθὼν
393 3411 436 3476 τὰ
459 3411 517 3487 μέν
540 3412 584 3483 είς
607 3411 700 3487 μέσον
724 3411 833 3491 ἔφερε,
858 3409 901 3474 τθι
925 3409 955 3475 δέ
979 3410 1215 3490 ύπεκούπτετος
1239 3409 1294 3475 lu
1322 3409 1399 3476 198.
1424 3409 1454 3476 9.

266 3518 298 3580 τί
329 3518 432 3594 μαθὼν
462 3520 580 3590 ταύτην
611 3528 681 3600 ποιῇ
713 3521 767 3594 τὴν
792 3516 876 3594 itin
901 3515 957 3581 III.
984 3515 1060 3583 379.
1088 3520 1117 3582 1.
1140 3513 1191 3590 οὓς
1214 3518 1268 3582 ούιι
1289 3512 1344 3582 oie·
1367 3513 1402 3596 θ’,
1425 3541 1457 3582 τι

267 3625 426 3701 προπαθὼν
456 3621 532 3710 (leg.
565 3619 598 3698 θ’,
624 3647 653 3688 τι
683 3625 758 3689 ποτέ
788 3622 905 3703 παθὼν)
936 3619 1011 3687 οὕτω
1043 3630 1157 3699 μισεῖς.
1187 3621 1241 3688 IV.
1266 3622 1320 3688 21.
1347 3622 1400 3687 14.
1425 3623 1459 3687 τί

266 3727 416 3806 μαθόντες
441 3764 484 3776 -
508 3728 591 3792 οὐδὲν
614 3735 746 3794 τοιοῦτον
770 3729 935 3808 είργατθες
962 3727 1014 3793 lV.
1029 3727 1106 3794 161.
1121 3728 1173 3793 15.
1193 3729 1225 3794 τί
1245 3723 1294 3794 οὖν
1305 3729 1457 3806 μαθόντες

268 3871 311 3884 -
335 3835 481 3911 ἦδιιιεῖτες
511 3832 566 3899 IV.
599 3832 676 3900 380.
704 3834 757 3901 17.
781 3833 814 3899 τί
838 3833 872 3908 δὴ
897 3835 999 3898 παθύν
1025 3855 1085 3913 -;
1110 3833 1164 3899 IV.
1189 3831 1264 3898 464.
1292 3832 1345 3899 30.
1370 3833 1402 3898 τί
1424 3835 1459 3900 δέ

267 3944 370 4006 παθῖιν
398 3940 560 4006 πολιτείαν
590 3941 748 4023 προφέρεις
776 3939 901 4024 ἑτέραις
925 3938 978 4004 IV.
1005 3937 1079 4006 677.
1105 3938 1137 4005 2.
1161 3940 1196 4006 τί
1218 3941 1255 4014 tt
1278 3941 1382 4004 παθὼν
1402 3941 1459 4005 ούιι

268 4048 299 4110 ἐν
322 4042 363 4118 οίς
387 4046 525 4119 εἰιέλεοες
549 4045 671 4127 έμενον;
696 4045 840 4113 1V.864.
857 4044 910 4112 15.
933 4047 965 4110 τί
983 4049 1086 4112 παθθιν
1107 4047 1312 4125 ούκέοιύλνενς
1336 4045 1459 4112 lisdem

267 4157 316 4216 est
345 4155 380 4216 in
410 4155 540 4218 caeteris
571 4173 696 4240 quoque
729 4154 934 4239 seriptoribus
957 4158 990 4218 et
1014 4154 1154 4238 antiquis
1177 4157 1210 4219 et
1232 4151 1465 4220 recentioribus

266 4257 423 4324 scribendi
444 4259 666 4325 inconstantia.
700 4258 763 4325 Sed
785 4258 932 4344 equidem
954 4261 1022 4324 iam
1046 4257 1125 4324 olim
1148 4264 1275 4324 secutus
1293 4275 1366 4324 sum
1386 4277 1461 4323 nue-

258 4363 429 4427 toritetem
447 4382 575 4441 eorum,
595 4367 651 4449 qui
674 4366 792 4441 παθύν,
812 4365 845 4429 τί
865 4363 985 4442 παθών,
1006 4359 1040 4448 θ,
1060 4388 1089 4430 τι
1111 4365 1214 4429 ταθύν
1232 4367 1326 4430 unies
1343 4384 1461 4431 verum

265 4488 333 4534 esse
355 4474 387 4534 et
405 4469 510 4547 μαθών
528 4471 609 4536 vitio
625 4470 679 4537 vel
699 4491 802 4536 errore
821 4475 934 4536 natum
954 4491 1020 4536 esse
1032 4471 1236 4537 arbitrentur.
1260 4469 1416 4537 Dicebant
1427 4471 1462 4536 τί
