3208 5158
652 373 716 446 173

100 575 181 638 citior
211 573 288 636 ister
316 591 347 634 ιο
377 569 467 633 aceo
494 573 522 631 et
553 566 678 630 Piratae
706 567 803 630 eodem
826 567 882 631 illo
904 573 1027 632 αοαίννια
1049 575 1174 653 tempore
1196 596 1277 638 Μ.

100 679 187 742 ουίοεα
215 675 309 741 tradit
339 671 510 739 Paterentur
532 671 585 737 Vl.
610 670 664 736 22.
689 671 720 736 2.
745 679 789 736 ita
812 680 846 737 ιιί
868 680 1006 760 atrosque
1028 675 1120 740 ενάιιιί
1140 680 1278 744 societate

99 807 157 846 σιιιυ
187 782 345 848 Messeniis
374 780 540 844 ουαίααοίοι
561 779 667 864 faisse
684 801 793 861 parum
812 781 966 862 probabile
979 783 1051 864 fiat.
1076 781 1148 848 Non
1172 785 1276 850 dicam

99 909 182 975 posse
200 889 277 952 duos
295 889 441 954 inimicos
460 885 500 951 ad
520 905 723 950 communem
745 887 885 950 amicum
906 886 1138 965 adiuvandum,
1160 895 1193 954 at
1210 911 1279 956 ma-

101 997 146 1082 gis
168 995 264 1058 etiam
287 993 328 1057 ad
348 1012 552 1057 communem
571 989 708 1056 salutem
728 990 895 1076 tuendam,
915 1012 1004 1057 arma
1016 996 1209 1068 consociare,
1223 997 1278 1061 sed

100 1097 179 1164 malo
207 1103 397 1185 argumento
426 1099 476 1162 uti
507 1098 663 1184 graviore.
709 1095 846 1162 Prolem
868 1099 959 1162 tastis
982 1119 1000 1163 a
1022 1099 1178 1166 Kramero
1201 1103 1278 1167 cita-

101 1211 160 1270 tus:
192 1205 326 1283 τεσοίρτρ
358 1202 390 1266 δὲ
415 1201 609 1278 Ὀλυμπιάδι
641 1202 692 1266 καί
722 1213 865 1283 τριακοτῑι
890 1204 1000 1283 sparto
1031 1207 1056 1270 οί
1079 1215 1202 1270 Πισαῖοι
1226 1208 1278 1270 καί

101 1310 245 1388 βασιλεὺς
274 1309 375 1373 αὐτῶν
405 1307 592 1372 Πανταλέων
624 1307 637 1371 δ
661 1307 882 1389 Ὀμφαλίωνος
907 1309 994 1390 παρὰ
1016 1316 1075 1375 τῶν
1099 1311 1278 1393 προσχώρων

103 1416 286 1495 ἀθροίσαντες
311 1413 457 1487 ἐποίησαν
480 1415 548 1477 ἀντ’
572 1411 700 1477 Ἠλείων
723 1414 766 1478 τοὶ
786 1415 963 1493 Ὀλύμπια.
999 1415 1089 1482 Idem
1109 1418 1148 1484 de
1167 1420 1279 1484 eodem

103 1523 205 1586 scribit
234 1518 287 1584 VI.
320 1517 374 1584 21.
411 1519 439 1584 l.
472 1555 515 1568 -
546 1517 642 1597 ἄνδρα
670 1527 797 1584 Πισαῖον
820 1520 1031 1586 Πανταλέοντι
1055 1522 1279 1602 ἐναντιούμενον

103 1627 140 1706 τῷ
167 1624 391 1707 Ὀμφαλίωνος
414 1629 603 1703 τυραννοῦντι
630 1624 660 1687 ἐν
686 1625 763 1707 Πίσρ
788 1626 841 1690 καί
866 1630 1125 1694 ἈΠΟΟΤΑΟΙΝ
1151 1631 1280 1707 βουλεύ-

104 1755 158 1797 οντι
187 1734 248 1797 ἀπὸ
281 1731 420 1795 Ἠλείων.
453 1729 669 1818 cogitandum
699 1733 842 1815 primum
874 1738 922 1798 est
951 1735 1027 1819 quid
1058 1738 1101 1799 sit
1124 1733 1280 1804 οίπίςασιν

103 1837 264 1915 βουλεύειν,
300 1840 510 1923 similiterque
542 1837 580 1902 de
609 1837 826 1903 Pantaleontis
854 1837 920 1905 filio
948 1839 1001 1905 VI.
1031 1839 1085 1905 22.
1111 1840 1142 1906 4.
1166 1843 1280 1923 Πύρρου

103 1944 131 2008 δὲ
152 1949 203 2009 τοῦ
221 1943 452 2016 Πανταλέοντος
472 1943 557 2021 μετὰ
577 1950 781 2024 Δαμοφῶντα
803 1944 852 2008 τὸν
874 1944 1011 2024 οίδελφὸν
1030 1947 1279 2024 βασιλεύσαντος

105 2059 217 2116 Πισαῖοι
238 2051 374 2128 πόλεμον
396 2051 526 2115 ἑκούσιον
547 2050 741 2114 ἐπανείλοντο
761 2051 904 2122 Ἠλείοις.
938 2059 1281 2119 crNArrecTHcaN

105 2154 133 2218 tt
160 2163 262 2238 σφισιν
293 2158 357 2221 ἀπὸ
388 2156 515 2221 Ἠλείων
547 2155 695 2224 Μακίςιοι
727 2156 779 2220 καί
812 2157 1038 2231 Σκιλλούντιοι,
1063 2155 1142 2222 οὗτοι
1166 2159 1224 2236 μὲν
1248 2161 1282 2224 ἐκ

105 2268 154 2334 τῆς
195 2263 391 2342 Τριφυλίας,
433 2267 491 2326 τῶν
525 2261 556 2325 δὲ
591 2259 696 2326 ἄλλων
731 2263 885 2341 περιοίκων
921 2262 1111 2328 Δυσπόντιοι.
1159 2263 1283 2351 Nempe

106 2368 249 2441 ἐκστῆναι
274 2368 463 2452 (waram,
488 2367 622 2450 deficere)
648 2367 797 2432 dicuntur
819 2369 874 2451 qui
895 2367 979 2432 bella
997 2367 1089 2437 fracti
1109 2375 1141 2433 et
1159 2370 1283 2435 subacti

106 2474 159 2539 sub
181 2473 310 2540 alterius
332 2472 443 2559 populi
465 2474 638 2557 imperium
663 2481 695 2537 et
718 2472 870 2537 ditionem
894 2472 1073 2538 ceciderunt
1096 2477 1128 2538 et
1154 2477 1283 2542 nomine

107 2583 177 2646 socii
197 2599 303 2664 reapse
323 2582 479 2663 imperata
497 2577 618 2642 iaciunt
640 2583 672 2642 et
690 2580 724 2642 in
743 2577 794 2642 his
815 2576 938 2642 ἕπονται
958 2574 977 2658 i
995 2577 1033 2642 oio
1053 2601 1099 2649 τις
1120 2579 1283 2657 ἐξηγῆται.

106 2685 208 2772 ltaque
234 2689 262 2751 si
292 2685 317 2748 oi
346 2687 482 2748 Πισᾶται
514 2685 561 2748 ita
591 2689 665 2748 sunt
694 2682 926 2750 Messeniorum
959 2687 1052 2760 socii,
1083 2705 1208 2750 neeesse
1236 2691 1283 2751 est

109 2812 154 2856 eus
184 2790 381 2857 llh'densium
413 2791 505 2875 signa
536 2791 643 2872 sequi,
673 2809 774 2872 neque
804 2785 871 2852 ullo
901 2789 995 2854 modo
1025 2786 1093 2854 fieri
1119 2793 1224 2875 potuit
1247 2795 1285 2856 ut

107 2896 260 2962 illidentes
282 2915 357 2960 eum
385 2892 549 2979 Spartanis
567 2895 720 2971 facerent,
741 2892 869 2958 Pisatae
887 2913 961 2958 cum
980 2892 1157 2959 Messeniis.
1194 2895 1286 2975 Quod

109 3007 207 3066 autem
237 3001 355 3066 dieitur
385 2998 560 3064 Pantaleon
582 3000 737 3067 οὶπίτασιν
760 2998 937 3077 βουλεύειν,
962 3003 995 3064 et
1017 2998 1180 3086 Pyrrhum
1202 3000 1286 3066 Pan-

109 3107 247 3172 taleontis
274 3101 380 3170 lilium
406 3105 578 3182 οὶποςῆναι,
603 3105 719 3170 diserte
742 3109 878 3169 testatur
900 3103 1075 3169 Pausanias
1096 3103 1148 3169 Vl.
1173 3106 1227 3172 22.
1253 3107 1284 3173 3.

109 3211 266 3278 rebellasse
299 3211 542 3276 Pantaleontem
577 3208 768 3296 Olympiade
804 3209 954 3290 σοι’ροοίαο
987 3216 1106 3294 quarto.
1157 3211 1285 3277 Bellum

110 3317 333 3384 Messeniacnm
364 3317 541 3382 coniectum
573 3321 621 3382 est
653 3313 853 3402 Olympiadis
883 3315 1038 3398 ον’ροείιαοα
1067 3322 1185 3380 ortonae
1207 3341 1285 3382 οααο

110 3424 238 3500 roesam,
271 3423 305 3487 id
336 3428 384 3487 est
413 3421 508 3486 XXII
539 3427 611 3486 ante
642 3424 747 3498 annis;
780 3423 888 3505 itaque
918 3419 1000 3485 nihil
1022 3440 1133 3486 causae
1157 3427 1205 3487 est
1229 3444 1285 3488 cur

110 3526 233 3615 vulgata
256 3527 341 3612 apud
364 3525 551 3592 Strabonem
575 3529 732 3611 scriptura
752 3527 903 3591 mendosa
925 3545 992 3591 esse
1016 3528 1227 3593 existimetur.

151 3631 295 3719 Sequitur
323 3637 362 3697 nt
390 3631 514 3697 disertis
545 3633 737 3697 testimoniis
769 3631 984 3696 demonstrem
1015 3630 1177 3698 Elidenses
1201 3633 1286 3700 Mes-

111 3740 197 3804 seniis
217 3743 250 3804 in
272 3739 398 3803 seeundo
418 3737 502 3802 bello
522 3736 634 3802 tulisse
653 3756 756 3822 opem.
790 3735 876 3802 Audi
894 3736 1088 3805 Pausaniam
1108 3736 1162 3802 IV.
1183 3738 1235 3804 16.
1254 3739 1285 3807 7.

111 3846 281 3919 Μεσσηνίοις
317 3844 373 3920 μὲν
410 3837 458 3907 οὖν
493 3847 629 3907 Ἠλεῖοι
665 3842 717 3906 καί
749 3841 917 3923 Ἀρκάδες,
950 3838 995 3906 ἔτι
1028 3840 1059 3904 δὲ
1091 3841 1125 3920 ἐξ
1150 3845 1285 3923 Ἄργους

112 3949 233 4027 ἄφίκετο
259 3949 313 4015 καὶ
347 3954 493 4020 Σικυῶνος
524 3947 660 4026 βοήθεια.
708 3945 798 4027 Quod
830 3949 1051 4014 testimonium
1081 3946 1286 4016 confirmatur

113 4053 199 4122 altero
228 4055 282 4122 IV.
315 4053 368 4122 17.
394 4054 425 4120 2.
448 4056 505 4120 ubi
528 4057 638 4121 scribit
660 4052 834 4119 Messenios
857 4059 890 4118 at
913 4054 1013 4118 socios
1035 4053 1171 4118 Arcades
1195 4059 1285 4122 atrox

112 4159 257 4241 proelium
286 4161 337 4225 ἐπὶ
368 4169 407 4241 τῇ
438 4161 611 4240 καλουμένῳ
641 4159 770 4240 μεγάλῃ
792 4160 902 4240 τοίφρῳ
926 4161 1120 4224 commisisse
1145 4156 1284 4227 οίπίντων

113 4265 163 4338 μίν
180 4273 236 4329 τῶν
257 4266 322 4330 'lii
333 4265 367 4330 εί
375 4291 420 4330 ων
442 4273 498 4340 τῆς
518 4265 649 4348 μοίχκς,
668 4263 806 4329 οὶπίντων
826 4264 858 4328 δὲ
879 4263 1027 4342 Ἀργείων
1039 4264 1091 4328 καί
1108 4268 1283 4334 Σικυωνίων.

113 4369 175 4436 Non
204 4371 351 4460 fugerant
378 4373 456 4437 haee
488 4371 699 4446 Kramerum,
724 4370 778 4436 sed
803 4371 925 4449 „Eleos
950 4391 1021 4454 quos
1043 4370 1212 4435 Pausanias
1234 4397 1284 4456 ορ

108 4477 195 4556 pellat
225 4478 438 4543 Messeniorum
469 4483 560 4542 οοοίοε
596 4475 741 4564 (inquit),
780 4475 907 4542 Piratae
940 4475 1058 4540 ονἰίοίυσ
1093 4475 1290 4558 creatore?
