3372 5192
731 362 795 442 ‘cle

168 577 243 630 vero
274 560 401 641 θξιοέΗ,
434 567 472 630 ut
503 568 551 630 est
577 566 610 630 in
633 564 795 631 nonnullis
818 565 919 632 libris.
967 562 1068 642 ’Λξιοῖ
1087 567 1144 630 aut
1165 561 1358 632 indicativus

168 672 217 733 est
241 673 297 734 aut
320 671 542 736 coniunctivae
565 677 597 735 et
620 672 763 757 optativo
786 692 865 757 opus
888 677 947 738 est.

213 909 294 997 Peg.
328 908 404 977 712.
439 907 470 974 6.
502 913 607 974 ταῦτα
640 907 748 975 ποθντα
771 909 969 991 Τιμοκράτης
987 948 1028 959 -
1049 909 1213 993 θΦοένισεν,
1238 907 1356 986 έξήλει-

168 1020 244 1094 φεν,
277 1011 342 1081 ὅσον
375 1013 409 1090 ήν
441 1013 491 1080 tari
520 1013 628 1095 τούτῳ.
674 1013 747 1081 Non
771 1014 894 1082 duobus
916 1017 1021 1083 verbis
1044 1036 1124 1101 opus
1147 1020 1194 1080 est
1216 1016 1271 1083 sed
1294 1037 1358 1082 uno

170 1125 307 1186 tantum.
343 1119 494 1206 Suspicor
515 1118 676 1199 ἐξήλειφεν
699 1120 778 1186 olim
802 1122 843 1188 ad
866 1122 1015 1206 ἠφάνισεν
1033 1121 1229 1207 adscriptum
1250 1122 1358 1190 finisse.

168 1223 280 1293 Etiam
303 1226 478 1314 asyndeton
500 1226 645 1293 fraudem
669 1229 781 1312 aperit.

214 1466 296 1554 Pag.
330 1464 406 1533 713.
440 1465 492 1531 11.
517 1465 545 1531 σι’
566 1489 623 1531 τινι
645 1473 704 1532 τῶν
727 1467 911 1547 ὀφειλόντων
934 1465 1047 1545 δεσμοῦ
1071 1469 1314 1550 προστετίμηται
1340 1467 1357 1542 ή

169 1571 204 1636 σθ
229 1572 334 1637 λοιπὸν
357 1577 558 1654 προστιμηθῇ.
606 1571 736 1638 Soloeca
759 1575 858 1638 oratio
881 1580 929 1638 est
953 1575 977 1639 si
1001 1577 1190 1656 προστιμηθῇ
1213 1592 1269 1658 pro
1293 1571 1359 1638 ἕθν.

170 1675 291 1743 Eadem
314 1682 423 1744 tomen
446 1677 598 1766 leguntur
620 1697 692 1766 pag.
721 1675 796 1746 723.
824 1678 877 1744 25.
904 1684 935 1745 et
959 1701 1030 1767 pag.
1056 1676 1131 1746 725.
1157 1678 1211 1744 29.
1232 1683 1263 1744 et
1283 1697 1359 1766 pag.

171 1778 248 1849 730.
275 1783 305 1848 l.
351 1781 527 1850 Emendate
550 1786 706 1868 scriptum
729 1788 777 1849 est
798 1804 873 1870 pag.
901 1783 975 1849 764.
1000 1784 1053 1851 20.
1074 1787 1103 1851 sl
1121 1808 1179 1851 τινι
1199 1783 1359 1866 προστετί-

168 1912 266 1966 μηται
291 1888 404 1966 δεσμοῦ
421 1889 507 1976 Ικθιν
533 1889 568 1953 τθ
590 1887 697 1955 λοιτθν
719 1913 777 1954 τινι
800 1891 1040 1970 προστιμήσητε.
1088 1889 1141 1956 Sic
1163 1893 1262 1956 etiam
1285 1909 1356 1954 cac-

168 1996 245 2059 teris
286 1993 364 2060 locis
403 1993 626 2062 soloecismum
666 1993 826 2080 expuleris
859 1996 1024 2062 scribendo
1059 2005 1145 2062 KAN
1181 1995 1217 2060 τθ
1252 1993 1356 2059 οιοιπθν

170 2101 371 2181 προστιμηθῇ.

213 2321 295 2411 Pag.
319 2320 395 2391 715.
419 2321 474 2387 21.
498 2322 527 2386 έν
551 2320 726 2403 παραβθτῳ
748 2331 804 2398 τῇς
826 2320 943 2399 βουλῆς
966 2321 1023 2399 μέν
1045 2321 1216 2402 ἀφειμένης
1240 2327 1299 2386 τῶν
1327 2321 1352 2386 δ’

170 2429 274 2493 ἄλλοιν
304 2428 356 2493 διὰ
383 2430 438 2504 τήν
466 2430 567 2508 ἑορτήν
590 2428 762 2508 ἱερομηνίαν
784 2425 923 2506 θγθντοιν
949 2425 1072 2512 [sotice]
1105 2425 1193 2503 νέμον
1221 2429 1359 2505 εἰσήνεγ-

169 2557 231 2598 κεν.
277 2530 467 2599 Rectissime
496 2533 580 2600 vidit
612 2533 775 2599 Dobraeus
808 2533 907 2616 οθθρρ
942 2554 981 2599 ex
1014 2533 1159 2619 margine
1195 2533 1356 2617 irrepsisse

169 2637 363 2723 ccscnptnm
387 2637 466 2704 olim
489 2637 530 2703 ad
553 2637 583 2701 ἐν
608 2637 781 2718 παραβθςιρ
804 2646 837 2703 et
859 2639 990 2724 apponit
1012 2635 1228 2724 Hesychium:

351 2741 413 2808 Ἐν
443 2741 687 2824 παραβύτιρτ
711 2777 752 2792 -
776 2743 964 2821 λεληθότος,
987 2744 1096 2826 λοέθρρ.

169 2848 225 2915 sed
247 2851 367 2933 optime
389 2851 532 2915 monenti
553 2869 647 2914 nemo
669 2851 788 2935 paruit.

211 3071 291 3161 Pag.
324 3071 401 3138 515.
434 3071 488 3137 25.
517 3074 617 3138 καίτοι
650 3081 729 3155 χρῇν
759 3095 854 3136 σε-
871 3073 914 3154 τῷ
946 3073 1031 3153 δήμῳ
1061 3073 1264 3153 διαλεχθῆναι
1286 3074 1355 3137 καθ’

167 3175 259 3250 οὕτως
279 3216 322 3228 -
337 3178 480 3260 γροέφειν.
529 3177 567 3242 ln
600 3177 624 3242 S
659 3177 727 3242 καθ’
762 3175 856 3249 οὕτως
890 3197 909 3242 s
943 3181 1116 3244 correctore
1146 3179 1180 3242 in
1210 3177 1262 3241 καὶ
1293 3177 1354 3242 τόθ’

168 3279 260 3358 οὕτως
294 3289 478 3362 mutatum,
513 3283 598 3369 quod
632 3283 775 3350 Dindcrf.
810 3285 940 3368 recepit.
997 3281 1187 3369 Lugendum
1221 3283 1356 3348 arbitror

167 3389 251 3474 quod
274 3389 389 3456 assolet
412 3386 480 3474 κᾷθ’
503 3386 606 3462 οὕτως.

210 3613 290 3704 Peg.
327 3612 404 3683 717.
440 3613 472 3680 6.
507 3616 533 3680 εἷ
567 3612 665 3681 τοθννν
695 3636 741 3688 τις
774 3611 856 3693 ἔροιθ’
889 3612 972 3690 ὑμᾶς
1003 3611 1138 3692 ποτέροις
1168 3615 1293 3688 μᾶλλον
1316 3610 1355 3676 ἂν

166 3719 289 3794 siedron
320 3720 471 3797 ποιήσαιθ’
502 3721 599 3786 έτιοῦν
627 3727 692 3792 τοῖς
723 3717 871 3798 δεομένοις
903 3716 920 3793 ή
951 3724 1014 3790 τοῖς
1039 3715 1271 3802 έπιτοέττουσιν,
1295 3713 1353 3783 οἷδ’

165 3823 211 3892 dra
236 3826 367 3906 φήσαιτ’
390 3826 429 3892 ἂν
451 3833 515 3898 τοῖς
538 3824 703 3902 δεομένοις·
728 3823 763 3889 σθ
784 3824 841 3901 μὲν
859 3824 924 3903 γθορ
941 3829 1080 3906 χρητῶν,
1100 3821 1136 3886 τθ
1157 3821 1182 3886 δ’
1202 3820 1354 3902 suessano

165 3931 326 4013 θνθριθποιν
358 3929 443 4010 ἔργον
478 3931 551 4000 isis.
599 3928 684 4009 Quid
718 3925 834 3994 audio?
867 3927 902 3993 τθ
939 3927 1119 3994 ἐπιπάττειν
1150 3925 1353 4008 sessiaco

164 4035 324 4116 ἀνθρώπων
355 4033 441 4115 ἔργον
458 4036 543 4105 ,θη-έν.
590 4033 774 4100 Absurdum
807 4033 867 4098 hoc
902 4033 1033 4118 quidem
1068 4037 1116 4098 est
1146 4038 1179 4097 et
1208 4053 1354 4122 pugnans

166 4161 241 4208 cum
270 4143 318 4206 rei
340 4147 454 4207 notura
477 4145 510 4206 et
531 4142 617 4207 vitae
639 4159 711 4204 usu.
758 4137 877 4204 Verum
902 4157 968 4204 esse
991 4137 1120 4206 ridetur
1141 4127 1355 4222 impudentium

165 4246 306 4313 suessos.

212 4351 300 4418 Olim
324 4351 445 4420 Paulus
464 4351 632 4418 Manutius
650 4350 839 4417 admonente
858 4347 988 4414 Reislrio
1007 4351 1146 4414 senserat
1164 4353 1354 4416 sententiam

165 4457 228 4526 loci
252 4459 380 4526 ἀναιδῶν
402 4455 572 4542 postulare.
619 4455 736 4541 Ecquis
759 4449 952 4520 criticorum
976 4473 1090 4521 verum
1112 4453 1147 4518 id
1166 4474 1237 4546 ¹esse
1259 4477 1354 4548 agno
