3404 5192
923 365 987 434 320

358 553 375 628 ἧ
400 551 492 629 διπλῆ
515 551 561 619 ὅτι
585 551 664 627 ιιθτη
689 557 705 629 ἡ
730 555 840 635 γραφη
868 557 884 630 ἡ
908 555 960 620 διθο
979 559 1032 620 τοῦ
1054 564 1133 621 ΓΑΡ
1152 555 1239 634 μετὰ
1256 564 1313 631 τῆς
1331 557 1550 636 προσηγορίας.

740 661 897 740 Ἀτρεΐδη,
922 664 972 726 νῦν
996 670 1074 727 ΓΑΡ
1101 685 1146 726 σε.
1588 644 1592 650 Δ

355 763 406 828 κον)
431 764 522 842 atra
547 763 625 845 ἔχει.
650 765 712 838 ἔθος
737 765 768 830 δὲ
792 768 874 845 arlaci
900 768 963 830 οὶπθ
986 771 1039 832 τοῦ
1062 777 1140 832 ΓΑΡ
1164 765 1327 847 θορχετθοιι.

531 867 552 934 ὦ
577 871 686 946 πθποι,
711 870 728 946 ἦ
752 882 829 936 ΓΑΡ
856 873 905 937 tta
930 871 1006 953 κοθρη
1031 873 1207 951 κομθωντκς
1234 873 1394 954 Ἀχοιιοθς.

394 975 522 1041 Fefellit
544 997 596 1042 coa
619 977 749 1043 fortasse
773 975 922 1042 Scholion
944 981 979 1043 in
1003 976 1081 1046 Ood.
1105 991 1137 1042 Β.
1163 980 1177 1042 θ
1202 989 1260 1043 ΔΗ
1283 979 1353 1044 ciart
1374 984 1429 1044 τοῦ
1452 989 1543 1045 ΓΛΡ.

351 1078 413 1152 ἔθος
438 1081 468 1145 δὲ
491 1082 533 1162 τῷ
557 1093 666 1164 ποιητῇ
690 1083 754 1147 οὶπθ
778 1089 831 1148 τοῦ
856 1092 933 1147 ΓΑΡ
957 1083 1110 1164 θρχετθοοι
1134 1087 1171 1155 ὥς
1195 1085 1248 1150 τθ·

760 1190 868 1254 πολλοὶ
893 1199 970 1254 ΓΑΡ
995 1193 1128 1256 τεθνῖιοι.

348 1292 419 1357 κοιί·

710 1406 760 1492 νῦν
781 1403 838 1479 μὲν
862 1411 940 1467 ΓΑΡ
965 1400 1053 1475 πθνος
1078 1402 1153 1471 ἕςθ.

347 1505 402 1569 sed
425 1506 543 1571 clamat
565 1508 635 1591 ipsa
658 1506 772 1572 scholii
794 1511 951 1573 sententia
974 1510 1081 1574 verbis
1104 1511 1304 1594 transpositis
1327 1510 1424 1575 scribi
1447 1529 1538 1595 opor·

345 1615 429 1675 tere:
459 1612 473 1674 θ
505 1620 582 1677 ΓΛΡ
615 1613 683 1677 ἀντὶ
715 1619 767 1678 τοῦ
803 1623 872 1678 ΔΗ.
921 1615 1042 1680 Eadem
1066 1634 1160 1700 opera
1181 1615 1306 1680 notabis
1329 1635 1427 1699 quam
1450 1635 1538 1680 men-

345 1716 418 1780 dose
443 1719 553 1802 scripti
575 1721 639 1783 sint
662 1719 793 1786 Codices
815 1718 944 1797 Veneti,
969 1721 1069 1785 etiam
1092 1723 1234 1804 optimus
1257 1729 1298 1784 A.
1334 1721 1459 1805 Nempe
1481 1741 1536 1806 pro

605 1821 758 1902 θπθποι,
785 1823 802 1901 ἦ
826 1827 888 1904 γὰρ
912 1825 961 1890 dia
984 1845 1060 1892 vera
1082 1825 1178 1890 lectio
1201 1829 1263 1890 cst:

604 1927 625 1994 ὦ
649 1937 874 2008 rrNA1,0r
898 1931 963 2011 yctp
986 1932 1035 1996 θΐω
1060 1952 1099 1996 er
1123 1929 1236 2016 Odyss.
1261 1953 1292 1994 τ.
1320 1929 1399 1995 259.

343 2036 452 2099 πολλοὶ
484 2035 547 2116 γοὶρ
575 2037 698 2102 τεθνᾶσι
721 2036 843 2126 legitur
868 2047 906 2102 Η.
932 2036 1010 2102 328.
1033 2036 1095 2102 Sed
1119 2040 1170 2101 νῦν
1195 2035 1337 2116 μὲνγὰρ
1360 2034 1448 2108 πθνος
1472 2037 1534 2104 ε’ςθν

342 2142 377 2204 in
399 2139 533 2208 Homeri
556 2144 750 2209 carminibus
774 2164 836 2209 non
860 2146 1003 2230 reperies.
1039 2141 1239 2208 Laudaverat
1261 2141 1377 2218 home,
1404 2143 1532 2226 opinor,

343 2267 382 2311 ex
405 2246 546 2335 Odyssea
568 2256 607 2330 φ.
632 2248 710 2314 258.
1065 2246 1068 2255 ’

569 2361 618 2419 νῦν
643 2357 700 2431 μὲν
723 2356 786 2435 γὰρ
810 2355 896 2420 κοιτθο
920 2355 1014 2433 δῆμον
1037 2355 1121 2436 ἓορτη
1143 2360 1205 2418 τοῖο
1229 2356 1322 2429 θεοῖο,

342 2459 396 2524 sed
427 2479 468 2524 ex
498 2461 633 2526 evanida
664 2481 699 2526 ac
731 2461 874 2548 fugiente
901 2464 1056 2546 scriptura
1078 2460 1227 2525 librarius
1249 2479 1350 2544 quum
1372 2457 1456 2525 nihil
1480 2481 1530 2524 ex·

342 2565 488 2630 tunderet
512 2565 599 2630 dedit
624 2567 707 2651 quod
730 2569 764 2631 in
787 2567 919 2631 buccam
944 2569 1044 2632 venit.

386 2670 562 2737 Subiiciarn
583 2673 634 2736 his
654 2675 870 2738 annotationes
889 2672 1043 2758 quasdam
1062 2669 1234 2755 Veterum,
1254 2672 1372 2757 quibus
1384 2673 1530 2756 antiquae

340 2779 514 2862 scripturae
544 2778 767 2853 stabiliantur,
803 2783 834 2843 et
858 2781 902 2844 sic
926 2780 1067 2864 aperiam
1090 2776 1236 2842 lectionis
1258 2776 1365 2842 labem
1388 2778 1422 2842 in
1446 2797 1530 2842 com-

340 2881 485 2967 pluribus
506 2883 584 2949 locis
608 2883 694 2949 male
716 2884 880 2950 latentem.

385 2989 436 3053 Ad
466 2989 557 3054 Iliad.
590 3001 624 3054 B.
657 2987 732 3054 805.
765 2995 949 3055 annotatur:
982 2997 1075 3055 τοῖσιν
1110 2985 1218 3060 ἕκοιςος
1242 2990 1315 3068 cirin
1339 2990 1527 3066 οημοιινέτωε

340 3097 429 3158 τοῦτο
465 3101 578 3176 πρῶτον
614 3093 684 3161 εἶτοι
721 3099 895 3173 »πολλοὶ
931 3095 1028 3176 γὰρ’
1064 3095 1119 3167 την
1154 3096 1259 3159 sirice
1292 3093 1448 3175 προθέντος
1476 3098 1527 3159 τοῦ

341 3205 464 3275 ποιητοῦ
488 3203 526 3272 ὥς
550 3202 602 3266 τθ·

703 3306 782 3373 ἔνδον
804 3307 867 3388 γοθρ
891 3331 938 3380 τις
961 3305 1166 3386 οξτοιχομένη.

340 3411 467 3500 (Odyss.
492 3437 523 3478 κ.
548 3410 639 3492 226.)

384 3517 435 3582 Ad
467 3517 559 3583 Iliad.
597 3527 635 3583 H.
672 3516 747 3584 328.
783 3520 998 3585 Arintonicua:
1037 3518 1181 3583 πολλοὶ
1214 3519 1290 3597 γθορ
1320 3519 1526 3582 τεθνᾶσιντ

339 3626 355 3699 ἡ
381 3623 476 3698 διπλῆ
500 3620 544 3688 θτι
569 3625 631 3690 ctat
657 3631 709 3689 τοῦ
736 3635 811 3690 ΓΑΒ
839 3624 995 3696 ωθτιώδους
1021 3623 1187 3701 cretaeae
1211 3625 1381 3703 οθρχοιῐκῶς.

383 3729 425 3794 lit
455 3732 488 3794 in
521 3727 597 3796 (lod.
629 3742 663 3795 B.
696 3730 794 3795 εἴωθεν
824 3729 873 3794 ἀεὶ
901 3729 965 3796 ιὶπθ
989 3735 1043 3794 τοῦ
1068 3739 1145 3794 ΓΑΡ
1171 3727 1321 3809 θρχεοθοιι
1345 3731 1400 3804 την
1424 3731 1526 3795 atsto

337 3835 516 3914 sperateres
538 3840 591 3900 τοῦ
617 3836 815 3916 προθγμοιτος.

383 3942 433 4007 Λᾶ
456 3942 547 4007 Iliad.
573 3951 613 4007 N.
640 3940 713 4010 736.

519 4048 622 4129 ποθντη
646 4047 708 4127 γοθρ
732 4071 767 4112 σε
791 4048 856 4126 περὶ
882 4047 1016 4130 ςέφοινος
1040 4047 1185 4123 πολέμοιο
1208 4046 1333 4123 δέδηεν,

337 4155 528 4221 adscribitur
558 4157 593 4218 in
617 4165 649 4218 B.
674 4152 772 4218 sinder
795 4153 857 4217 οὶπθ
883 4159 935 4217 τοῦ
961 4162 1038 4217 ΓΛΡ
1064 4150 1217 4233 θρχεοθοιι
1242 4154 1308 4233 (οὐκ
1333 4150 1411 4236 del.)
1437 4153 1527 4216 οιὶτιο-

282 4293 286 4298 ·
339 4266 480 4338 λογικῶς.

385 4367 581 4430 Aristonicus
605 4364 644 4430 ad
668 4365 758 4430 Iliad.
782 4376 824 4431 Ψ.
849 4363 925 4432 627.
947 4369 963 4441 ἡ
985 4366 1079 4439 διπλῆ
1103 4362 1147 4430 dre
1169 4366 1231 4430 οὶπὸ
1252 4370 1306 4430 τοῦ
1327 4374 1404 4430 ΓΑΡ
1423 4358 1527 4446 ἦρκται

339 4473 373 4538 τὸ
398 4469 569 4536 οιθτιοιτικθν
594 4469 782 4550 προτοθττων.
