<?xml version="1.0" encoding="UTF-8"?>
<!DOCTYPE html PUBLIC "-//W3C//DTD XHTML 1.0 Transitional//EN"
    "http://www.w3.org/TR/xhtml1/DTD/xhtml1-transitional.dtd">
<html xmlns="http://www.w3.org/1999/xhtml" xml:lang="en" lang="en">
 <head>
  <title>
</title>
<meta http-equiv="Content-Type" content="text/html;charset=utf-8" />
  <meta name='ocr-system' content='tesseract 3.04.00' />
  <meta name='ocr-capabilities' content='ocr_page ocr_carea ocr_par ocr_line ocrx_word'/>
</head>
<body>
  <div class='ocr_page' id='page_1' title='image "./miscellaneacrit01cobegoog_0403.png"; bbox 0 0 3392 5186; ppageno 0'>
   <div class='ocr_carea' id='block_1_1' title="bbox 899 369 964 440">
    <p class='ocr_par' dir='ltr' id='par_1_1' title="bbox 899 369 964 440">
     <span class='ocr_line' id='line_1_1' title="bbox 899 369 964 440; baseline 0.015 -2"><span class='ocrx_word' id='word_1_1' title='bbox 899 369 964 440; x_wconf 71' lang='lat' dir='ltr'><strong>ets</strong></span> 
     </span>
    </p>
   </div>
   <div class='ocr_carea' id='block_1_2' title="bbox 328 557 1531 4572">
    <p class='ocr_par' dir='ltr' id='par_1_2' title="bbox 508 557 1344 644">
     <span class='ocr_line' id='line_1_2' title="bbox 508 557 1344 644; baseline 0.006 -20"><span class='ocrx_word' id='word_1_2' title='bbox 508 559 655 640; x_wconf 77' lang='grc' dir='ltr'><em>βέλτερον</em></span> <span class='ocrx_word' id='word_1_3' title='bbox 679 557 710 632; x_wconf 77' lang='grc' dir='ltr'><strong>δη</strong></span> <span class='ocrx_word' id='word_1_4' title='bbox 735 560 862 642; x_wconf 62' lang='lat' dir='ltr'><strong>deliros</strong></span> <span class='ocrx_word' id='word_1_5' title='bbox 888 559 1038 644; x_wconf 75' lang='grc' dir='ltr'><em>προφύγη</em></span> <span class='ocrx_word' id='word_1_6' title='bbox 1060 563 1155 629; x_wconf 79' lang='grc' dir='ltr'><em>κοινὸν</em></span> <span class='ocrx_word' id='word_1_7' title='bbox 1177 564 1210 639; x_wconf 74' lang='grc' dir='ltr'><strong>ἠδ</strong></span> <span class='ocrx_word' id='word_1_8' title='bbox 1234 565 1344 640; x_wconf 68' lang='lat' dir='ltr'><strong>reads.</strong></span> 
     </span>
    </p>

    <p class='ocr_par' dir='ltr' id='par_1_3' title="bbox 328 663 1531 967">
     <span class='ocr_line' id='line_1_3' title="bbox 376 663 1094 750; baseline 0.006 -20"><span class='ocrx_word' id='word_1_9' title='bbox 376 675 408 730; x_wconf 85' lang='grc' dir='ltr'><strong>Ρ.</strong></span> <span class='ocrx_word' id='word_1_10' title='bbox 435 663 511 732; x_wconf 80' lang='lat'><strong>506.</strong></span> <span class='ocrx_word' id='word_1_11' title='bbox 539 667 556 742; x_wconf 77' lang='grc' dir='ltr'><em>ἥ</em></span> <span class='ocrx_word' id='word_1_12' title='bbox 581 671 610 732; x_wconf 82' lang='grc' dir='ltr'><strong>κ’</strong></span> <span class='ocrx_word' id='word_1_13' title='bbox 634 666 728 739; x_wconf 71' lang='grc' dir='ltr'>αὐτὸς</span> <span class='ocrx_word' id='word_1_14' title='bbox 752 665 793 730; x_wconf 78' lang='grc' dir='ltr'><strong>ἑνί</strong></span> <span class='ocrx_word' id='word_1_15' title='bbox 818 667 959 746; x_wconf 73' lang='grc' dir='ltr'><strong>πρώτοισι</strong></span> <span class='ocrx_word' id='word_1_16' title='bbox 983 668 1094 750; x_wconf 62' lang='lat' dir='ltr'><strong>reads.</strong></span> 
     </span>
     <span class='ocr_line' id='line_1_4' title="bbox 328 773 1530 859; baseline 0.006 -22"><span class='ocrx_word' id='word_1_17' title='bbox 328 774 407 839; x_wconf 90' lang='lat' dir='ltr'><strong>haec</strong></span> <span class='ocrx_word' id='word_1_18' title='bbox 438 775 545 838; x_wconf 91' lang='lat' dir='ltr'><strong>omnia</strong></span> <span class='ocrx_word' id='word_1_19' title='bbox 573 773 692 838; x_wconf 87' lang='lat' dir='ltr'><strong>habent</strong></span> <span class='ocrx_word' id='word_1_20' title='bbox 721 775 842 859; x_wconf 90' lang='lat' dir='ltr'><strong>optime</strong></span> <span class='ocrx_word' id='word_1_21' title='bbox 873 775 995 848; x_wconf 72' lang='lat' dir='ltr'><strong>roario,</strong></span> <span class='ocrx_word' id='word_1_22' title='bbox 1026 775 1161 856; x_wconf 73' lang='grc' dir='ltr'><em>νοηώης,</em></span> <span class='ocrx_word' id='word_1_23' title='bbox 1186 776 1302 856; x_wconf 67' lang='lat' dir='ltr'><strong>raeda,</strong></span> <span class='ocrx_word' id='word_1_24' title='bbox 1327 777 1382 842; x_wconf 91' lang='lat' dir='ltr'><strong>sed</strong></span> <span class='ocrx_word' id='word_1_25' title='bbox 1406 779 1530 849; x_wconf 82' lang='lat' dir='ltr'><strong>vitiosa</strong></span> 
     </span>
     <span class='ocr_line' id='line_1_5' title="bbox 330 878 1531 967; baseline 0.001 -21"><span class='ocrx_word' id='word_1_26' title='bbox 330 883 486 965; x_wconf 84' lang='lat' dir='ltr'><strong>scriptura</strong></span> <span class='ocrx_word' id='word_1_27' title='bbox 508 886 557 946; x_wconf 89' lang='lat' dir='ltr'><strong>est</strong></span> <span class='ocrx_word' id='word_1_28' title='bbox 577 879 661 965; x_wconf 90' lang='lat' dir='ltr'><strong>apud</strong></span> <span class='ocrx_word' id='word_1_29' title='bbox 684 878 868 944; x_wconf 83' lang='lat' dir='ltr'><strong>Behkerum</strong></span> <span class='ocrx_word' id='word_1_30' title='bbox 892 884 925 944; x_wconf 90' lang='lat' dir='ltr'><strong>et</strong></span> <span class='ocrx_word' id='word_1_31' title='bbox 948 878 1062 967; x_wconf 88' lang='lat' dir='ltr'><strong>Odyss.</strong></span> <span class='ocrx_word' id='word_1_32' title='bbox 1089 905 1112 946; x_wconf 95' lang='grc' dir='ltr'><strong>ο.</strong></span> <span class='ocrx_word' id='word_1_33' title='bbox 1138 880 1214 946; x_wconf 87' lang='grc'><strong>300.</strong></span> <span class='ocrx_word' id='word_1_34' title='bbox 1528 897 1531 904; x_wconf 80' lang='grc'>’</span> 
     </span>
    </p>

    <p class='ocr_par' dir='ltr' id='par_1_4' title="bbox 330 985 1530 1487">
     <span class='ocr_line' id='line_1_6' title="bbox 536 985 1311 1069; baseline 0.008 -22"><span class='ocrx_word' id='word_1_35' title='bbox 536 985 684 1066; x_wconf 73' lang='grc' dir='ltr'><strong>ὁρμαίνων</strong></span> <span class='ocrx_word' id='word_1_36' title='bbox 708 985 725 1059; x_wconf 79' lang='grc' dir='ltr'><strong><em>ἤ</em></strong></span> <span class='ocrx_word' id='word_1_37' title='bbox 750 1007 801 1049; x_wconf 82' lang='grc' dir='ltr'><strong>κεν</strong></span> <span class='ocrx_word' id='word_1_38' title='bbox 824 985 953 1050; x_wconf 67' lang='lat' dir='ltr'><strong>tanaro</strong></span> <span class='ocrx_word' id='word_1_39' title='bbox 977 987 1076 1066; x_wconf 72' lang='grc' dir='ltr'><em>Φύγον</em></span> <span class='ocrx_word' id='word_1_40' title='bbox 1097 987 1114 1062; x_wconf 79' lang='grc' dir='ltr'><strong><em>ἤ</em></strong></span> <span class='ocrx_word' id='word_1_41' title='bbox 1139 1012 1191 1053; x_wconf 84' lang='grc' dir='ltr'><strong>κεν</strong></span> <span class='ocrx_word' id='word_1_42' title='bbox 1215 985 1311 1069; x_wconf 77' lang='grc' dir='ltr'><em>οίλῷη.</em></span> 
     </span>
     <span class='ocr_line' id='line_1_7' title="bbox 331 1089 1530 1180; baseline 0.003 -21"><span class='ocrx_word' id='word_1_43' title='bbox 331 1099 364 1160; x_wconf 91' lang='lat' dir='ltr'><strong>et</strong></span> <span class='ocrx_word' id='word_1_44' title='bbox 393 1093 420 1171; x_wconf 78' lang='grc' dir='ltr'><strong>ξ.</strong></span> <span class='ocrx_word' id='word_1_45' title='bbox 455 1091 531 1158; x_wconf 83' lang='grc'><strong>183.</strong></span> <span class='ocrx_word' id='word_1_46' title='bbox 564 1093 581 1168; x_wconf 78' lang='grc' dir='ltr'><em>ἤ</em></span> <span class='ocrx_word' id='word_1_47' title='bbox 614 1115 664 1156; x_wconf 77' lang='grc' dir='ltr'><strong>κεν</strong></span> <span class='ocrx_word' id='word_1_48' title='bbox 697 1089 783 1172; x_wconf 71' lang='lat' dir='ltr'><strong>rii-ein</strong></span> <span class='ocrx_word' id='word_1_49' title='bbox 815 1092 832 1166; x_wconf 78' lang='grc' dir='ltr'><strong><em>ἤ</em></strong></span> <span class='ocrx_word' id='word_1_50' title='bbox 864 1115 900 1156; x_wconf 83' lang='grc' dir='ltr'><strong>κε</strong></span> <span class='ocrx_word' id='word_1_51' title='bbox 931 1091 1040 1173; x_wconf 77' lang='grc' dir='ltr'><strong>φύγον.</strong></span> <span class='ocrx_word' id='word_1_52' title='bbox 1087 1094 1235 1180; x_wconf 88' lang='lat' dir='ltr'><strong>Namque</strong></span> <span class='ocrx_word' id='word_1_53' title='bbox 1261 1097 1397 1180; x_wconf 83' lang='lat' dir='ltr'><strong>optativi</strong></span> <span class='ocrx_word' id='word_1_54' title='bbox 1420 1095 1530 1162; x_wconf 84' lang='lat' dir='ltr'><strong>forms</strong></span> 
     </span>
     <span class='ocr_line' id='line_1_8' title="bbox 330 1197 1530 1286; baseline 0.003 -21"><span class='ocrx_word' id='word_1_55' title='bbox 330 1201 399 1266; x_wconf 89' lang='lat' dir='ltr'><strong>sine</strong></span> <span class='ocrx_word' id='word_1_56' title='bbox 420 1197 489 1264; x_wconf 84' lang='lat' dir='ltr'><strong>ulla</strong></span> <span class='ocrx_word' id='word_1_57' title='bbox 511 1198 723 1264; x_wconf 79' lang='lat' dir='ltr'><strong>controversis</strong></span> <span class='ocrx_word' id='word_1_58' title='bbox 748 1205 796 1262; x_wconf 90' lang='lat' dir='ltr'><strong>est</strong></span> <span class='ocrx_word' id='word_1_59' title='bbox 819 1197 964 1274; x_wconf 70' lang='grc' dir='ltr'><em>οἱΛΟΙην,</em></span> <span class='ocrx_word' id='word_1_60' title='bbox 987 1206 1025 1264; x_wconf 90' lang='lat' dir='ltr'><strong>ut</strong></span> <span class='ocrx_word' id='word_1_61' title='bbox 1048 1199 1143 1285; x_wconf 83' lang='grc' dir='ltr'><em>δοίην,</em></span> <span class='ocrx_word' id='word_1_62' title='bbox 1168 1200 1272 1278; x_wconf 74' lang='grc' dir='ltr'><em>γνοίην</em></span> <span class='ocrx_word' id='word_1_63' title='bbox 1294 1207 1328 1267; x_wconf 88' lang='lat' dir='ltr'><strong>et</strong></span> <span class='ocrx_word' id='word_1_64' title='bbox 1350 1202 1469 1286; x_wconf 81' lang='grc' dir='ltr'><em>βνοίην,</em></span> <span class='ocrx_word' id='word_1_65' title='bbox 1493 1207 1530 1268; x_wconf 86' lang='lat' dir='ltr'><strong>et</strong></span> 
     </span>
     <span class='ocr_line' id='line_1_9' title="bbox 331 1302 1043 1391; baseline 0.003 -21"><span class='ocrx_word' id='word_1_66' title='bbox 331 1310 436 1370; x_wconf 81' lang='lat' dir='ltr'><strong>exstat</strong></span> <span class='ocrx_word' id='word_1_67' title='bbox 455 1305 557 1391; x_wconf 88' lang='lat' dir='ltr'><strong>proba</strong></span> <span class='ocrx_word' id='word_1_68' title='bbox 578 1308 611 1369; x_wconf 90' lang='lat' dir='ltr'><strong>et</strong></span> <span class='ocrx_word' id='word_1_69' title='bbox 633 1305 755 1368; x_wconf 89' lang='lat' dir='ltr'><strong>sincera</strong></span> <span class='ocrx_word' id='word_1_70' title='bbox 776 1302 880 1368; x_wconf 87' lang='lat' dir='ltr'><strong>forma</strong></span> <span class='ocrx_word' id='word_1_71' title='bbox 903 1315 940 1369; x_wconf 85' lang='lat' dir='ltr'><strong>x.</strong></span> <span class='ocrx_word' id='word_1_72' title='bbox 965 1303 1043 1372; x_wconf 80' lang='lat'><strong>253.</strong></span> 
     </span>
     <span class='ocr_line' id='line_1_10' title="bbox 696 1405 1126 1487; baseline 0.009 -15"><span class='ocrx_word' id='word_1_73' title='bbox 696 1405 799 1485; x_wconf 76' lang='grc' dir='ltr'><em>ἕλοιμί</em></span> <span class='ocrx_word' id='word_1_74' title='bbox 822 1432 872 1473; x_wconf 75' lang='grc' dir='ltr'><strong>κεν</strong></span> <span class='ocrx_word' id='word_1_75' title='bbox 896 1411 913 1487; x_wconf 79' lang='grc' dir='ltr'><strong><em>ἥ</em></strong></span> <span class='ocrx_word' id='word_1_76' title='bbox 938 1435 973 1475; x_wconf 81' lang='grc' dir='ltr'><strong>κε</strong></span> <span class='ocrx_word' id='word_1_77' title='bbox 995 1411 1126 1486; x_wconf 75' lang='grc' dir='ltr'><em>νολοίην.</em></span> 
     </span>
    </p>

    <p class='ocr_par' dir='ltr' id='par_1_5' title="bbox 330 1513 1529 4255">
     <span class='ocr_line' id='line_1_11' title="bbox 376 1513 1527 1604; baseline 0.002 -23"><span class='ocrx_word' id='word_1_78' title='bbox 376 1517 487 1603; x_wconf 89' lang='lat' dir='ltr'><strong>Itaque</strong></span> <span class='ocrx_word' id='word_1_79' title='bbox 508 1516 559 1581; x_wconf 88' lang='lat' dir='ltr'><strong>bis</strong></span> <span class='ocrx_word' id='word_1_80' title='bbox 582 1515 815 1581; x_wconf 89' lang='lat' dir='ltr'><strong>emendandum</strong></span> <span class='ocrx_word' id='word_1_81' title='bbox 837 1517 872 1579; x_wconf 91' lang='lat' dir='ltr'><strong>in</strong></span> <span class='ocrx_word' id='word_1_82' title='bbox 896 1513 1037 1604; x_wconf 75' lang='lat' dir='ltr'>Odyssea</span> <span class='ocrx_word' id='word_1_83' title='bbox 1059 1517 1077 1593; x_wconf 77' lang='grc' dir='ltr'>ἥ</span> <span class='ocrx_word' id='word_1_84' title='bbox 1101 1541 1151 1582; x_wconf 79' lang='grc' dir='ltr'><strong>κεν</strong></span> <span class='ocrx_word' id='word_1_85' title='bbox 1175 1516 1304 1582; x_wconf 81' lang='grc' dir='ltr'><em>ίοίνοοτον</em></span> <span class='ocrx_word' id='word_1_86' title='bbox 1326 1517 1424 1599; x_wconf 77' lang='grc' dir='ltr'><em>φύγον</em></span> <span class='ocrx_word' id='word_1_87' title='bbox 1448 1519 1467 1594; x_wconf 76' lang='grc' dir='ltr'><em>η</em></span> <span class='ocrx_word' id='word_1_88' title='bbox 1489 1543 1527 1583; x_wconf 77' lang='grc' dir='ltr'><strong>κε</strong></span> 
     </span>
     <span class='ocr_line' id='line_1_12' title="bbox 332 1621 1527 1711; baseline 0.003 -24"><span class='ocrx_word' id='word_1_89' title='bbox 332 1621 453 1706; x_wconf 67' lang='lat' dir='ltr'><strong>roseln,</strong></span> <span class='ocrx_word' id='word_1_90' title='bbox 485 1627 517 1688; x_wconf 87' lang='lat' dir='ltr'><strong>et</strong></span> <span class='ocrx_word' id='word_1_91' title='bbox 546 1621 563 1696; x_wconf 75' lang='grc' dir='ltr'><em>ἥ</em></span> <span class='ocrx_word' id='word_1_92' title='bbox 594 1645 629 1687; x_wconf 81' lang='grc' dir='ltr'><strong>κε</strong></span> <span class='ocrx_word' id='word_1_93' title='bbox 659 1621 762 1696; x_wconf 77' lang='grc' dir='ltr'><em>νοολοίη</em></span> <span class='ocrx_word' id='word_1_94' title='bbox 786 1622 803 1697; x_wconf 77' lang='grc' dir='ltr'><strong><em>ἤ</em></strong></span> <span class='ocrx_word' id='word_1_95' title='bbox 829 1645 863 1686; x_wconf 84' lang='grc' dir='ltr'><strong>κε</strong></span> <span class='ocrx_word' id='word_1_96' title='bbox 888 1623 998 1701; x_wconf 64' lang='lat' dir='ltr'><strong>&lt;tripos</strong></span> <span class='ocrx_word' id='word_1_97' title='bbox 1045 1622 1152 1689; x_wconf 81' lang='lat' dir='ltr'><strong>Simul</strong></span> <span class='ocrx_word' id='word_1_98' title='bbox 1176 1629 1224 1690; x_wconf 87' lang='lat' dir='ltr'><strong>est</strong></span> <span class='ocrx_word' id='word_1_99' title='bbox 1246 1644 1357 1710; x_wconf 83' lang='lat' dir='ltr'><strong>operae</strong></span> <span class='ocrx_word' id='word_1_100' title='bbox 1384 1627 1527 1711; x_wconf 85' lang='lat' dir='ltr'><strong>pretium</strong></span> 
     </span>
     <span class='ocr_line' id='line_1_13' title="bbox 333 1727 1527 1817; baseline 0.003 -24"><span class='ocrx_word' id='word_1_101' title='bbox 333 1727 585 1794; x_wconf 81' lang='lat' dir='ltr'><strong>animadvertere</strong></span> <span class='ocrx_word' id='word_1_102' title='bbox 615 1746 695 1812; x_wconf 88' lang='lat' dir='ltr'><strong>quae</strong></span> <span class='ocrx_word' id='word_1_103' title='bbox 724 1729 768 1792; x_wconf 89' lang='lat' dir='ltr'><strong>sit</strong></span> <span class='ocrx_word' id='word_1_104' title='bbox 790 1727 986 1813; x_wconf 74' lang='lat' dir='ltr'>corruptelae</span> <span class='ocrx_word' id='word_1_105' title='bbox 1010 1731 1101 1817; x_wconf 85' lang='lat' dir='ltr'><strong>origo</strong></span> <span class='ocrx_word' id='word_1_106' title='bbox 1124 1734 1156 1795; x_wconf 90' lang='lat' dir='ltr'><strong>et</strong></span> <span class='ocrx_word' id='word_1_107' title='bbox 1179 1729 1257 1795; x_wconf 87' lang='lat' dir='ltr'><strong>fons.</strong></span> <span class='ocrx_word' id='word_1_108' title='bbox 1305 1727 1456 1796; x_wconf 78' lang='lat' dir='ltr'><strong>Graeculi</strong></span> <span class='ocrx_word' id='word_1_109' title='bbox 1478 1753 1527 1797; x_wconf 90' lang='lat' dir='ltr'><strong>se-</strong></span> 
     </span>
     <span class='ocr_line' id='line_1_14' title="bbox 333 1832 1527 1920; baseline 0.003 -21"><span class='ocrx_word' id='word_1_110' title='bbox 333 1836 458 1920; x_wconf 89' lang='lat' dir='ltr'><strong>quiores</strong></span> <span class='ocrx_word' id='word_1_111' title='bbox 483 1838 523 1899; x_wconf 91' lang='lat' dir='ltr'><strong>ut</strong></span> <span class='ocrx_word' id='word_1_112' title='bbox 545 1832 609 1898; x_wconf 85' lang='lat' dir='ltr'><strong>alia</strong></span> <span class='ocrx_word' id='word_1_113' title='bbox 631 1837 779 1899; x_wconf 73' lang='lat' dir='ltr'><strong>sexcenta</strong></span> <span class='ocrx_word' id='word_1_114' title='bbox 802 1834 975 1920; x_wconf 87' lang='lat' dir='ltr'><strong>peccabant</strong></span> <span class='ocrx_word' id='word_1_115' title='bbox 998 1842 1108 1902; x_wconf 90' lang='lat' dir='ltr'><strong>contra</strong></span> <span class='ocrx_word' id='word_1_116' title='bbox 1128 1856 1252 1902; x_wconf 86' lang='lat' dir='ltr'><strong>morem</strong></span> <span class='ocrx_word' id='word_1_117' title='bbox 1275 1839 1454 1916; x_wconf 88' lang='lat' dir='ltr'><strong>maiorum,</strong></span> <span class='ocrx_word' id='word_1_118' title='bbox 1477 1840 1527 1904; x_wconf 87' lang='lat' dir='ltr'><strong>ita</strong></span> 
     </span>
     <span class='ocr_line' id='line_1_15' title="bbox 332 1939 1526 2026; baseline 0.003 -21"><span class='ocrx_word' id='word_1_119' title='bbox 332 1940 390 2005; x_wconf 90' lang='lat' dir='ltr'><strong>has</strong></span> <span class='ocrx_word' id='word_1_120' title='bbox 420 1961 544 2026; x_wconf 90' lang='lat' dir='ltr'><strong>quoque</strong></span> <span class='ocrx_word' id='word_1_121' title='bbox 573 1939 692 2006; x_wconf 79' lang='lat' dir='ltr'><strong>formas</strong></span> <span class='ocrx_word' id='word_1_122' title='bbox 721 1939 846 2015; x_wconf 79' lang='grc' dir='ltr'><em>δίδοίην,</em></span> <span class='ocrx_word' id='word_1_123' title='bbox 879 1939 975 2019; x_wconf 86' lang='grc' dir='ltr'><em>δοίην,</em></span> <span class='ocrx_word' id='word_1_124' title='bbox 1007 1942 1128 2026; x_wconf 74' lang='grc' dir='ltr'><em>γνοίην,</em></span> <span class='ocrx_word' id='word_1_125' title='bbox 1153 1942 1259 2018; x_wconf 80' lang='grc' dir='ltr'><em>οὶλοίην</em></span> <span class='ocrx_word' id='word_1_126' title='bbox 1282 1947 1315 2009; x_wconf 88' lang='lat' dir='ltr'><strong>et</strong></span> <span class='ocrx_word' id='word_1_127' title='bbox 1336 1943 1435 2021; x_wconf 85' lang='grc' dir='ltr'><em>βνοίην</em></span> <span class='ocrx_word' id='word_1_128' title='bbox 1459 1966 1526 2008; x_wconf 78' lang='grc' dir='ltr'><em>νονν-</em></span> 
     </span>
     <span class='ocr_line' id='line_1_16' title="bbox 331 2043 1526 2131; baseline 0.003 -19"><span class='ocrx_word' id='word_1_129' title='bbox 331 2053 445 2112; x_wconf 69' lang='lat' dir='ltr'><strong>emtor</strong></span> <span class='ocrx_word' id='word_1_130' title='bbox 473 2047 587 2114; x_wconf 82' lang='lat' dir='ltr'><strong>vitiare</strong></span> <span class='ocrx_word' id='word_1_131' title='bbox 618 2051 787 2130; x_wconf 85' lang='lat' dir='ltr'><strong>coeperunt</strong></span> <span class='ocrx_word' id='word_1_132' title='bbox 811 2043 916 2127; x_wconf 79' lang='grc' dir='ltr'><em>δοδῷην</em></span> <span class='ocrx_word' id='word_1_133' title='bbox 939 2048 1080 2114; x_wconf 83' lang='lat' dir='ltr'><strong>diceutes</strong></span> <span class='ocrx_word' id='word_1_134' title='bbox 1103 2053 1135 2114; x_wconf 84' lang='lat' dir='ltr'><strong>et</strong></span> <span class='ocrx_word' id='word_1_135' title='bbox 1158 2047 1252 2131; x_wconf 76' lang='grc' dir='ltr'><em>δῷην,</em></span> <span class='ocrx_word' id='word_1_136' title='bbox 1278 2046 1399 2130; x_wconf 72' lang='grc' dir='ltr'><em>γνςίην,</em></span> <span class='ocrx_word' id='word_1_137' title='bbox 1423 2047 1526 2130; x_wconf 71' lang='grc' dir='ltr'><em>ἑλῴην</em></span> 
     </span>
     <span class='ocr_line' id='line_1_17' title="bbox 333 2149 1529 2241; baseline 0.003 -24"><span class='ocrx_word' id='word_1_138' title='bbox 333 2157 366 2218; x_wconf 93' lang='lat' dir='ltr'><strong>et</strong></span> <span class='ocrx_word' id='word_1_139' title='bbox 387 2152 483 2235; x_wconf 77' lang='grc' dir='ltr'><em>βνῴην</em></span> <span class='ocrx_word' id='word_1_140' title='bbox 507 2154 616 2217; x_wconf 88' lang='lat' dir='ltr'><strong>contre</strong></span> <span class='ocrx_word' id='word_1_141' title='bbox 640 2149 821 2240; x_wconf 76' lang='lat' dir='ltr'><strong>analogiam</strong></span> <span class='ocrx_word' id='word_1_142' title='bbox 846 2159 878 2218; x_wconf 89' lang='lat' dir='ltr'><strong>ct</strong></span> <span class='ocrx_word' id='word_1_143' title='bbox 900 2158 1024 2219; x_wconf 89' lang='lat' dir='ltr'><strong>certum</strong></span> <span class='ocrx_word' id='word_1_144' title='bbox 1046 2159 1300 2241; x_wconf 90' lang='lat' dir='ltr'><strong>perpetuumque</strong></span> <span class='ocrx_word' id='word_1_145' title='bbox 1326 2157 1529 2241; x_wconf 74' lang='lat' dir='ltr'><strong>antiquitatis</strong></span> 
     </span>
     <span class='ocr_line' id='line_1_18' title="bbox 332 2257 1525 2349; baseline 0.003 -26"><span class='ocrx_word' id='word_1_146' title='bbox 332 2280 438 2323; x_wconf 88' lang='lat' dir='ltr'><strong>usum.</strong></span> <span class='ocrx_word' id='word_1_147' title='bbox 485 2257 652 2343; x_wconf 87' lang='lat' dir='ltr'><strong>increpant</strong></span> <span class='ocrx_word' id='word_1_148' title='bbox 676 2259 834 2345; x_wconf 77' lang='lat' dir='ltr'><strong>magistri.</strong></span> <span class='ocrx_word' id='word_1_149' title='bbox 872 2258 1076 2346; x_wconf 79' lang='lat' dir='ltr'><strong>Phrynichus</strong></span> <span class='ocrx_word' id='word_1_150' title='bbox 1098 2281 1171 2349; x_wconf 89' lang='lat' dir='ltr'><strong>pag.</strong></span> <span class='ocrx_word' id='word_1_151' title='bbox 1197 2259 1273 2326; x_wconf 83' lang='lat'><strong>345.</strong></span> <span class='ocrx_word' id='word_1_152' title='bbox 1309 2259 1429 2326; x_wconf 88' lang='lat' dir='ltr'><strong>Moeris</strong></span> <span class='ocrx_word' id='word_1_153' title='bbox 1449 2281 1525 2349; x_wconf 86' lang='lat' dir='ltr'><strong>pag.</strong></span> 
     </span>
     <span class='ocr_line' id='line_1_19' title="bbox 335 2347 1526 2448; baseline 0 -18"><span class='ocrx_word' id='word_1_154' title='bbox 335 2363 411 2432; x_wconf 81' lang='lat'><strong>117.</strong></span> <span class='ocrx_word' id='word_1_155' title='bbox 459 2362 654 2448; x_wconf 82' lang='grc' dir='ltr'><em>Δοίημεν,</em></span> <span class='ocrx_word' id='word_1_156' title='bbox 688 2347 824 2439; x_wconf 78' lang='grc' dir='ltr'><em>δοίητε</em></span> <span class='ocrx_word' id='word_1_157' title='bbox 851 2362 1013 2439; x_wconf 77' lang='grc' dir='ltr'><strong>Ἀττικῶς.</strong></span> <span class='ocrx_word' id='word_1_158' title='bbox 1040 2365 1211 2448; x_wconf 77' lang='grc' dir='ltr'><em>δῷημεν,</em></span> <span class='ocrx_word' id='word_1_159' title='bbox 1236 2363 1363 2447; x_wconf 79' lang='grc' dir='ltr'><em>δῴητε</em></span> <span class='ocrx_word' id='word_1_160' title='bbox 1385 2370 1526 2442; x_wconf 77' lang='grc' dir='ltr'><em>Έλληνι·</em></span> 
     </span>
     <span class='ocr_line' id='line_1_20' title="bbox 332 2468 1526 2560; baseline 0.001 -23"><span class='ocrx_word' id='word_1_161' title='bbox 332 2477 403 2544; x_wconf 78' lang='grc' dir='ltr'><strong>κῶς.</strong></span> <span class='ocrx_word' id='word_1_162' title='bbox 449 2471 559 2556; x_wconf 82' lang='lat' dir='ltr'><strong>Inepte</strong></span> <span class='ocrx_word' id='word_1_163' title='bbox 587 2475 620 2536; x_wconf 92' lang='lat' dir='ltr'><strong>et</strong></span> <span class='ocrx_word' id='word_1_164' title='bbox 648 2468 747 2536; x_wconf 90' lang='lat' dir='ltr'><strong>stulte</strong></span> <span class='ocrx_word' id='word_1_165' title='bbox 779 2469 963 2556; x_wconf 83' lang='lat' dir='ltr'><strong>obloquitur</strong></span> <span class='ocrx_word' id='word_1_166' title='bbox 994 2471 1133 2538; x_wconf 79' lang='lat' dir='ltr'><strong>Thomas</strong></span> <span class='ocrx_word' id='word_1_167' title='bbox 1164 2471 1322 2560; x_wconf 73' lang='lat' dir='ltr'><strong>Magister</strong></span> <span class='ocrx_word' id='word_1_168' title='bbox 1348 2492 1423 2560; x_wconf 87' lang='lat' dir='ltr'><strong>pag.</strong></span> <span class='ocrx_word' id='word_1_169' title='bbox 1447 2471 1526 2538; x_wconf 80' lang='lat'><strong>225.</strong></span> 
     </span>
     <span class='ocr_line' id='line_1_21' title="bbox 333 2575 1525 2662; baseline 0 -18"><span class='ocrx_word' id='word_1_170' title='bbox 333 2583 366 2644; x_wconf 88' lang='lat' dir='ltr'><strong>et</strong></span> <span class='ocrx_word' id='word_1_171' title='bbox 395 2579 483 2643; x_wconf 85' lang='lat' dir='ltr'><strong>inani</strong></span> <span class='ocrx_word' id='word_1_172' title='bbox 514 2575 674 2642; x_wconf 87' lang='lat' dir='ltr'><strong>doctrinae</strong></span> <span class='ocrx_word' id='word_1_173' title='bbox 704 2578 807 2662; x_wconf 86' lang='lat' dir='ltr'><strong>specie</strong></span> <span class='ocrx_word' id='word_1_174' title='bbox 833 2575 966 2642; x_wconf 72' lang='lat' dir='ltr'><strong>fluidas:</strong></span> <span class='ocrx_word' id='word_1_175' title='bbox 998 2575 1098 2659; x_wconf 78' lang='lat' dir='ltr'><strong>quin</strong></span> <span class='ocrx_word' id='word_1_176' title='bbox 1130 2579 1199 2644; x_wconf 78' lang='lat' dir='ltr'><strong>olori</strong></span> <span class='ocrx_word' id='word_1_177' title='bbox 1223 2581 1277 2643; x_wconf 82' lang='grc' dir='ltr'><strong>τοῦ</strong></span> <span class='ocrx_word' id='word_1_178' title='bbox 1299 2579 1401 2656; x_wconf 85' lang='grc' dir='ltr'><em>βνοίη,</em></span> <span class='ocrx_word' id='word_1_179' title='bbox 1425 2576 1525 2660; x_wconf 70' lang='grc' dir='ltr'><strong><em>ὥσπερ</em></strong></span> 
     </span>
     <span class='ocr_line' id='line_1_22' title="bbox 333 2679 1526 2763; baseline 0.001 -13"><span class='ocrx_word' id='word_1_180' title='bbox 333 2684 385 2750; x_wconf 72' lang='grc' dir='ltr'><strong>καί</strong></span> <span class='ocrx_word' id='word_1_181' title='bbox 410 2685 445 2752; x_wconf 77' lang='grc' dir='ltr'><strong>τί</strong></span> <span class='ocrx_word' id='word_1_182' title='bbox 470 2679 543 2762; x_wconf 76' lang='grc' dir='ltr'><strong>δῴη</strong></span> <span class='ocrx_word' id='word_1_183' title='bbox 568 2682 637 2746; x_wconf 72' lang='grc' dir='ltr'><strong>ἀντὶ</strong></span> <span class='ocrx_word' id='word_1_184' title='bbox 662 2686 715 2746; x_wconf 81' lang='grc' dir='ltr'><strong>τοῦ</strong></span> <span class='ocrx_word' id='word_1_185' title='bbox 740 2683 802 2756; x_wconf 87' lang='grc' dir='ltr'><em>δοίη</em></span> <span class='ocrx_word' id='word_1_186' title='bbox 829 2690 1013 2763; x_wconf 76' lang='grc' dir='ltr'><em>-Δοορνκῶς,</em></span> <span class='ocrx_word' id='word_1_187' title='bbox 1048 2684 1120 2750; x_wconf 88' lang='lat' dir='ltr'><strong>Non</strong></span> <span class='ocrx_word' id='word_1_188' title='bbox 1143 2689 1218 2750; x_wconf 89' lang='lat' dir='ltr'><strong>sunt</strong></span> <span class='ocrx_word' id='word_1_189' title='bbox 1240 2685 1317 2750; x_wconf 86' lang='lat' dir='ltr'><strong>haec</strong></span> <span class='ocrx_word' id='word_1_190' title='bbox 1335 2683 1452 2751; x_wconf 87' lang='lat' dir='ltr'><strong>Dorica</strong></span> <span class='ocrx_word' id='word_1_191' title='bbox 1469 2686 1526 2751; x_wconf 90' lang='lat' dir='ltr'><strong>sed</strong></span> 
     </span>
     <span class='ocr_line' id='line_1_23' title="bbox 333 2786 1527 2876; baseline -0.001 -19"><span class='ocrx_word' id='word_1_192' title='bbox 333 2811 441 2857; x_wconf 88' lang='lat' dir='ltr'><strong>asero</strong></span> <span class='ocrx_word' id='word_1_193' title='bbox 459 2790 544 2854; x_wconf 89' lang='lat' dir='ltr'><strong>natis</strong></span> <span class='ocrx_word' id='word_1_194' title='bbox 563 2786 728 2855; x_wconf 81' lang='lat' dir='ltr'><strong>Graeculis</strong></span> <span class='ocrx_word' id='word_1_195' title='bbox 748 2791 897 2874; x_wconf 89' lang='lat' dir='ltr'><strong>imperite</strong></span> <span class='ocrx_word' id='word_1_196' title='bbox 918 2789 1005 2867; x_wconf 86' lang='lat' dir='ltr'><strong>ficta,</strong></span> <span class='ocrx_word' id='word_1_197' title='bbox 1028 2811 1106 2875; x_wconf 90' lang='lat' dir='ltr'><strong>quos</strong></span> <span class='ocrx_word' id='word_1_198' title='bbox 1126 2791 1252 2876; x_wconf 91' lang='lat' dir='ltr'><strong>quidem</strong></span> <span class='ocrx_word' id='word_1_199' title='bbox 1274 2790 1367 2856; x_wconf 88' lang='lat' dir='ltr'><strong>facile</strong></span> <span class='ocrx_word' id='word_1_200' title='bbox 1383 2795 1527 2876; x_wconf 86' lang='lat' dir='ltr'><strong>patimur</strong></span> 
     </span>
     <span class='ocr_line' id='line_1_24' title="bbox 330 2895 1527 2982; baseline -0.001 -20"><span class='ocrx_word' id='word_1_201' title='bbox 330 2897 419 2982; x_wconf 90' lang='lat' dir='ltr'><strong>loqui</strong></span> <span class='ocrx_word' id='word_1_202' title='bbox 450 2915 508 2962; x_wconf 90' lang='lat' dir='ltr'><strong>suo</strong></span> <span class='ocrx_word' id='word_1_203' title='bbox 538 2895 694 2960; x_wconf 86' lang='lat' dir='ltr'><strong>arbitratu</strong></span> <span class='ocrx_word' id='word_1_204' title='bbox 725 2896 901 2962; x_wconf 92' lang='lat' dir='ltr'><strong>dummodo</strong></span> <span class='ocrx_word' id='word_1_205' title='bbox 936 2897 1067 2981; x_wconf 86' lang='lat' dir='ltr'><strong>antiqua</strong></span> <span class='ocrx_word' id='word_1_206' title='bbox 1100 2895 1282 2962; x_wconf 86' lang='lat' dir='ltr'><strong>litterarum</strong></span> <span class='ocrx_word' id='word_1_207' title='bbox 1316 2903 1527 2961; x_wconf 87' lang='lat' dir='ltr'><strong>monumenta</strong></span> 
     </span>
     <span class='ocr_line' id='line_1_25' title="bbox 331 3000 1526 3087; baseline -0.007 -19"><span class='ocrx_word' id='word_1_208' title='bbox 331 3023 388 3068; x_wconf 92' lang='lat' dir='ltr'><strong>suo</strong></span> <span class='ocrx_word' id='word_1_209' title='bbox 418 3007 566 3067; x_wconf 90' lang='lat' dir='ltr'><strong>contactu</strong></span> <span class='ocrx_word' id='word_1_210' title='bbox 595 3022 658 3067; x_wconf 93' lang='lat' dir='ltr'><strong>non</strong></span> <span class='ocrx_word' id='word_1_211' title='bbox 688 3000 846 3086; x_wconf 88' lang='lat' dir='ltr'><strong>impleant</strong></span> <span class='ocrx_word' id='word_1_212' title='bbox 884 3004 1169 3087; x_wconf 88' lang='lat' dir='ltr'><strong>contamineutqne.</strong></span> <span class='ocrx_word' id='word_1_213' title='bbox 1220 3001 1282 3067; x_wconf 79' lang='lat' dir='ltr'><strong>Sed</strong></span> <span class='ocrx_word' id='word_1_214' title='bbox 1315 3007 1423 3070; x_wconf 88' lang='lat' dir='ltr'><strong>contra</strong></span> <span class='ocrx_word' id='word_1_215' title='bbox 1457 3000 1526 3066; x_wconf 86' lang='lat' dir='ltr'><strong>lieri</strong></span> 
     </span>
     <span class='ocr_line' id='line_1_26' title="bbox 332 3107 1524 3194; baseline -0.001 -21"><span class='ocrx_word' id='word_1_216' title='bbox 332 3108 495 3173; x_wconf 84' lang='lat' dir='ltr'><strong>videmus:</strong></span> <span class='ocrx_word' id='word_1_217' title='bbox 518 3108 711 3192; x_wconf 88' lang='lat' dir='ltr'><strong>ubicumque</strong></span> <span class='ocrx_word' id='word_1_218' title='bbox 732 3109 818 3172; x_wconf 91' lang='lat' dir='ltr'><strong>enim</strong></span> <span class='ocrx_word' id='word_1_219' title='bbox 837 3111 955 3174; x_wconf 82' lang='lat' dir='ltr'><strong>vitiosa</strong></span> <span class='ocrx_word' id='word_1_220' title='bbox 973 3109 1156 3194; x_wconf 91' lang='lat' dir='ltr'><strong>sequiorum</strong></span> <span class='ocrx_word' id='word_1_221' title='bbox 1176 3109 1317 3182; x_wconf 70' lang='grc' dir='ltr'><strong>συνήθεια</strong></span> <span class='ocrx_word' id='word_1_222' title='bbox 1338 3107 1378 3172; x_wconf 88' lang='lat' dir='ltr'><strong>ab</strong></span> <span class='ocrx_word' id='word_1_223' title='bbox 1398 3109 1524 3192; x_wconf 85' lang='lat' dir='ltr'><strong>antiqui</strong></span> 
     </span>
     <span class='ocr_line' id='line_1_27' title="bbox 333 3212 1525 3308; baseline -0.001 -29"><span class='ocrx_word' id='word_1_224' title='bbox 333 3216 487 3308; x_wconf 80' lang='lat' dir='ltr'><strong>sermonis</strong></span> <span class='ocrx_word' id='word_1_225' title='bbox 510 3215 690 3280; x_wconf 86' lang='lat' dir='ltr'><strong>sinceritate</strong></span> <span class='ocrx_word' id='word_1_226' title='bbox 714 3212 848 3278; x_wconf 89' lang='lat' dir='ltr'><strong>discedit</strong></span> <span class='ocrx_word' id='word_1_227' title='bbox 867 3214 1015 3280; x_wconf 85' lang='lat' dir='ltr'><strong>uidemus</strong></span> <span class='ocrx_word' id='word_1_228' title='bbox 1035 3213 1185 3279; x_wconf 89' lang='lat' dir='ltr'><strong>lectiones</strong></span> <span class='ocrx_word' id='word_1_229' title='bbox 1205 3214 1318 3299; x_wconf 89' lang='lat' dir='ltr'><strong>probas</strong></span> <span class='ocrx_word' id='word_1_230' title='bbox 1338 3219 1370 3278; x_wconf 90' lang='lat' dir='ltr'><strong>et</strong></span> <span class='ocrx_word' id='word_1_231' title='bbox 1388 3215 1525 3278; x_wconf 88' lang='lat' dir='ltr'><strong>sinceras</strong></span> 
     </span>
     <span class='ocr_line' id='line_1_28' title="bbox 333 3317 1525 3406; baseline -0.003 -20"><span class='ocrx_word' id='word_1_232' title='bbox 333 3325 479 3386; x_wconf 84' lang='lat' dir='ltr'><strong>veterum</strong></span> <span class='ocrx_word' id='word_1_233' title='bbox 503 3317 542 3384; x_wconf 88' lang='lat' dir='ltr'><strong>ad</strong></span> <span class='ocrx_word' id='word_1_234' title='bbox 565 3317 659 3405; x_wconf 85' lang='lat' dir='ltr'><strong>vulgi</strong></span> <span class='ocrx_word' id='word_1_235' title='bbox 682 3319 944 3385; x_wconf 89' lang='lat' dir='ltr'><strong>consuetudinem</strong></span> <span class='ocrx_word' id='word_1_236' title='bbox 966 3319 1091 3406; x_wconf 82' lang='lat' dir='ltr'><strong>retingi.</strong></span> <span class='ocrx_word' id='word_1_237' title='bbox 1126 3319 1163 3384; x_wconf 88' lang='lat' dir='ltr'><strong>ln</strong></span> <span class='ocrx_word' id='word_1_238' title='bbox 1187 3319 1367 3405; x_wconf 86' lang='lat' dir='ltr'><strong>complures</strong></span> <span class='ocrx_word' id='word_1_239' title='bbox 1389 3318 1525 3383; x_wconf 89' lang='lat' dir='ltr'><strong>Homeri</strong></span> 
     </span>
     <span class='ocr_line' id='line_1_29' title="bbox 332 3421 1524 3510; baseline -0.003 -19"><span class='ocrx_word' id='word_1_240' title='bbox 332 3425 432 3492; x_wconf 89' lang='lat' dir='ltr'><strong>libros</strong></span> <span class='ocrx_word' id='word_1_241' title='bbox 452 3435 491 3489; x_wconf 84' lang='grc' dir='ltr'><strong>Π.</strong></span> <span class='ocrx_word' id='word_1_242' title='bbox 517 3423 582 3488; x_wconf 84' lang='grc'><strong>625</strong></span> <span class='ocrx_word' id='word_1_243' title='bbox 605 3427 732 3509; x_wconf 89' lang='lat' dir='ltr'><strong>irrepsit</strong></span> <span class='ocrx_word' id='word_1_244' title='bbox 756 3424 832 3506; x_wconf 72' lang='grc' dir='ltr'><strong>δῷης</strong></span> <span class='ocrx_word' id='word_1_245' title='bbox 855 3447 911 3510; x_wconf 91' lang='lat' dir='ltr'><strong>pro</strong></span> <span class='ocrx_word' id='word_1_246' title='bbox 935 3425 1030 3503; x_wconf 74' lang='grc' dir='ltr'><em>δοίης,</em></span> <span class='ocrx_word' id='word_1_247' title='bbox 1056 3432 1088 3490; x_wconf 93' lang='lat' dir='ltr'><strong>et</strong></span> <span class='ocrx_word' id='word_1_248' title='bbox 1111 3429 1156 3490; x_wconf 92' lang='lat' dir='ltr'><strong>sic</strong></span> <span class='ocrx_word' id='word_1_249' title='bbox 1180 3447 1236 3510; x_wconf 90' lang='lat' dir='ltr'><strong>pro</strong></span> <span class='ocrx_word' id='word_1_250' title='bbox 1259 3425 1347 3498; x_wconf 73' lang='grc' dir='ltr'><em>ἁλοίη</em></span> <span class='ocrx_word' id='word_1_251' title='bbox 1368 3425 1418 3489; x_wconf 89' lang='lat' dir='ltr'><strong>bis</strong></span> <span class='ocrx_word' id='word_1_252' title='bbox 1438 3421 1524 3504; x_wconf 74' lang='grc' dir='ltr'><em>οἶλῴη</em></span> 
     </span>
     <span class='ocr_line' id='line_1_30' title="bbox 333 3531 1526 3598; baseline -0.003 -1"><span class='ocrx_word' id='word_1_253' title='bbox 333 3552 366 3597; x_wconf 89' lang='lat' dir='ltr'><strong>se</strong></span> <span class='ocrx_word' id='word_1_254' title='bbox 395 3533 572 3598; x_wconf 84' lang='lat' dir='ltr'><strong>insinuavit</strong></span> <span class='ocrx_word' id='word_1_255' title='bbox 601 3534 635 3596; x_wconf 91' lang='lat' dir='ltr'><strong>in</strong></span> <span class='ocrx_word' id='word_1_256' title='bbox 658 3536 784 3597; x_wconf 82' lang='lat' dir='ltr'><strong>textum</strong></span> <span class='ocrx_word' id='word_1_257' title='bbox 809 3533 1002 3598; x_wconf 89' lang='lat' dir='ltr'><strong>dormitante</strong></span> <span class='ocrx_word' id='word_1_258' title='bbox 1025 3532 1154 3598; x_wconf 88' lang='lat' dir='ltr'><strong>custode</strong></span> <span class='ocrx_word' id='word_1_259' title='bbox 1176 3531 1333 3597; x_wconf 85' lang='lat' dir='ltr'><strong>Beklrero.</strong></span> <span class='ocrx_word' id='word_1_260' title='bbox 1379 3531 1526 3595; x_wconf 74' lang='lat' dir='ltr'><strong>doristus</strong></span> 
     </span>
     <span class='ocr_line' id='line_1_31' title="bbox 334 3635 1526 3722; baseline -0.001 -20"><span class='ocrx_word' id='word_1_261' title='bbox 334 3637 450 3702; x_wconf 73' lang='grc' dir='ltr'><em>ἁλῶναι</em></span> <span class='ocrx_word' id='word_1_262' title='bbox 482 3639 600 3702; x_wconf 91' lang='lat' dir='ltr'><strong>sensim</strong></span> <span class='ocrx_word' id='word_1_263' title='bbox 632 3657 667 3703; x_wconf 88' lang='lat' dir='ltr'><strong>ec</strong></span> <span class='ocrx_word' id='word_1_264' title='bbox 699 3636 870 3722; x_wconf 84' lang='lat' dir='ltr'><strong>paullatim</strong></span> <span class='ocrx_word' id='word_1_265' title='bbox 893 3641 928 3704; x_wconf 93' lang='lat' dir='ltr'><strong>in</strong></span> <span class='ocrx_word' id='word_1_266' title='bbox 952 3637 1195 3704; x_wconf 90' lang='lat' dir='ltr'><strong>desuetudinem</strong></span> <span class='ocrx_word' id='word_1_267' title='bbox 1219 3637 1315 3714; x_wconf 82' lang='lat' dir='ltr'><strong>abiit,</strong></span> <span class='ocrx_word' id='word_1_268' title='bbox 1339 3641 1378 3700; x_wconf 91' lang='lat' dir='ltr'><strong>ut</strong></span> <span class='ocrx_word' id='word_1_269' title='bbox 1398 3635 1526 3701; x_wconf 69' lang='grc' dir='ltr'><em>ἓοίλωκοι</em></span> 
     </span>
     <span class='ocr_line' id='line_1_32' title="bbox 332 3742 1527 3831; baseline -0.003 -21"><span class='ocrx_word' id='word_1_270' title='bbox 332 3764 466 3831; x_wconf 89' lang='lat' dir='ltr'><strong>quoque.</strong></span> <span class='ocrx_word' id='word_1_271' title='bbox 513 3742 669 3808; x_wconf 85' lang='lat' dir='ltr'><strong>Dicebant</strong></span> <span class='ocrx_word' id='word_1_272' title='bbox 691 3745 792 3828; x_wconf 89' lang='lat' dir='ltr'><strong>inepti</strong></span> <span class='ocrx_word' id='word_1_273' title='bbox 816 3742 957 3821; x_wconf 75' lang='grc' dir='ltr'><strong>ἕοίηωμοι</strong></span> <span class='ocrx_word' id='word_1_274' title='bbox 983 3749 1015 3810; x_wconf 91' lang='lat' dir='ltr'><strong>ct</strong></span> <span class='ocrx_word' id='word_1_275' title='bbox 1039 3743 1186 3820; x_wconf 74' lang='grc' dir='ltr'><em>ἑολώίην,</em></span> <span class='ocrx_word' id='word_1_276' title='bbox 1206 3763 1284 3829; x_wconf 89' lang='lat' dir='ltr'><strong>quas</strong></span> <span class='ocrx_word' id='word_1_277' title='bbox 1302 3742 1421 3807; x_wconf 85' lang='lat' dir='ltr'><strong>formas</strong></span> <span class='ocrx_word' id='word_1_278' title='bbox 1440 3742 1527 3827; x_wconf 87' lang='lat' dir='ltr'><strong>apud</strong></span> 
     </span>
     <span class='ocr_line' id='line_1_33' title="bbox 332 3847 1527 3935; baseline -0.003 -18"><span class='ocrx_word' id='word_1_279' title='bbox 332 3850 510 3918; x_wconf 89' lang='lat' dir='ltr'><strong>Diodorum</strong></span> <span class='ocrx_word' id='word_1_280' title='bbox 540 3847 688 3913; x_wconf 79' lang='lat' dir='ltr'><strong>Siculum</strong></span> <span class='ocrx_word' id='word_1_281' title='bbox 721 3853 753 3914; x_wconf 88' lang='lat' dir='ltr'><strong>et</strong></span> <span class='ocrx_word' id='word_1_282' title='bbox 787 3851 971 3935; x_wconf 83' lang='lat' dir='ltr'><strong>Appianum</strong></span> <span class='ocrx_word' id='word_1_283' title='bbox 1006 3850 1073 3928; x_wconf 75' lang='grc' dir='ltr'><strong>περὶ</strong></span> <span class='ocrx_word' id='word_1_284' title='bbox 1110 3850 1271 3931; x_wconf 74' lang='grc' dir='ltr'><em>ἐμφυλίων</em></span> <span class='ocrx_word' id='word_1_285' title='bbox 1304 3849 1438 3912; x_wconf 87' lang='lat' dir='ltr'><strong>memini</strong></span> <span class='ocrx_word' id='word_1_286' title='bbox 1472 3868 1527 3913; x_wconf 91' lang='lat' dir='ltr'><strong>me</strong></span> 
     </span>
     <span class='ocr_line' id='line_1_34' title="bbox 332 3952 1527 4045; baseline -0.004 -22"><span class='ocrx_word' id='word_1_287' title='bbox 332 3956 449 4045; x_wconf 89' lang='lat' dir='ltr'><strong>legere.</strong></span> <span class='ocrx_word' id='word_1_288' title='bbox 503 3953 611 4019; x_wconf 82' lang='lat' dir='ltr'><strong>Etiam</strong></span> <span class='ocrx_word' id='word_1_289' title='bbox 647 3954 787 4019; x_wconf 74' lang='grc' dir='ltr'><em>δηίονενν</em></span> <span class='ocrx_word' id='word_1_290' title='bbox 822 3976 877 4040; x_wconf 88' lang='lat' dir='ltr'><strong>pro</strong></span> <span class='ocrx_word' id='word_1_291' title='bbox 914 3957 1007 4034; x_wconf 80' lang='grc' dir='ltr'><em>οίρεῑν</em></span> <span class='ocrx_word' id='word_1_292' title='bbox 1042 3955 1144 4020; x_wconf 88' lang='lat' dir='ltr'><strong>dicere</strong></span> <span class='ocrx_word' id='word_1_293' title='bbox 1178 3959 1359 4039; x_wconf 89' lang='lat' dir='ltr'><strong>coeperunt.</strong></span> <span class='ocrx_word' id='word_1_294' title='bbox 1414 3952 1527 4038; x_wconf 86' lang='lat' dir='ltr'><strong>ltaque</strong></span> 
     </span>
     <span class='ocr_line' id='line_1_35' title="bbox 334 4057 1527 4147; baseline -0.003 -19"><span class='ocrx_word' id='word_1_295' title='bbox 334 4066 458 4128; x_wconf 82' lang='grc' dir='ltr'><strong>’ΛΑΩΙ</strong></span> <span class='ocrx_word' id='word_1_296' title='bbox 488 4060 566 4147; x_wconf 92' lang='lat' dir='ltr'><strong>quid</strong></span> <span class='ocrx_word' id='word_1_297' title='bbox 596 4066 678 4126; x_wconf 87' lang='lat' dir='ltr'><strong>esset</strong></span> <span class='ocrx_word' id='word_1_298' title='bbox 700 4060 907 4126; x_wconf 89' lang='lat' dir='ltr'><strong>mirabantur.</strong></span> <span class='ocrx_word' id='word_1_299' title='bbox 956 4061 993 4125; x_wconf 93' lang='lat' dir='ltr'><strong>ln</strong></span> <span class='ocrx_word' id='word_1_300' title='bbox 1021 4060 1213 4144; x_wconf 83' lang='lat' dir='ltr'><strong>Antiphanis</strong></span> <span class='ocrx_word' id='word_1_301' title='bbox 1236 4060 1417 4146; x_wconf 80' lang='lat' dir='ltr'><strong>fragmento</strong></span> <span class='ocrx_word' id='word_1_302' title='bbox 1440 4057 1527 4146; x_wconf 86' lang='lat' dir='ltr'><strong>apud</strong></span> 
     </span>
     <span class='ocr_line' id='line_1_36' title="bbox 333 4166 1162 4255; baseline -0.004 -21"><span class='ocrx_word' id='word_1_303' title='bbox 333 4169 533 4234; x_wconf 80' lang='lat' dir='ltr'><strong>Athenaeum</strong></span> <span class='ocrx_word' id='word_1_304' title='bbox 554 4187 628 4255; x_wconf 89' lang='lat' dir='ltr'><strong>pag.</strong></span> <span class='ocrx_word' id='word_1_305' title='bbox 655 4166 729 4232; x_wconf 84' lang='lat'><strong>450.</strong></span> <span class='ocrx_word' id='word_1_306' title='bbox 756 4176 794 4231; x_wconf 82' lang='grc' dir='ltr'><strong>Ε.</strong></span> <span class='ocrx_word' id='word_1_307' title='bbox 821 4169 878 4232; x_wconf 93' lang='lat' dir='ltr'><strong>ubi</strong></span> <span class='ocrx_word' id='word_1_308' title='bbox 902 4173 994 4252; x_wconf 78' lang='lat' dir='ltr'><strong>potita</strong></span> <span class='ocrx_word' id='word_1_309' title='bbox 1017 4166 1162 4232; x_wconf 88' lang='lat' dir='ltr'><strong>dederat:</strong></span> 
     </span>
    </p>

    <p class='ocr_par' dir='ltr' id='par_1_6' title="bbox 333 4268 1527 4572">
     <span class='ocr_line' id='line_1_37' title="bbox 754 4268 1313 4355; baseline -0.005 -17"><span class='ocrx_word' id='word_1_310' title='bbox 754 4279 817 4344; x_wconf 78' lang='grc' dir='ltr'><strong>πῶς</strong></span> <span class='ocrx_word' id='word_1_311' title='bbox 837 4273 901 4353; x_wconf 72' lang='grc' dir='ltr'><strong>γὰρ</strong></span> <span class='ocrx_word' id='word_1_312' title='bbox 925 4271 1039 4350; x_wconf 72' lang='grc' dir='ltr'><em>γένοιτ’</em></span> <span class='ocrx_word' id='word_1_313' title='bbox 1066 4271 1123 4349; x_wconf 75' lang='grc' dir='ltr'><strong>ἄν,</strong></span> <span class='ocrx_word' id='word_1_314' title='bbox 1149 4268 1170 4335; x_wconf 80' lang='grc' dir='ltr'><strong><em>ὦ</em></strong></span> <span class='ocrx_word' id='word_1_315' title='bbox 1195 4271 1313 4355; x_wconf 74' lang='grc' dir='ltr'><strong><em>πάτερ,</em></strong></span> 
     </span>
     <span class='ocr_line' id='line_1_38' title="bbox 538 4377 1314 4461; baseline 0.001 -19"><span class='ocrx_word' id='word_1_316' title='bbox 538 4379 631 4460; x_wconf 72' lang='grc' dir='ltr'><strong><em>ῥήτωρ</em></strong></span> <span class='ocrx_word' id='word_1_317' title='bbox 654 4377 794 4461; x_wconf 53' lang='lat' dir='ltr'><strong>&amp;dovora</strong></span> <span class='ocrx_word' id='word_1_318' title='bbox 821 4391 855 4444; x_wconf 85' lang='lat' dir='ltr'><strong>B.</strong></span> <span class='ocrx_word' id='word_1_319' title='bbox 880 4380 914 4456; x_wconf 72' lang='lat' dir='ltr'><strong>sio</strong></span> <span class='ocrx_word' id='word_1_320' title='bbox 939 4379 1005 4460; x_wconf 79' lang='grc' dir='ltr'><em>οίλῷ</em></span> <span class='ocrx_word' id='word_1_321' title='bbox 1030 4380 1093 4458; x_wconf 78' lang='grc' dir='ltr'><strong>τοὶς</strong></span> <span class='ocrx_word' id='word_1_322' title='bbox 1117 4377 1314 4459; x_wconf 71' lang='grc' dir='ltr'><strong>παρανόμων.</strong></span> 
     </span>
     <span class='ocr_line' id='line_1_39' title="bbox 333 4481 1527 4572; baseline -0.005 -18"><span class='ocrx_word' id='word_1_323' title='bbox 333 4490 366 4554; x_wconf 91' lang='lat' dir='ltr'><strong>in</strong></span> <span class='ocrx_word' id='word_1_324' title='bbox 390 4484 561 4572; x_wconf 89' lang='lat' dir='ltr'><strong>archetypo</strong></span> <span class='ocrx_word' id='word_1_325' title='bbox 585 4491 618 4549; x_wconf 87' lang='lat' dir='ltr'><strong>et</strong></span> <span class='ocrx_word' id='word_1_326' title='bbox 639 4485 829 4572; x_wconf 89' lang='lat' dir='ltr'><strong>apographis</strong></span> <span class='ocrx_word' id='word_1_327' title='bbox 853 4490 901 4550; x_wconf 90' lang='lat' dir='ltr'><strong>est</strong></span> <span class='ocrx_word' id='word_1_328' title='bbox 923 4487 1011 4550; x_wconf 73' lang='grc' dir='ltr'><strong>δηλῶ</strong></span> <span class='ocrx_word' id='word_1_329' title='bbox 1034 4505 1091 4570; x_wconf 91' lang='lat' dir='ltr'><strong>pro</strong></span> <span class='ocrx_word' id='word_1_330' title='bbox 1116 4485 1181 4566; x_wconf 69' lang='grc' dir='ltr'><strong>δηῷ</strong></span> <span class='ocrx_word' id='word_1_331' title='bbox 1206 4487 1273 4550; x_wconf 89' lang='lat' dir='ltr'><strong>siue</strong></span> <span class='ocrx_word' id='word_1_332' title='bbox 1292 4503 1395 4549; x_wconf 89' lang='lat' dir='ltr'><strong>sensu.</strong></span> <span class='ocrx_word' id='word_1_333' title='bbox 1427 4481 1472 4546; x_wconf 80' lang='lat' dir='ltr'><strong>Et</strong></span> <span class='ocrx_word' id='word_1_334' title='bbox 1490 4483 1527 4548; x_wconf 93' lang='lat' dir='ltr'><strong>in</strong></span> 
     </span>
    </p>
   </div>
   <div class='ocr_carea' id='block_1_3' title="bbox 0 0 1705 5186">
    <p class='ocr_par' dir='ltr' id='par_1_7' title="bbox 0 0 1705 5186">
     <span class='ocr_line' id='line_1_40' title="bbox 0 0 1705 5186; baseline 0 0"><span class='ocrx_word' id='word_1_335' title='bbox 0 0 1705 5186; x_wconf 95' lang='lat' dir='ltr'><strong> </strong></span> 
     </span>
    </p>
   </div>
  </div>
 </body>
</html>
