3404 5192
756 393 821 468 257

407 590 433 653 ri
456 588 501 667 μή
534 588 630 668 σφω’
654 586 771 655 Αἴαντε
796 588 941 670 διέκριναν
964 589 1016 675 (Il.
1039 600 1073 656 P.
1099 589 1200 677 531.).

202 691 250 759 iac
280 693 315 758 τό
348 693 477 768 διηνεκές
506 693 670 775 φνλαχόῇ.
717 694 817 761 Plane
846 696 1086 762 Aristarcheum
1108 699 1168 764 hoo
1191 701 1255 765 est:
1279 696 1328 765 isa
1351 697 1387 764 τό

201 807 415 866 ΔΙΗΝΕΚΕΕ
449 799 621 880 φνλαχόῇ,
656 799 711 864 sed
746 800 822 888 quid
856 802 899 865 sit
933 802 966 865 τό
998 800 1129 878 διηνεκές
1161 825 1199 868 ex
1231 803 1386 870 librorum

200 903 323 969 mendis
354 905 507 991 dispicere
533 903 712 990 hocopus,
736 905 789 969 hio
811 905 901 971 labor
924 911 956 971 et
979 907 1058 972 olim
1080 908 1144 972 fuit
1166 913 1200 974 et
1220 930 1304 975 nunc
1327 915 1385 976 est.

198 1009 309 1095 Itaque
331 1009 507 1078 Aristarchi
528 1008 646 1074 iudicio
669 1009 722 1075 vel
745 1011 964 1078 emendatione
986 1034 1070 1082 nuuc
1092 1019 1176 1081 recte
1198 1017 1362 1081 scribitur:

446 1114 494 1186 τός
517 1113 576 1194 reip
598 1119 685 1195 οφιιε
708 1116 789 1181 όειῒιν.

447 1215 534 1295 ἦτός
565 1228 676 1303 οφιοε
706 1219 796 1302 τόρεν
820 1220 896 1289 όεό.

446 1323 535 1391 ἄλλό
567 1333 673 1408 σφωε
703 1315 788 1400 δόλος
812 1329 864 1393 καὶ
889 1328 1000 1407 δεσμός
1026 1328 1132 1412 έρόξει,

445 1433 470 1498 si
494 1434 538 1510 μή
563 1431 644 1513 σφω’
667 1431 784 1498 Αἴαντε
808 1433 963 1515 διέκριναν.

197 1537 407 1624 similiterque
429 1538 520 1604 Hiad.
546 1549 586 1604 Λ.
613 1535 689 1606 751.

378 1646 404 1710 si
427 1647 472 1722 μή
496 1651 582 1720 σφωε
607 1647 709 1726 τατηρ
735 1683 779 1696 -
803 1647 836 1711 έκ
860 1646 997 1724 πολέμου
1021 1647 1164 1714 iocinore.

241 1747 405 1816 Contraria
428 1770 530 1816 errore
552 1749 628 1816 libri
648 1750 848 1818 -Zenodotum
871 1753 1061 1839 deceperunt
1082 1765 1129 1821 M.
1155 1754 1231 1821 366.

330 1852 428 1933 Αἶαν,
460 1858 569 1939 σφῶΐ
598 1858 655 1934 μέν
678 1854 766 1936 αὖόι,
791 1859 829 1924 οὺ
855 1858 908 1923 καὶ
932 1860 1073 1941 κρατερός
1096 1860 1298 1940 Λυκομήδης,

329 1963 454 2034 ἓςαότες
479 1961 622 2035 Δαναοὺς
645 1962 783 2042 ὀτρύνετε
807 1959 858 2045 ι’φι
881 1965 1053 2045 μόχεοόαι.

192 2068 250 2133 ubi
274 2069 484 2134 Aristonicus:
509 2071 526 2143 ἡ
551 2068 644 2145 διπλῆ
667 2066 712 2133 ότι
738 2068 902 2143 Ζηνόδοτος
927 2074 1045 2153 νοόφει
1078 2077 1196 2153 σφῶε.
1228 2077 1316 2139 τοῦτο
1345 2071 1376 2138 δέ

193 2176 254 2244 έςιν
286 2173 452 2250 αὐτούς,
485 2169 557 2255 irrep
581 2173 802 2256 οὖχοὶρμόζει.
826 2177 861 2240 τό
885 2175 917 2241 δέ
950 2182 1055 2258 σφῶϊ
1082 2180 1205 2256 duria«

238 2280 320 2362 Quia
353 2301 530 2365 numquam
566 2283 759 2366 quicumque
793 2284 1008 2348 inveteratum
1043 2305 1180 2350 errorem
1214 2284 1379 2373 redarguit

193 2392 277 2453 caret
306 2385 597 2471 reprehensoribus,
632 2389 687 2472 qui
711 2387 860 2453 mendosa
883 2393 990 2454 vetera
1012 2393 1103 2455 novis
1125 2390 1301 2456 emendatis
1324 2411 1377 2456 an-

192 2496 345 2578 teponunt
376 2497 408 2558 et
436 2513 530 2557 suum
556 2493 732 2557 Momsimaa
754 2493 914 2558 mordicus
936 2497 1091 2573 retinent,
1116 2498 1162 2561 sic
1183 2517 1245 2562 non
1269 2495 1376 2562 deine·

191 2604 265 2664 runt
299 2601 354 2685 qui
388 2598 570 2664 Aristarcho
603 2619 679 2664 vera
707 2601 851 2664 monenti
884 2603 1001 2684 acriter
1031 2600 1284 2685 obloquerentur.
1338 2601 1376 2668 In

191 2725 283 2770 versu
305 2704 438 2771 Iliados:

371 2811 418 2881 ric
441 2809 500 2891 τιόρ
524 2815 621 2891 οφιιΕ
646 2812 715 2876 iscis
739 2809 810 2891 έριδι
833 2810 957 2888 ξυνέηκε
980 2812 1163 2896 gatgeriam

146 2975 152 2984 .
190 2921 330 2982 veterem
361 2916 512 2983 Zenodoti
541 2919 731 3002 scripturam
763 2921 848 2997 σφοΙ
880 2923 961 2984 teste
993 2919 1162 3004 Apollonio
1193 2921 1230 2984 de
1253 2920 1378 3002 δηκόοοί

189 3042 263 3109 pag.
289 3018 370 3099 167,
397 3022 427 3088 9.
452 3023 553 3088 Beki.
579 3022 630 3087 aad
657 3021 794 3096 Σιδόνιος
819 3023 965 3103 τροκρόνει
987 3024 1037 3088 καὶ
1059 3022 1149 3089 ἄλλοι
1172 3031 1293 3092 τλεῒςοι
1313 3048 1374 3089 τα

190 3125 375 3208 ρατιόέαενοι
398 3128 450 3192 καὶ
470 3129 602 3201 ἐκδόσεις
622 3127 805 3207 Ὁμηρικός.
831 3129 935 3194 Nemo
955 3131 1092 3217 negabat
1110 3133 1194 3210 τφοιῖ
1209 3133 1243 3194 in
1262 3129 1376 3196 multis

190 3232 324 3300 Homeri
355 3233 549 3301 editionibus
584 3235 799 3312 circumferri,
834 3240 867 3300 et
901 3233 1078 3300 Zenodotns
1112 3238 1196 3316 οφιοῖ
1228 3235 1375 3312 dederat,

190 3342 340 3426 qnoniam
370 3340 404 3406 id
435 3342 467 3404 in
499 3343 565 3406 suis
594 3339 685 3406 libris
707 3349 866 3426 repererat
889 3346 945 3405 aut
968 3341 1117 3406 omnibus
1139 3345 1195 3406 ant
1216 3340 1376 3426 plerisque

188 3466 290 3532 neque
313 3448 481 3532 quisquam
501 3450 573 3510 ante
591 3447 811 3512 Aristarchum
831 3446 1000 3512 discrimen
1019 3449 1102 3513 inter
1120 3453 1204 3526 οφιιί
1225 3449 1258 3510 et
1276 3449 1374 3525 σφωε

190 3552 475 3635 animadverterat,
496 3551 768 3636 quemadmodum
786 3550 964 3617 Zenodotus
982 3553 1071 3633 σφῶϊ
1089 3556 1121 3617 et
1140 3554 1238 3633 σφῶϊν
1253 3570 1376 3636 quoque

190 3661 280 3742 quasi
302 3657 386 3721 nihil
409 3660 576 3722 interesset
598 3657 683 3722 inter
705 3679 738 3722 se
762 3657 955 3726 confuderat.

235 3761 393 3828 Similiter
413 3760 506 3828 Iliad.
531 3770 568 3826 H.
594 3760 660 3829 279
683 3783 740 3848 pro
902 3837 905 3842 .

370 3865 502 3943 μηκέτι,
528 3867 620 3930 παῖδε
643 3867 749 3947 φόλοι,
774 3867 979 3949 τολεμόζετε,

370 3969 535 4052 ἀμφοτέρω
560 3972 623 4052 γὰρ
648 3979 733 4053 οφιῖιΙ
757 3979 849 4055 φιλεῖ
870 3973 1101 4054 νεφεληγερέτα
1125 3972 1214 4045 Zetis.

189 4079 392 4165 pertinaciter
410 4075 576 4142 ·nonnnlli
611 4078 789 4144 retinebant
822 4078 1031 4146 Zenodoteam
1064 4078 1234 4145 lectionem
1266 4083 1372 4158 σφῶε.

190 4183 376 4270 Apollonius
400 4181 466 4260 περὶ
491 4183 700 4260 ’Λιτοιννριιῶν
723 4204 796 4272 pag.
823 4183 898 4249 114.
925 4203 956 4248 Δ.
979 4184 1079 4259 Blasco
1100 4186 1113 4250 ό
1133 4181 1229 4262 ’ratos
1248 4182 1376 4272 (Deme-

191 4290 283 4374 trius)
308 4286 353 4356 έτὶ
377 4289 432 4362 την
455 4293 553 4369 σφωε
576 4289 628 4354 καὶ
652 4289 702 4354 dri
727 4290 863 4370 δευτέρον
886 4289 1009 4356 τόσσων

531 4395 697 4476 ἀμφοτέρω
721 4397 784 4477 γὰρ
809 4399 906 4477 σφῶε
928 4399 1027 4476 φιλεῖ.

192 4502 247 4566 ὅτε
289 4499 343 4565 καὶ
377 4501 393 4575 ἦ
428 4500 493 4563 soie
523 4497 573 4566 διδ
597 4505 650 4566 τοῦ
677 4511 711 4566 Ε.
758 4501 970 4568 Antimachus
992 4503 1076 4566 enim
1100 4505 1133 4565 et
1154 4497 1291 4566 Oorinna
1313 4506 1378 4566 ιῶε

265 4613 271 4624 ·
1196 4608 1227 4655 ιι
