3410 5180
749 347 814 415 479

188 537 225 602 de
248 537 283 602 F.
308 535 335 600 L
371 557 443 626 pag.
469 535 545 605 577.
572 538 626 604 21.
651 537 713 621 βοᾷ
738 537 805 620 [καί
829 535 942 621 λέγει].
966 544 998 604 et
1021 538 1105 623 apud
1129 537 1301 602 Libanium
1322 537 1374 604 IV.

189 639 265 707 350.
297 641 351 707 24.
382 643 415 706 οὗ
447 642 600 716 πολλάκις
625 645 708 720 ἡμῶν
733 643 856 718 ἠκούετε
880 643 1018 720 βοώντων
1042 643 1108 728 [καί
1134 641 1302 728 λεγόντων]
1329 639 1374 707 ότι

189 748 441 826 ἐπεβουλεύεσθε.

235 959 315 1046 Pag.
345 956 422 1022 258.
451 957 504 1022 10.
530 958 618 1036 ὑμεῖς
643 958 806 1023 τοίνυν-
831 960 864 1022 οὐ
888 962 980 1037 ναῦς,
1005 959 1037 1024 οὖ
1062 957 1156 1040 τείχη
1180 965 1235 1031 τῆς
1259 958 1377 1031 πόλεως

189 1065 261 1130 τότε
285 1062 545 1140 κτησαμένης
570 1062 714 1139 ἐξήλθετε
738 1065 780 1136 είς
805 1064 979 1144 Ἁλίαρτον.
1025 1063 1197 1130 Manifesto
1224 1066 1379 1129 vitiosum

190 1175 237 1238 esi
268 1170 473 1247 κτησαμένης.
521 1165 648 1236 Clamat
678 1173 834 1236 sententia
856 1171 1027 1257 perfeetum
1057 1169 1245 1248 κεκτημένης
1269 1171 1379 1255 reponi

131 1347 134 1355 7
191 1290 352 1362 oportere,
375 1275 409 1340 id
432 1281 480 1341 est
503 1275 646 1354 ἐχούσης.
693 1276 915 1341 Necessarium
939 1275 1127 1353 κεκτημένης
1150 1281 1198 1340 est
1220 1279 1254 1341 in
1278 1276 1380 1341 omni·

190 1384 249 1450 bus
281 1380 383 1447 libris.
429 1377 523 1446 Solus
557 1379 581 1446 S
616 1382 747 1447 exhibet
777 1383 974 1460 κτησαμένης
1006 1403 1024 1448 a
1054 1381 1158 1448 scriba
1187 1381 1380 1446 dormitante

191 1489 367 1575 proiectum
401 1491 433 1553 et
464 1490 571 1572 aperte
600 1487 801 1553 mendosum.
848 1486 969 1553 Tamen
997 1488 1036 1555 ob
1059 1486 1135 1554 libri
1158 1488 1379 1555 auctoritatem

190 1595 320 1676 ιίκρίτως
344 1599 392 1660 ast
415 1597 588 1679 receptum.

237 1804 461 1888 Quaecumque
485 1802 675 1869 documenta
697 1802 827 1889 publiea
849 1806 883 1868 in
906 1806 1117 1891 prioreparte
1138 1801 1377 1882 orationisrrspt

190 1913 243 1974 τοῦ
275 1908 411 1991 ςεφιίνου
441 1910 559 1974 inserta
590 1907 756 1996 leguntur,
788 1912 1005 1990 ψηφίσματα,
1038 1912 1199 1995 εἰτιτολαί,
1232 1911 1377 1990 γραφαί,

191 2014 384 2093 κατοίλοηοι,
410 2012 510 2093 νόμοι,
541 2014 723 2094 μαρτυρίαι,
747 2014 898 2093 δόγματα
924 2015 1180 2096 Ἀμφικτυόνων,
1206 2015 1380 2094 ἀποκρίσεις

192 2127 225 2186 et
254 2121 393 2198 similia,
428 2122 535 2186 omnia
557 2120 596 2186 ad
619 2141 721 2185 unum
745 2124 852 2206 spuria
876 2128 908 2188 et
932 2124 1154 2188 commenticia
1177 2125 1252 2186 sunt
1274 2123 1380 2205 inepte

192 2233 225 2294 et
254 2227 421 2313 pueriliter
453 2225 527 2292 tiata
559 2231 592 2291 et
623 2228 787 2312 supposita
818 2228 857 2294 ab
885 2229 942 2304 iis,
968 2230 1024 2312 qui
1046 2248 1147 2312 neque
1169 2247 1276 2290 rerum
1300 2227 1381 2291 anti-

192 2354 327 2418 quarum
350 2353 451 2416 neque
474 2330 605 2418 linguae
627 2334 745 2397 veteris
768 2335 925 2398 rationem
949 2333 1108 2398 tenebant.
1148 2333 1211 2412 Qui
1234 2332 1312 2397 haeo
1335 2333 1382 2395 in·

192 2438 363 2525 terpolavit
394 2441 466 2522 post
499 2456 573 2524 pug.
606 2435 683 2501 291.
718 2442 896 2522 pertaesus,
930 2443 968 2502 ut
1000 2437 1145 2509 videtur.
1178 2437 1382 2503 tirtilissimae

192 2565 303 2630 operae
326 2547 454 2629 repente
478 2542 582 2608 desiit.
1200 2555 1204 2566 ·

236 2649 346 2716 Unum
371 2653 499 2714 tantum
521 2669 560 2713 ex
584 2648 732 2714 omnibus
755 2670 865 2715 omnes
887 2649 984 2715 habet
1009 2650 1155 2715 veritatis
1177 2669 1327 2716 numeros
1350 2653 1382 2714 et

191 2759 259 2823 sine
290 2757 501 2823 controversia
531 2755 668 2840 probum
699 2759 746 2819 est
776 2761 809 2822 et
838 2757 1015 2843 genuinum
1047 2775 1119 2842 pag.
1154 2752 1230 2820 255.
1264 2757 1298 2820 τὸ
1323 2761 1382 2820 τῶν

192 2861 361 2943 Βυζαντίων
393 2863 559 2942 ψήφισμα.
606 2859 693 2940 Quao
724 2863 768 2926 sit
796 2861 893 2926 huius
922 2863 970 2926 rei
1001 2881 1096 2926 eausa
1126 2866 1158 2926 et
1188 2862 1273 2927 unde
1295 2863 1381 2927 neoti

192 2971 256 3034 sint
285 2970 406 3034 scribae
437 2966 654 3050 antiquissimi
684 2968 885 3031 monumenti
909 2965 1094 3051 exemplum
1118 2970 1324 3051 exposuimus
1349 2969 1383 3032 in

193 3075 380 3159 Mnooospae
403 3069 461 3135 XI.
489 3068 585 3134 1862.
611 3090 685 3155 pag.
712 3069 776 3135 195
800 3091 867 3156 sqq.
892 3070 948 3135 ubi
972 3077 1003 3136 et
1026 3069 1179 3136 nonnulia
1202 3073 1383 3138 emendavi-

191 3202 265 3246 mus
295 3176 431 3249 δαίόντος
463 3176 628 3261 (δηοῦντος)
661 3196 717 3261 pro
750 3175 903 3254 δαίοντος,
936 3173 1072 3252 ἐξείλετο
1107 3178 1170 3253 οἱμέ
1206 3198 1263 3262 pro
1297 3179 1361 3254 οίμέ
1374 3227 1382 3256 ,

192 3286 312 3365 θεαρίας
342 3305 399 3370 pro
430 3283 571 3363 θεωρίας,
605 3281 659 3362 ὑφ’
692 3282 779 3356 ἁμῶν
812 3303 869 3368 pro
900 3283 956 3364 ὑφ’
988 3284 1080 3359 ἡμῶν.
1129 3281 1298 3349 Praeterea
1326 3305 1383 3369 pro

192 3389 262 3454 τοτί
286 3389 345 3454 τδιν
368 3388 476 3466 βωλόν
500 3389 625 3474 requiro
649 3389 768 3452 ποττὰν
792 3387 919 3465 βωλοίν,
946 3390 1035 3452 etin
1058 3385 1120 3452 fine
1143 3383 1222 3458 ότως
1243 3388 1384 3457 έιιιςέων-

193 3518 245 3559 ται
279 3495 304 3558 οἱ
333 3492 489 3566 Ἕλλανες
520 3501 698 3558 ΠΛΝΤΕΟ
722 3501 813 3559 ΤΑΝ
840 3500 898 3557 ΤΕ
921 3492 1089 3558 Ἀθαναίων
1113 3495 1226 3574 οίρετόιν
1250 3495 1301 3560 καί
1324 3495 1384 3560 τδν

194 3599 365 3682 Βυζαντίων
404 3599 595 3682 εὖχαριςίαν.
664 3595 796 3665 Codices
829 3599 947 3671 τιίντες
983 3599 1157 3672 Ἀθηναίων.
1226 3599 1386 3667 Persouus

193 3704 311 3772 παντες
334 3708 368 3771 in
391 3705 450 3770 τόν
473 3730 508 3769 τε
532 3707 688 3771 convertit
710 3705 765 3770 sed
791 3709 926 3790 utroquo
950 3725 1029 3789 opus
1052 3710 1109 3771 est.

240 3914 322 4001 Pag.
355 3910 433 3978 259.
465 3910 520 3977 20.
551 3913 648 3977 είτεῖν
681 3911 762 3995 έχων
793 3913 992 3996 ναυμαχίας,
1023 3910 1143 3988 ἐξόδους
1172 3912 1270 3995 ιτεζόις
1298 3915 1385 4002 [τρα-

197 4019 316 4102 τείας],
342 4010 411 4089 -όος
437 4017 566 4088 αιτιίτας
592 4019 608 4094 ἦ
632 4016 722 4090 πόλις
746 4027 801 4092 τῆς
825 4022 883 4084 τῶν
906 4019 1011 4085 ἄλλων
1034 4021 1189 4096 Ἑλλήνων
1214 4020 1384 4100 ἐλευθερίας

193 4125 245 4191 καί
270 4126 419 4204 σωτηρίας
444 4123 620 4199 πεποίηται.
668 4123 747 4204 Quis
770 4127 871 4191 nesoit
894 4124 1029 4192 ιίττικιτί
1055 4125 1120 4192 (1ὶοί
1143 4124 1243 4192 solere
1273 4125 1383 4203 ἐξιέναι

193 4253 249 4320 pro
284 4229 487 4308 caussaretur
522 4234 554 4294 et
591 4227 687 4305 ἔξοδος
718 4251 775 4315 pro
805 4227 954 4312 τρατείαί
1000 4229 1122 4296 Deinde
1152 4231 1322 4298 haeremus
1351 4235 1386 4297 in

193 4339 347 4429 genitivis
379 4335 551 4415 ἐλευθερίας
582 4337 634 4399 καί
667 4335 827 4417 σωτηρίας.
876 4333 1073 4402 Oorraetores
1107 4343 1229 4403 veteres
1260 4339 1298 4404 de
1329 4360 1386 4406 suo

191 4449 399 4530 reposuerunt
442 4439 554 4526 [ἕνεχ’]
595 4443 744 4518 ἑλληνων,
788 4440 845 4508 ulii
888 4440 1021 4518 ἑλλιίνων
1058 4439 1166 4533 [ἕνεκ’]
1205 4445 1385 4530 ἐλευθερίας.
