3358 5200
893 332 936 401 42

317 527 474 592 ἀναθεῖναι
499 523 679 602 βούλονται.
727 523 891 613 surripuit
912 526 989 592 heee
1010 523 1169 611 Impostor
1192 544 1230 590 ex
1253 544 1327 613 pag.
1353 523 1429 591 103.
1455 521 1511 590 18.

316 631 349 696 πθ
372 634 444 698 ποτ’
469 628 518 698 οὖν
542 630 588 700 ἐς)
612 629 647 696 πθ
673 629 770 697 αθσιον
795 670 808 684 -
829 635 863 698 πὸ
887 631 939 700 πθν
961 632 1019 710 μὲν
1038 629 1115 697 οὕτω
1135 633 1273 713 Φανερῶι
1289 630 1510 719 [ςραπεθονποι]

317 739 486 804 ἀδικοῦνται
511 775 551 786 -
576 736 694 816 μηδένα
718 746 909 804 ΤΟΤΤΩΝ
934 737 1053 804 πώποτ’
1078 739 1174 803 εἰπεῖν
1198 739 1237 809 cic
1256 736 1391 816 πόλεμον
1410 744 1512 814 ποιεῖ,

318 844 388 917 τοὺς
421 845 452 909 δὲ
485 844 528 922 μθι
563 843 736 924 ἐπιτρέπειν
768 883 809 894 -
835 845 1107 938 συμβουλεύοντας
1138 843 1263 916 ποθπους
1293 845 1345 908 πθν
1377 843 1516 922 πόλεμον

318 950 453 1026 ποιήσειν
479 950 658 1022 αθπιῖισθαις
680 950 741 1026 ἐγὼ
762 949 884 1026 διδάξω.
908 949 954 1018 iro
973 953 1028 1027 riv
1046 952 1136 1031 θργθιν
1158 944 1191 1024 ἣν
1212 947 1291 1023 εἰιιθρ
1310 950 1515 1030 ἐπιγενέσθαι

320 1058 394 1138 παρ’
420 1057 521 1135 ὑμῶν,
544 1053 583 1121 ἄν
606 1080 636 1121 τι
661 1060 799 1133 λυπῆσθε
822 1059 864 1140 σῷ
889 1057 1034 1140 πολέμῳ,
1059 1059 1102 1132 εἷς
1123 1057 1194 1129 τοὺς
1214 1057 1287 1138 ὑπὲρ
1307 1059 1389 1138 ὑμῶν
1409 1057 1517 1136 λέγον-

317 1188 379 1236 τας
405 1162 449 1228 σοὶ
472 1162 613 1241 βέλπιςα
635 1163 749 1242 τρέψαι
770 1162 950 1243 βοθλονποιι.
987 1163 1037 1230 Ex
1054 1164 1106 1228 his
1123 1165 1226 1251 igitur
1243 1162 1302 1229 ills
1319 1163 1518 1230 emendanda

319 1268 606 1353 seribendumque:
637 1268 733 1342 οὐδεὶς
765 1270 888 1336 πώποτε
912 1277 1100 1335 ΤΟΤΤΩΝ
1125 1289 1182 1353 pro
1204 1273 1328 1345 τοῦτον,
1353 1269 1412 1334 ubi
1435 1265 1516 1335 οὗτοι

318 1375 358 1442 de
383 1395 473 1441 more
498 1374 587 1455 (vide
609 1373 649 1440 sd
672 1395 746 1462 pag.
773 1373 827 1442 35.
852 1375 920 1463 27.)
944 1375 1168 1442 Demosthenis
1192 1374 1364 1442 adversarii
1386 1380 1462 1440 sunt
1485 1380 1521 1440 et

318 1482 453 1546 inimici.
502 1479 567 1546 Ubi
591 1481 691 1546 semel
713 1482 827 1548 τούτων
850 1488 1015 1568 repertum
1039 1487 1087 1546 est
1110 1478 1249 1551 ἅπαντες
1268 1483 1303 1546 in
1322 1501 1386 1566 sqq.
1406 1479 1519 1546 iocum

320 1588 405 1652 tueri
428 1605 491 1650 non
515 1591 619 1671 potest
642 1591 675 1652 et
697 1593 828 1674 apparet
848 1590 1025 1654 rectissime
1048 1589 1083 1651 in
1101 1585 1125 1652 S
1145 1589 1264 1653 omitti.
1298 1585 1370 1652 Non
1390 1591 1517 1671 poteret

320 1691 455 1769 sciolus,
480 1712 580 1777 quum
599 1713 662 1758 non
682 1694 806 1760 rideret
825 1695 864 1760 de
884 1696 1001 1780 quibus
1020 1693 1149 1759 tandem
1170 1695 1225 1767 rio
1237 1693 1343 1758 αἰτίαν
1355 1693 1515 1756 ἀναθεῖναι

321 1798 488 1876 βούλονται
535 1797 710 1877 diceretur,
752 1803 859 1887 magis
898 1803 1120 1886 importunum
1152 1797 1347 1864 vocabulum
1378 1799 1517 1862 inserere

320 1923 418 1989 quem
452 1901 617 1982 ἅπαντες,
651 1926 751 1990 quum
773 1908 922 1972 continuo
947 1910 1113 1991 sequatur:
1139 1907 1285 1984 ἡγοῦνται
1309 1904 1373 1984 γὰρ
1396 1902 1434 1968 θον
1457 1905 1516 1982 μὲν

323 2011 412 2087 ὑμεῖς
437 2010 629 2088 ὁμοθυμαδὸν
658 2009 705 2098 [ἐκ
729 2015 805 2088 μιοῖς
829 2011 970 2096 γνώμης]
996 2012 1149 2076 Φθλιππον
1173 2009 1350 2088 ἀμύνησθε,
1374 2009 1516 2074 ιιοὶιιεθνου

321 2115 484 2195 κρατήσειν
509 2118 592 2194 ὑμᾶς
616 2116 669 2182 καὶ
694 2117 798 2190 αὐτοῖς
822 2116 925 2184 οὐκέτ’
948 2115 1068 2182 ἔσεσθαι
1088 2120 1280 2198 μισθαρνεῖν,
1302 2137 1382 2202 quae
1402 2116 1441 2181 de
1461 2135 1517 2202 pa·

323 2224 404 2316 trine
426 2223 641 2308 proditoribus
665 2223 729 2289 diei
753 2227 899 2309 apertum
923 2227 980 2288 est.

366 2327 479 2394 Restat
510 2329 665 2394 mendum
695 2331 730 2393 in
761 2328 867 2394 verbis
889 2335 953 2401 ποθι
978 2327 1052 2408 ὑπὲρ
1077 2328 1159 2406 ὑμῶν
1183 2328 1225 2394 τὰ
1249 2325 1385 2406 βέλπιςοι
1408 2325 1514 2406 λέγειν

323 2433 514 2513 ΟΙΟμθνοις.
563 2433 641 2515 Quis
665 2436 752 2500 enim
775 2433 828 2500 hie
851 2435 948 2500 verbo
971 2433 1116 2516 ορθιιοιιθθ
1138 2431 1251 2497 οἴεσθαι
1273 2432 1362 2499 loeus
1386 2429 1454 2498 esti
1476 2431 1516 2497 In

321 2538 390 2607 loeo
414 2541 554 2627 genuino
577 2544 642 2606 est:
668 2541 711 2611 εἰς
736 2539 805 2610 τοὺς
827 2539 899 2618 ὑπὲρ
921 2539 1002 2617 ὑμῶν
1021 2539 1172 2617 λέγοντας
1191 2539 1233 2604 σοὶ
1250 2538 1388 2616 βέλπιςοι
1400 2538 1515 2619 τρέψαι

322 2643 500 2724 βούλονται.
547 2643 706 2731 impostor
745 2648 936 2711 sententiam
972 2644 1104 2710 eandem
1133 2644 1205 2710 eliis
1235 2645 1342 2712 verbis
1369 2647 1514 2713 vestivit.

323 2749 407 2830 Quid
453 2750 535 2816 latet
578 2753 683 2837 igitur
727 2753 763 2816 in
808 2749 943 2829 styetrt
995 2748 1192 2828 ΟΙΟμένοιςθ
1235 2748 1336 2818 Credo
1377 2751 1515 2830 λθμΕΙΝ

204 2881 206 2884 ·
327 2856 838 2935 eie1cMeNoic,utelibiot
862 2856 967 2936 λέγειν
992 2853 1126 2928 εἱυθθπες
1150 2859 1275 2942 saepius
1296 2855 1427 2944 legitur.

369 3068 469 3155 Saepe
500 3070 625 3136 videbis
647 3071 682 3134 in
705 3069 900 3136 orationibus
923 3070 1039 3153 spuriis
1063 3072 1095 3134 et
1116 3069 1150 3132 in
1173 3067 1252 3133 loeis
1275 3069 1314 3134 eb
1339 3071 1514 3154 impostore

324 3195 362 3240 ex
393 3173 607 3241 Demosthene
639 3175 804 3260 descriptis
834 3176 938 3258 ipsam
970 3172 1110 3242 Oratoris
1132 3193 1266 3238 menum
1289 3172 1426 3240 fideliter
1448 3196 1516 3241 esse

324 3286 502 3359 serratam,
534 3301 636 3365 quum
658 3283 693 3346 in
715 3283 855 3347 oratione
878 3282 1018 3368 genuina
1039 3279 1147 3344 labem
1171 3278 1312 3364 aliquem
1337 3286 1369 3346 et
1392 3283 1514 3346 vitium

324 3389 525 3472 concepisset.
582 3386 718 3474 Legitur
749 3389 784 3451 in
816 3388 955 3452 oratione
986 3383 1052 3466 περὶ
1084 3391 1143 3449 πῶν
1175 3386 1206 3450 ἐν
1238 3386 1407 3467 Χερρονήσῳ
1437 3407 1513 3474 pag.

325 3491 403 3558 105.
436 3490 466 3558 9.
501 3492 740 3573 καρπωσάμενοί
767 3516 837 3558 τινα
861 3489 964 3562 ἕκαςοι
988 3493 1103 3557 τοθπιιν
1127 3492 1307 3572 πλεονεξίαν
1330 3495 1355 3559 οἱ
1379 3495 1435 3572 μὲν
1459 3492 1514 3570 ἤδη

325 3597 512 3663 πεπόνθασιν
534 3595 556 3662 ἃ
581 3598 617 3673 δὴ
640 3597 758 3670 παντες
782 3596 902 3674 θσασιν,
926 3598 951 3663 οἱ
976 3596 1002 3661 θ’
1025 3593 1043 3662 θ
1063 3621 1093 3662 πι
1118 3595 1156 3663 ἄν
1175 3621 1251 3665 ποτε
1270 3600 1378 3684 συμβῇ
1398 3598 1515 3664 πεθσον-

324 3727 388 3770 παι.
433 3706 580 3790 Arripuit
610 3704 688 3770 haee
711 3707 866 3790 impostor
887 3707 944 3789 qui
966 3704 1168 3788 Ρθθθῄρρὶοαια
1188 3713 1326 3791 quartam
1348 3706 1514 3785 conflarit,

324 3812 417 3876 euius
436 3810 628 3875 consuetudo
649 3815 696 3875 est
714 3808 890 3895 praeclaros
909 3811 1011 3894 ipsius
1021 3808 1247 3876 Demosthenis
1257 3811 1343 3879 locos
1354 3811 1518 3890 αὐτολεξεθ

324 3918 359 3980 in
378 3936 447 3982 rem
468 3935 560 3980 susm
579 3919 777 3993 convertere,
798 3936 899 4000 quum
920 3918 1036 3982 caeteri
1056 3916 1142 3982 sures
1159 3915 1383 3984 Demosthenis
1395 3923 1517 3984 senten-

325 4024 407 4087 tiam
430 4021 503 4086 eliis
527 4025 621 4106 etque
644 4019 717 4086 eliis
739 4020 846 4087 verbis
870 4023 987 4088 vestire
1006 4021 1129 4088 soleant
1148 4044 1210 4108 quo
1228 4026 1338 4090 minus
1357 4045 1414 4090 sus
1432 4023 1518 4090 furto

325 4132 462 4213 pateant.
511 4125 646 4213 Legitur
681 4131 790 4192 eutem
824 4128 859 4192 in
892 4129 1066 4212 Ptilppim
1098 4136 1207 4215 quarta
1241 4150 1314 4218 pag.
1354 4128 1429 4195 148.
1461 4129 1516 4195 22.

325 4229 563 4312 καρπωσάμενοί
586 4255 654 4296 τινα
674 4228 778 4302 ἕκαςοι
798 4234 912 4299 πούπιον
932 4235 1111 4312 πλεονεξίαν
1132 4236 1157 4299 οἷ
1178 4237 1235 4312 μὲν
1257 4235 1311 4313 ἤδη
1331 4235 1517 4301 πεπόνθασιν

327 4329 349 4404 oi
381 4339 416 4414 tt
451 4335 565 4410 παντες
598 4337 721 4416 ἴσασιν,
753 4339 779 4404 οἱ
809 4337 838 4404 θ’
870 4335 889 4404 θ’
909 4363 938 4404 πι
963 4340 1001 4405 to
1024 4364 1100 4406 ποτε
1124 4339 1233 4422 συμβῇ
1257 4343 1426 4406 πεθσονπαι.
1474 4341 1519 4406 At

326 4443 427 4525 nihil,
452 4444 568 4510 dixerit
591 4446 724 4529 aliquis,
749 4443 826 4511 haee
850 4445 889 4512 eb
912 4445 980 4513 iliis
998 4447 1164 4514 differunt:
1185 4451 1260 4513 sunt
1279 4447 1390 4516 eedem
1409 4447 1518 4512 omnis
