3208 5158
647 369 709 442 101

91 561 129 641 τῷ
156 559 279 643 ξιφιδίῳ
308 562 435 640 ΙἘνιειιιε
455 561 508 628 καὶ
533 562 665 628 ἀνεῖλεν.
712 559 900 648 Legendum
925 560 1070 642 ΔΙθπειρε
1093 563 1278 629 transversa

89 669 178 738 rosit.
205 671 268 734 nisi
288 668 368 733 forte
386 668 429 748 τῷ
447 667 549 749 ξίφει
570 664 716 744 ultraue
736 664 851 733 Strabo
869 670 1054 754 scripserat.
1075 668 1130 734 sed
1148 671 1277 736 omnino

90 775 180 840 verbo
212 775 387 859 composito
416 795 494 860 opus
524 783 582 840 ast.
628 771 774 858 Simplex
807 773 897 853 πείρα
932 773 1142 843 Homericum
1173 783 1222 841 ost
1245 781 1278 844 st

91 900 193 946 sorum
218 883 276 965 qui
297 879 505 946 Homericam
527 879 675 968 linguam
697 881 874 946 imitantur.

131 1089 209 1177 Pag.
241 1087 319 1155 609.
351 1087 586 1171 ἀναγκάζεσθαι
619 1087 722 1168 μέντοι
753 1087 927 1154 τὰπολλὰ
952 1086 1063 1156 εἶκθτΑ
1087 1100 1204 1169 λεγειν
1226 1091 1277 1160 διὰ

91 1197 198 1270 πλῆθος
230 1201 291 1260 τῶν
322 1194 490 1274 αμαρτιῶν.
537 1195 614 1284 Lag.
648 1193 691 1260 rol
724 1193 830 1258 πολλὰ
865 1195 1127 1276 εἰκοτΟΛΟνεῑν,
1162 1197 1196 1262 id
1231 1204 1280 1265 est

92 1301 212 1365 θοσετίαο
242 1299 427 1364 coniecturas
456 1305 540 1387 sequi
568 1302 603 1366 in
634 1319 671 1365 ea
702 1320 736 1365 re
766 1319 847 1384 quae
869 1309 955 1368 certo
978 1303 1052 1368 soiri
1073 1323 1137 1369 non
1160 1306 1260 1391 possit
1267 1324 1277 1384 3

92 1427 221 1491 namque
251 1404 358 1470 εῐκθτα
381 1405 485 1484 λέγειν
509 1411 557 1472 est
580 1408 688 1492 potius
705 1407 874 1490 probabilia
896 1408 1016 1473 ιθὶοινο..
1063 1410 1279 1488 Εἷκοτολογεῑν

94 1535 125 1580 eo
155 1533 248 1578 sensu
280 1515 399 1597 passim
430 1511 552 1601 legitur
581 1516 614 1578 et
637 1511 721 1597 apud
744 1511 824 1578 alios
847 1517 880 1578 et
903 1513 987 1598 apud
1011 1511 1218 1594 Strabonem,
1241 1521 1279 1582 ut

94 1640 159 1708 pag.
180 1617 257 1684 620.
283 1620 565 1697 εθκοσολογεῑν
588 1618 615 1682 δ’
633 1618 678 1684 ἔσθ
701 1617 759 1683 κᾶν
776 1616 805 1684 εἴ
822 1640 868 1691 τις
889 1621 942 1683 τὸν
960 1621 1075 1699 θαριβιῐ
1090 1621 1180 1704 ζντιῒ
1194 1621 1279 1689 κατὰ

93 1724 140 1788 τὸν
160 1725 289 1799 ποιητὴν
311 1719 372 1806 θρον
396 1723 492 1806 μέχρι
516 1726 595 1797 τθνοο
618 1726 644 1790 σθ
668 1727 792 1796 Κίλικες
817 1723 974 1804 διὲτεινον,
1000 1728 1076 1811 quia
1096 1728 1130 1794 id
1147 1729 1279 1815 reperiri

94 1833 203 1916 nequit.

133 2039 210 2130 Peg.
245 2037 324 2105 613.
356 2039 430 2121 παρ’
463 2039 606 2105 Λθολεῦσι
639 2037 671 2104 δὲ
699 2045 762 2109 τοῖς
792 2038 823 2101 ἐν
846 2038 941 2122 ’Acta
964 2039 1035 2117 μείς
1060 2064 1106 2113 τις
1131 2051 1277 2110 καλεῖται

95 2147 275 2228 Πορνοπίενν,
305 2144 380 2212 οὕτω
412 2146 482 2216 τοὺς
514 2143 673 2224 πάρνοπας
706 2144 879 2210 καλούντων
914 2151 1066 2225 Βοιωτῶν,
1099 2147 1152 2212 καὶ
1189 2147 1278 2216 θυσθα

97 2259 285 2318 συντελεῖται
315 2253 529 2330 ΠορνοπιὩΝΙ
559 2249 744 2316 Ἀπόλλωνα
777 2247 872 2316 (loris
903 2249 1050 2340 analogia
1079 2253 1221 2339 postulat
1243 2259 1281 2321 ut

97 2360 257 2432 Πορνοπιών
300 2359 473 2435 scribatur,
514 2363 552 2422 ut
593 2359 701 2424 omnia
733 2359 894 2421 mensium
929 2359 1059 2423 nomina
1092 2361 1127 2423 in
1162 2395 1182 2409 ·
1196 2369 1280 2426 ΙΩΝ

97 2470 236 2532 exeuntia
271 2462 439 2538 θξθνινται.
493 2463 640 2528 Postulat
674 2463 786 2529 eadem
821 2461 969 2550 analogia
1002 2469 1040 2529 ut
1072 2464 1188 2551 Apollo
1218 2487 1281 2534 non

97 2573 257 2648 Πορνιτίαν
288 2570 343 2636 sed
374 2566 560 2647 Περνθπιοο
587 2569 719 2635 dicatur.
767 2567 878 2653 Itaque
899 2567 1071 2656 legendum
1097 2572 1280 2648 ΠορνιπθΩΙ

97 2676 274 2741 Ἀπόλλωνα
322 2674 451 2760 Peperit
481 2694 618 2740 errorem
641 2676 783 2740 vicinum
808 2675 985 2752 Περνσπιθν.
1032 2675 1200 2744 Praeterea
1221 2679 1281 2744 mi·

98 2779 212 2848 rifioum
236 2787 288 2848 est
310 2783 344 2846 in
364 2779 527 2847 Strabonis
547 2782 653 2847 verbis
670 2781 740 2861 μεθς
760 2803 807 2854 τις
827 2800 884 2865 pro
907 2781 968 2858 μήν
991 2805 1048 2854 τις.

136 2990 313 3058 Barbarum
336 2996 385 3058 est
407 2991 491 3077 quod
513 2990 635 3078 legitur
656 3010 730 3078 pag.
755 2990 832 3057 622.
858 2993 888 3056 ἒν
911 3000 975 3063 τοῖς
995 2990 1120 3071 ὄμβροις
1145 2993 1201 3058 ὑπὸ
1219 2992 1279 3067 vair

99 3099 166 3168 τιθς
198 3095 457 3162 irretierint.
504 3095 604 3162 Nullo
634 3097 730 3162 modo
765 3119 805 3163 ex
838 3098 979 3163 ὑπελθεῖν
1014 3098 1145 3164 formari
1178 3103 1282 3184 potest

100 3201 281 3268 ὐτελθετθεν.
328 3201 441 3268 Strabo
463 3204 599 3268 minime
622 3204 655 3266 in
679 3201 805 3267 dicendi
827 3224 889 3268 usu
909 3211 957 3270 eet
976 3206 1131 3270 vitiorum
1152 3226 1281 3290 expers,

100 3327 183 3394 saepe
214 3309 398 3395 aequalium
427 3310 583 3383 συνήθειαν
614 3311 821 3393 quantumvis
852 3313 1003 3375 vitiosam
1027 3331 1157 3377 securus
1180 3313 1282 3396 sequi·

100 3419 164 3491 tur.
182 3423 219 3482 ut
239 3419 274 3481 in
294 3415 367 3480 aliis
386 3414 605 3488 ostendemus,
627 3412 682 3478 sed
702 3434 802 3499 neque
820 3418 887 3501 ipse
904 3437 1005 3501 neque
1017 3415 1099 3482 alius
1111 3418 1281 3501 quisquam

101 3519 226 3587 ε’λθετέον
251 3531 309 3588 aut
333 3518 512 3586 ὑπελθετέσν
535 3520 738 3585 sustinuisset
763 3520 866 3586 dicero
888 3541 946 3607 pro
969 3521 1046 3587 iriae
1070 3529 1103 3589 st
1126 3524 1258 3588 ὑπιτὲιν.

140 3728 273 3798 Sinam.
304 3752 378 3820 pag.
408 3729 485 3796 623.
509 3727 687 3794 σκώπτεται
709 3729 741 3795 δὲ
764 3729 817 3794 καθ
843 3730 856 3794 θ
877 3733 1012 3808 Ἔφορος
1036 3730 1110 3795 διθτι
1135 3739 1191 3808 τῆς
1217 3755 1281 3798 πα-

101 3834 189 3910 τριδος
218 3835 295 3918 ἔργα
326 3841 379 3903 οὐκ
409 3835 490 3919 ἔχων
514 3835 643 3916 Φριέζειν
666 3837 696 3901 ἓν
719 3845 758 3916 τῇ
783 3835 971 3914 διαριθμήσει
995 3843 1053 3902 τῶν
1076 3836 1182 3903 ἄλλων
1204 3839 1283 3918 ποθ·

102 3937 168 4016 Erus
201 3945 233 4008 οὗ
269 3945 330 4021 μὴν
364 3943 424 4009 οὐδ’
455 3941 532 4008 *AN
567 3942 796 4018 θαννμθνευτσν
826 3945 923 4017 αὐτὴν
954 3939 1032 4007 εἶναι
1064 3945 1156 4009 θέλων
1188 3944 1283 4019 οὕτως

104 4045 257 4116 intonsi·
285 4049 392 4128 „sard
415 4050 446 4114 δὲ
470 4049 521 4113 τθν
544 4049 637 4113 αὑτὸν
659 4052 761 4127 καιρθν
784 4057 917 4124 Κυμαῖοι
942 4049 1001 4120 τθις
1022 4051 1158 4129 ἡσυχίας
1180 4046 1283 4128 lyon?

104 4149 239 4222 Editorea
261 4157 336 4222 ”AN
362 4154 564 4231 deleverunt,
589 4157 737 4241 pessime.
785 4155 863 4221 Erat
887 4157 973 4220 enim
995 4157 1029 4219 in
1051 4163 1159 4222 vetera
1182 4157 1281 4224 libro:

106 4265 272 4327 ΟΤΔΕΛΝ
305 4262 552 4336 ἆμνημθνευτιν.
585 4263 694 4346 itaque
728 4259 902 4348 legendum
938 4259 1000 4326 οὐδ’
1036 4262 1105 4326 lois
1141 4263 1281 4342 ἆμνκμθ·

104 4385 195 4429 νεοτσν
215 4369 311 4443 αὐτὴν
331 4367 440 4441 θέλων.
465 4373 621 4452 expuncto
644 4363 741 4443 εἶναι,
766 4366 850 4452 quod
875 4366 914 4433 de
937 4386 994 4433 suo
1018 4366 1142 4434 addidit
1165 4369 1283 4460 aliquis

104 4477 262 4559 postquam
283 4481 459 4540 orneAN
484 4476 518 4540 in
541 4473 602 4539 οὐδ’
624 4471 663 4538 sis
687 4471 895 4560 depravatum
921 4477 980 4540 est.
