3358 5200
784 387 826 458 61

246 579 331 669 Peg.
365 575 440 646 167.
472 579 527 646 21.
559 575 596 646 ἰν·
620 580 767 660 εὐπορῆτε
790 577 843 645 καί
866 577 909 644 τά
933 576 1040 646 δέοντα
1064 587 1184 656 ποιῆτε.
1231 581 1400 669 Spernitur

189 690 328 773 optima
357 692 390 752 et
418 689 586 754 verimima
616 687 790 771 scriptura,
821 705 919 771 qnam
950 685 1047 752 habet
1068 685 1092 752 S
1114 690 1149 754 in
1171 690 1337 776 margine:
1362 685 1399 753 ἵν’

195 790 294 870 ἅμα
318 795 347 857 τ’
371 795 517 875 εὐπορῆτε
541 793 609 859 ari.

248 1005 332 1092 Peg.
366 1003 439 1072 168.
471 1004 502 1070 6.
537 1004 643 1070 πολλά
669 1011 728 1071 τῶν
751 1001 949 1084 πραγμάτων
972 1005 1028 1080 τίιν
1054 1005 1204 1088 ὑμετέραν
1227 1009 1316 1073 ποίεί
1337 1031 1398 1072 οια-

193 1111 327 1192 ρουσίαν
359 1111 410 1176 καί
443 1109 516 1176 άνευ
538 1114 592 1176 τοῦ
617 1111 688 1191 πρὸς
713 1109 782 1183 τοὺς
807 1110 932 1184 οἰκείους
956 1111 1118 1190 πολέμΟΤ
1143 1113 1239 1198 οἰκείρο
1259 1114 1396 1195 χρῆσθαι

194 1215 335 1294 δυνάμει
368 1216 566 1299 συμφίρΕΙΝ
602 1215 673 1298 (alii
707 1222 740 1282 et
774 1212 797 1280 S
828 1223 986 1282 correctus
1020 1219 1202 1300 συμφὲρΕΙ)
1237 1219 1289 1283 καί
1322 1219 1396 1299 πρὸς

195 1315 319 1388 τᾶλλα
341 1321 520 1403 πράγματα
543 1320 717 1400 άναγκοοίίν
741 1322 812 1390 ἰςιν.
859 1320 1004 1387 Diodori.
1028 1323 1067 1388 de
1090 1321 1197 1390 Wolfii
1217 1326 1399 1390 coniectura

195 1428 375 1494 substituit
403 1428 588 1507 πολέμοτί
615 1432 647 1493 et
678 1429 768 1512 qnasi
799 1446 883 1491 nuno
913 1428 1022 1493 omnia
1045 1435 1149 1494 essent
1172 1427 1244 1496 luce
1265 1430 1398 1498 elatiora

195 1554 303 1600 nemo
325 1533 364 1599 de
385 1535 643 1620 interpretatione
666 1532 729 1598 loci
750 1531 887 1598 verbum
909 1553 1011 1597 unum
1031 1532 1118 1600 feeit.
1151 1535 1302 1602 Primum
1321 1538 1397 1602 sori·

196 1641 322 1706 barum
353 1659 489 1706 errorem
521 1638 755 1715 animadverte,
787 1639 844 1722 qui
875 1637 974 1704 stulte
1002 1637 1076 1705 άνευ
1108 1645 1162 1706 τοῦ
1186 1675 1207 1690 -
1232 1640 1395 1721 πολίμΟΤ

196 1747 435 1811 coniunxerunt
455 1764 512 1831 pro
534 1743 608 1809 άιευ
632 1747 686 1808 τοῦ
711 1779 731 1792 -
744 1740 922 1825 συμφέρειν.
963 1742 1087 1812 Deinde
1107 1767 1210 1813 errare
1228 1753 1397 1836 pergentes

195 1849 372 1932 συμφέρει
404 1853 432 1916 si
461 1850 566 1916 Musis
595 1849 700 1936 placet
727 1853 940 1914 correxerunt.
988 1849 1099 1937 Itaque
1122 1873 1206 1920 nune
1230 1853 1301 1934 πρὸς
1325 1854 1395 1928 τοὺς

195 1958 329 2024 οἰκείους
365 1956 554 2033 ποιέμοτο
590 1954 721 2044 legitur.
766 1953 854 2020 Scire
884 1954 984 2020 velim
1013 1958 1100 2042 qnod
1128 1961 1172 2023 sit
1202 1959 1263 2026 hoo
1294 1981 1396 2047 genus

193 2061 284 2130 belli
306 2064 331 2128 οἰ
354 2065 452 2129 οἰκεῖοι
476 2061 624 2140 πόλεμοι,
643 2063 677 2125 in
695 2060 813 2146 quibua
823 2060 951 2144 proprio
970 2060 1076 2128 milite
1097 2062 1394 2154 (nonoonduotioio)

193 2190 254 2235 ree
276 2170 320 2233 sit
342 2169 487 2256 gerenda
535 2168 608 2234 Non
632 2167 744 2232 dubito
768 2165 871 2232 dicere
895 2167 980 2251 qnod
1002 2169 1104 2235 sentio
1122 2168 1204 2235 hano
1222 2170 1395 2237 lectionem

195 2295 271 2342 esse
303 2275 395 2361 plene
426 2275 614 2341 absurdam:
647 2274 689 2336 ad
717 2272 796 2336 teto
816 2271 946 2355 proprio
968 2273 1096 2357 proprio
1124 2274 1222 2340 milite
1243 2277 1393 2342 ιιοοιιοίυιιι.

193 2380 413 2466 Opponuntur
430 2383 514 2446 inter
533 2401 566 2446 se
586 2381 692 2450 οἰκεῖον
712 2385 745 2443 et
765 2377 943 2457 ιίλοιίτριοι,
960 2378 1168 2452 ιιίίιιοίκείος
1181 2381 1394 2462 οἰάλιοτρίος

192 2485 299 2568 ἔχειν.
345 2483 511 2552 Contraria
541 2490 616 2551 sunt
647 2485 752 2556 οἰκείος
785 2487 818 2548 ei
846 2481 977 2560 ξενικάς,
1008 2488 1047 2547 ut
1077 2485 1173 2569 οἰκεία
1206 2483 1333 2564 δυνάμει
1359 2492 1392 2552 ei

191 2593 304 2675 ξενικρῑ
334 2593 478 2674 χρῆσθαι.
525 2590 621 2657 Venit
651 2589 735 2654 mihi
766 2587 806 2653 ed
835 2589 914 2654 haee
937 2590 971 2652 in
994 2594 1138 2655 mentem
1160 2589 1284 2676 lepidae
1308 2593 1393 2679 apud

191 2697 412 2764 Plutarchum
440 2696 641 2762 historiolae:
673 2692 872 2782 gloriabatur
902 2692 1019 2780 aliquis
1049 2715 1082 2760 ee
1112 2715 1168 2781 per
1200 2695 1284 2762 soloe
1310 2695 1393 2764 lilios

193 2825 274 2871 snos
304 2803 502 2892 tragoediam
533 2803 644 2868 docere
673 2818 780 2886 posse:
812 2798 928 2865 habere
951 2800 1038 2864 enim
1061 2821 1095 2865 se
1119 2799 1223 2866 lilium
1246 2807 1390 2888 politam,

193 2911 306 2978 lilium
336 2911 542 2987 histrionem,
567 2907 672 2974 lilium
695 2907 875 2983 musicum,
901 2903 1006 2970 lilium
1029 2925 1194 2972 scenarum
1218 2910 1390 2993 pictorem:

193 3021 264 3097 ἔχει
297 3017 380 3101 γάρ,
411 3019 533 3102 inquit,
565 3014 692 3088 ποικτίιν
721 3013 826 3077 οἰκεῖον
851 3010 903 3074 καί
929 3013 1090 3090 ὑποκριτὴν
1113 3013 1218 3077 οἰκεῖον
1242 3013 1295 3078 καί
1319 3038 1390 3093 μου·

191 3125 283 3190 reaia
315 3125 420 3189 οἰκεῖον
452 3122 505 3186 καί
537 3117 750 3200 σκηνογράφον
783 3118 900 3183 οἰκεῖον.
949 3111 1011 3182 Oui
1042 3117 1147 3183 ridens
1170 3118 1304 3204 aliquis:
1330 3121 1392 3194 ἐνὸς

195 3233 247 3297 ίπι
277 3230 368 3309 μάνου
399 3251 444 3294 σοι
469 3227 606 3308 προσδεῖ,
631 3227 746 3310 inquit.
772 3259 815 3273 ·-
839 3225 917 3294 τίνος
943 3218 1009 3299 odae
1035 3222 1202 3303 ίεάτρου
1227 3226 1391 3292 οἰκείου.

194 3335 293 3403 Nihil
324 3339 369 3401 sio
399 3331 583 3421 proficimus
606 3332 646 3398 ad
669 3328 918 3416 intelligendum
941 3331 998 3414 qui
1020 3328 1149 3394 tandem
1173 3331 1238 3396 sint
1261 3331 1392 3409 πόλεμοι

193 3445 310 3508 οἰκεῖοι.
358 3441 425 3508 Neo
454 3441 593 3516 mirum,
625 3457 700 3503 nam
727 3454 906 3520 numquam
929 3435 964 3499 in
986 3455 1094 3499 rerum
1115 3439 1229 3500 natura
1251 3436 1391 3504 fuerunt.

194 3547 367 3616 Sententia
396 3546 486 3612 affert
514 3545 637 3611 lnoem:
671 3540 873 3636 vocabulum
886 3560 989 3605 unum
1012 3542 1196 3627 importuna
1218 3546 1392 3628 repetitum

194 3657 257 3720 hee
292 3654 403 3719 turbas
436 3651 534 3718 dedit.
581 3649 686 3738 Lege:
722 3645 796 3712 άνευ
826 3651 880 3711 τοῦ
912 3647 985 3728 πρὸς
1015 3645 1086 3717 τοὺς
1118 3646 1272 3725 πολέμους
1297 3649 1393 3733 οἰκείμ

194 3761 332 3842 χρῆσθαι
366 3757 495 3836 δυνάμει
519 3757 687 3838 συμφέρειν
710 3754 763 3820 καί
787 3755 859 3833 πρὸς
882 3747 992 3819 τάλλα
1017 3751 1197 3833 πράγματα
1218 3755 1393 3833 άνοογκαίίν

194 3869 273 3936 esav.
297 3864 508 3953 Opponuntur
526 3865 610 3928 inter
630 3883 663 3928 se
682 3862 707 3927 οἰ
725 3859 855 3937 τίκεμοι
875 3864 907 3926 et
926 3853 1035 3928 σάλλα
1054 3857 1393 3945 τράγματκεροοοοίοτ-

193 3995 285 4060 qaum
320 3972 400 4057 qaod
432 3976 474 4034 eat
508 3991 524 4032 e
552 3991 612 4052 rep.
650 3967 809 4032 coercitam
841 3989 877 4030 ea
906 3965 1020 4030 οἰοίίιιο
1050 3973 1228 4032 comantem
1251 3969 1294 4032 od
1314 3968 1394 4032 dello

190 4080 328 4162 gerendo
346 4077 469 4153 άαίστσ,
490 4074 579 4138 etiam
598 4074 641 4136 od
656 4073 775 4158 τοίἰρυο
793 4071 911 4153 κοροοίο
923 4071 1050 4155 publica
1069 4073 1265 4138 κσοσιοατίιιοι
1284 4074 1320 4138 id
1339 4081 1392 4139 eet.

190 4183 293 4252 Nune
318 4181 449 4268 demum
473 4181 580 4245 omnia
602 4177 696 4264 plana
718 4183 795 4244 eunt
817 4182 850 4242 et
872 4181 990 4263 aperta.

187 4471 198 4493 Ω
247 4393 399 4480 Sequitur
421 4393 447 4458 εἰ
471 4391 613 4471 μὲνγὰρ
637 4391 772 4473 ἡσυχίαν
796 4390 881 4471 ἔχειν
905 4389 977 4468 ὑμῖν
999 4387 1125 4468 άπὲχριρ
1149 4389 1202 4456 καί
1222 4390 1318 4470 μηδὲν
1334 4399 1391 4457 τῶν

199 4505 378 4573 saansaan
402 4497 657 4580 περιεργάζεσθαι
688 4493 780 4586 [ὅπως
806 4496 890 4582 ἔχει]
916 4496 1012 4571 άλλος
1037 4494 1075 4562 άν
1095 4491 1128 4571 ἦν
1148 4493 1251 4574 λόγος.
1278 4497 1393 4564 Nescio
