3392 5186
737 411 803 483 887

174 604 321 690 agimus,
346 599 496 680 έφέσσαι,
521 600 673 681 ἐφεσσαι,
705 601 881 682 ἐφέσσατο,
906 601 1110 680 ἐφέσσεσθαι,
1135 599 1364 683 ἐφεσσάμενος,

174 713 208 773 et
231 710 265 772 in
295 706 468 773 indicativo
494 717 604 785 elce,
629 708 690 773 άνά
715 709 745 774 δέ
762 701 897 772 -εέσεν
920 705 1024 786 sper,
1048 705 1118 772 καί
1138 708 1166 774 δ’
1186 703 1243 773 εέσ’
1262 709 1292 772 ἐν
1312 708 1365 770 ta-

174 811 280 894 λάμῳ.
327 811 375 878 De
398 811 597 900 significandi
628 817 801 900 potestate,
826 835 906 899 quae
929 816 963 878 in
986 813 1037 877 hie
1060 813 1209 879 omnibus
1232 819 1280 880 est
1302 834 1367 878 nna

175 925 210 986 et
233 920 362 996 eadem,
392 917 483 984 nulla
505 925 611 1006 potest
637 939 704 986 esse
727 919 896 984 dubitatio.
942 919 1073 1005 Proprie
1096 919 1215 986 dicitur
1236 917 1366 998 γούνασι

175 1032 264 1092 τοῖσιν
296 1023 527 1106 ἐφεσσάμενος,
561 1025 764 1108 ἐφέσσεσύαι,
788 1027 961 1112 improprie
984 1024 1150 1098 άνέσαντες
1174 1027 1217 1097 είς
1242 1024 1364 1107 δίφρον,

176 1132 220 1203 εἷς
244 1137 366 1216 πλοῖον,
390 1132 433 1202 είς
455 1129 624 1210 άσάμινύον
646 1136 679 1198 et
702 1133 775 1198 aim.
823 1129 976 1197 Sermone
1006 1129 1153 1217 populari
1175 1131 1293 1198 dixeris
1312 1131 1368 1208 ἐμ-

174 1236 317 1316 βιβάσαι
347 1236 401 1303 vel
431 1237 632 1316 ἀναβιβάσαι
662 1237 716 1304 vel
745 1238 870 1302 ἐνύεῖναι
893 1235 947 1303 vel
969 1237 1138 1302 άναύεῑναι.
1184 1234 1252 1303 Iam
1276 1235 1368 1303 credo

175 1342 234 1410 lux
257 1341 399 1430 affulget.
434 1342 507 1409 Non
531 1345 666 1410 debebat
686 1342 890 1409 Aristarchus
910 1345 1100 1430 coniungere
1122 1341 1269 1422 άνέσαιμι
1288 1343 1368 1422 ἐμοι·

178 1449 284 1528 θῆναι,
308 1448 364 1513 sed
386 1448 429 1521 είς
453 1449 539 1524 εύνύιν
561 1448 707 1527 άνέσαιμι
719 1498 728 1527 ,
753 1453 792 1514 nt
813 1449 856 1522 είς
881 1446 985 1531 δίφρον
1008 1445 1194 1528 άνέσαντες,
1216 1453 1248 1515 et
1259 1451 1369 1515 omnia

177 1553 273 1642 plana
305 1558 339 1619 et
367 1555 534 1640 perspicua
564 1561 648 1621 eunt.
694 1553 899 1620 Dissidebant
929 1555 980 1620 vir
1011 1555 1368 1640 etuxor‚qnos1uno

178 1681 212 1726 se
241 1658 326 1726 velle
364 1660 443 1725 dicit
481 1661 524 1734 είς
556 1661 642 1737 εὐνὴν
672 1657 883 1738 άναβιβάσαι.
932 1658 1052 1725 Eodem
1084 1679 1178 1726 sensu
1205 1658 1367 1726 Homerus

178 1785 271 1852 saepe
301 1765 385 1830 dixit
414 1764 565 1843 ἐπιβῆσαι
595 1763 700 1832 veluti
730 1769 823 1849 νηῶν,
854 1760 972 1842 ἵππιον,
1006 1771 1100 1844 πνοῆς
1131 1762 1302 1844 ἐτέβνσεν,
1335 1770 1368 1832 at

178 1872 394 1958 metaphorice
416 1870 588 1945 άναιδείνς,
612 1870 819 1952 ἐϋφροσύνης,
840 1869 1049 1952 σαοφροσύνης
1069 1869 1231 1949 ἐτιβῆσαι.
1277 1869 1315 1936 In
1333 1891 1368 1936 re

179 1980 334 2045 amatoria
365 1983 403 2042 ut
433 1977 552 2042 dieitur
583 1976 626 2047 είς
657 1977 742 2050 εύνύρν
773 1975 900 2052 άνέσαι,
932 1977 978 2040 sic
1001 1980 1034 2040 et
1057 1976 1142 2050 εὐνῆς
1167 1974 1368 2053 ἐπιβήμεναι.

179 2082 239 2149 Od.
262 2107 289 2148 κ.
314 2081 390 2148 333.

383 2193 435 2255 vet·
457 2188 483 2253 δ’
507 2185 617 2253 ἔπειτα
641 2188 740 2262 Εύνιῑς
765 2185 914 2268 ἡμετέραν
938 2185 1128 2265 ἐπιβείομεν.

180 2298 212 2360 et
235 2315 282 2362 re.
307 2292 384 2361 342.

338 2401 403 2468 ocu
428 2401 467 2496 άν
489 2401 587 2482 ἔγωγ’
612 2399 743 2478 ἐθέλοιμι
769 2407 841 2475 τεῆς
865 2398 1053 2480 ἐπιβήμεναι
1078 2400 1176 2473 εύνῆς.

225 2607 284 2674 Est
307 2611 406 2674 etiam
436 2607 574 2676 alterum
595 2611 716 2677 vitium
741 2615 773 2676 et
796 2631 882 2676 error
904 2629 1032 2689 eorum,
1057 2611 1114 2696 qni
1135 2608 1249 2676 άνιέναι
1272 2609 1370 2675 inter·

179 2719 347 2801 probantur
376 2734 443 2780 esse
480 2715 671 2796 άναπείύειν,
705 2721 883 2798 παρορμᾶν,
915 2714 1101 2797 ἐποτρύνειν,
1137 2713 1369 2797 προτρέπεσθαι.

180 2820 272 2888 Nihil
295 2821 427 2898 10111111,
449 2821 505 2887 ned
524 2819 735 2889 Homericum
754 2821 870 2887 άνιέναι
890 2826 938 2888 est
959 2820 1112 2906 irripere,
1136 2821 1171 2889 id
1189 2827 1238 2888 est
1255 2822 1369 2909 impel-

179 2926 245 2992 lere
263 2927 303 2993 ad
322 2927 444 2993 facinus
463 2925 606 3011 malum,
624 2929 827 3014 improbum,
844 2927 1003 3012 calidum,
1014 2927 1134 3012 eodm,
1146 2929 1368 3006 temerarium,

181 3035 272 3098 cuius
295 3033 426 3119 posthac
448 3035 624 3118 poeniteat,
648 3033 802 3114 imtipare.
850 3030 904 3098 Sic
923 3032 1042 3098 dicitur
1061 3030 1119 3098 Od.
1141 3034 1178 3110 β.
1204 3030 1280 3098 185.

363 3137 430 3205 oeae
453 3161 487 3203 κε
512 3137 707 3219 Τηλέμαχον
730 3135 941 3220 κεχολωμένον
964 3133 1016 3202 ὧδ’
1040 3137 1164 3211 άνιείιις.

181 3244 239 3309 ubi
261 3244 455 3319 άναπείύοις,
481 3241 661 3326 παρορμῷιις
687 3247 767 3310 esset
791 3243 975 3309 absurdum.
1022 3241 1114 3308 Iliad.
1140 3249 1178 3307 E.
1203 3240 1279 3310 ¹761.

566 3347 688 3433 ἄφρονα
710 3353 816 3415 τοῦτον
838 3348 974 3420 άνέντες.

226 3465 265 3523 Ε.
289 3453 364 3524 879.

319 3559 438 3637 ταύτην
462 3561 488 3626 δ’
511 3559 581 3628 ούτε
604 3560 685 3628 εέπει
709 3559 940 3644 προτιβάλλεαι
962 3558 1033 3626 ούτε
1057 3584 1088 3626 τι
1111 3557 1221 3642 ram,

319 3670 394 3734 ἀλλ’
418 3669 529 3746 άνιεῖς,
554 3668 619 3732 ἐπεὶ
645 3669 739 3742 αύτίς
763 3667 884 3746 ἐγείναο
909 3665 1002 3732 παῖδ’
1027 3665 1174 3738 άτίδιιλον.

183 3782 216 3841 et
240 3793 331 3861 saepe
355 3773 441 3840 olibi.
489 3771 601 3860 ltaque
624 3775 653 3838 ei
675 3777 748 3860 quie
770 3793 827 3860 pro
850 3773 1000 3857 appellere
1022 3770 1063 3836 ad
1085 3771 1284 3858 deponendas
1311 3774 1373 3839 ini·

183 3883 324 3947 micitias
353 3878 407 3946 vel
434 3879 521 3956 odia,
555 3879 595 3944 ad
617 3883 757 3967 gretiam
779 3877 1065 3955 reconciliandam,
1091 3877 1131 3942 ad
1154 3877 1372 3966 redintegren-

184 3987 263 4052 dum
296 4005 439 4051 amorem
467 3983 583 4050 άνιέναι
615 3983 668 4049 vel
699 3983 834 4064 ἐπαίρειν
861 3982 959 4050 veliet
991 3982 1093 4048 dicere
1115 3981 1373 4072 intelligentibus

183 4095 285 4158 risum
308 4091 445 4157 deberet.

228 4302 340 4388 Itaque
362 4322 446 4368 nnnc
470 4299 600 4386 quidem
624 4296 861 4364 Aristarcheam
877 4297 1172 4381 interpretationem
1191 4298 1372 4364 reiioiemus

185 4413 218 4474 et
236 4407 399 4474 luculento
416 4407 476 4472 hoc
496 4403 642 4491 exemplo
665 4405 781 4468 moniti
806 4422 931 4488 semper
952 4401 1130 4468 tenebimus
1153 4404 1374 4471 Aristarchum

185 4533 309 4600 quoque
339 4515 374 4579 in
403 4511 523 4579 talibus
550 4530 652 4598 quum
675 4511 761 4576 certa
782 4506 1011 4594 interpretandi
1034 4509 1088 4574 via
1107 4528 1170 4573 non
1194 4513 1317 4595 pateret
1338 4511 1373 4575 ἐκ
