3404 5192
726 393 793 462 3³5

156 580 345 661 κατέπασα
377 584 472 670 Hipp.
503 587 574 647 moi.
604 579 682 649 281.
713 593 752 651 A.
782 587 910 660 Ἱππίας
941 587 956 650 ἰ
987 587 1083 664 καλῶς
1114 613 1151 654 τε
1181 585 1234 652 καί
1258 587 1353 670 σοφὸς

154 691 203 766 ὥς
228 688 279 757 διὰ
301 689 410 774 χρόνον
434 691 508 768 ἡμῖν
532 696 671 769 κατῆρας
693 691 737 765 εἰς
760 693 820 766 τοίς
845 693 989 770 Ἀθήνας.

682 1002 835 1071 xxvm.

519 1213 567 1278 Τί
588 1213 884 1295 προσγεγραμμένον
909 1216 994 1281 ἰῶτα.

210 1423 393 1489 Sexcenties
422 1421 516 1488 video
547 1421 682 1488 Homeri
703 1421 850 1489 Editores
872 1425 906 1487 in
931 1442 967 1490 so
990 1443 1120 1509 peceare
1142 1427 1181 1489 nt
1202 1423 1238 1488 τί
1262 1447 1353 1504 προτ-

158 1525 384 1608 γεγραμμίνον
414 1527 492 1592 ἰῶτα
523 1527 618 1594 modo
649 1529 764 1594 vitiose
795 1530 947 1594 omittunt
968 1528 1064 1594 modo
1087 1549 1251 1615 perperam
1274 1527 1353 1594 edii·

159 1637 260 1702 cinni.
307 1630 424 1700 Gontru
452 1635 487 1698 in
516 1652 554 1698 cs
581 1653 617 1698 re
647 1637 769 1698 veteres
800 1631 913 1699 Oritioi
943 1653 1053 1700 omncs
1087 1637 1120 1700 et
1149 1634 1353 1700 Aristarchus

159 1746 238 1808 ente
261 1759 370 1806 omnes
392 1743 467 1804 sunt
488 1737 737 1827 diligentissimi.
772 1738 879 1805 Facile
903 1737 1038 1827 colliges
1061 1762 1100 1807 ex
1120 1761 1231 1807 eorum
1250 1741 1354 1808 obser·

157 1845 345 1914 ustionibus
368 1845 501 1911 eundem
522 1846 587 1911 fere
610 1846 901 1910 vetustissimorum
922 1841 1077 1918 Codicum
1097 1849 1254 1913 rationem
1273 1847 1354 1914 olim

157 1953 261 2020 fuisse
293 1953 387 2034 etque
417 1972 501 2017 nuno
531 1954 578 2017 est
606 1953 688 2016 rctio
710 1949 886 2035 librorum,
908 1952 965 2035 qui
988 1951 1027 2016 ud
1050 1971 1107 2016 nos
1130 1956 1352 2036 pervenerunt.

157 2059 209 2126 Ut
231 2077 322 2124 cesus
345 2061 378 2122 et
400 2056 528 2122 fortune
549 2056 691 2123 ferebant
714 2059 770 2121 eut
794 2054 923 2121 additur
946 2056 1022 2120 ἰῶτα
1046 2061 1189 2122 autnon
1213 2056 1351 2124 edditnr.
1445 2047 1455 2064 ’

157 2163 346 2230 Scribarum
378 2167 411 2227 et
437 2166 650 2228 correctorum
672 2166 704 2227 et
727 2162 1014 2249 gremmeticcrum
1038 2163 1200 2246 opiniones
1223 2162 1355 2229 disside-

158 2273 258 2336 bent:
283 2267 340 2334 elii
360 2267 479 2353 ubique
502 2271 665 2354 opponunt
688 2268 800 2352 (etism
820 2287 986 2352 perperam
1005 2271 1038 2332 et
1057 2267 1237 2354 mendose),
1257 2273 1353 2354 etque

157 2376 199 2442 hi
222 2379 297 2440 sunt
318 2373 382 2439 fere
404 2394 514 2439 omnes
533 2376 742 2459 antiquiorem
764 2371 820 2438 ulii
841 2377 878 2437 ut
900 2371 1079 2458 plurimum
1100 2376 1209 2438 minus
1231 2378 1355 2439 veteres

156 2487 315 2570 perpetuo
346 2482 380 2544 et
412 2479 450 2544 de
481 2479 638 2545 industria
668 2482 841 2545 omittunt:
872 2481 947 2543 sunt
977 2480 1076 2544 etiem
1100 2479 1157 2564 qui
1178 2485 1297 2545 temere
1321 2483 1355 2546 et

158 2586 340 2656 inconsulto
363 2589 419 2651 eut
443 2585 599 2650 adiiciunt
621 2589 762 2652 autnon
785 2585 950 2650 adiiciunt.
1090 2668 1094 2677 Ι

208 2691 360 2778 Sequitur
380 2712 419 2758 ex
442 2693 512 2756 eius
534 2694 581 2757 rei
603 2693 873 2758 animadversione
895 2692 996 2756 nostri
1017 2711 1084 2756 esse
1103 2690 1223 2776 ubique
1242 2689 1354 2756 iudicii

157 2801 287 2866 reiectis
316 2797 406 2863 falsis
433 2795 590 2862 librorum
620 2799 813 2864 testimoniis
844 2799 1035 2861 constituere
1066 2797 1149 2862 sitne
1172 2796 1351 2862 addendum

158 2907 238 2973 ἰῶτα
261 2925 302 2970 nn
324 2923 387 2969 non
410 2905 466 2980 sit,
492 2903 588 2987 idque
611 2923 650 2968 ex
671 2905 822 2969 interiore
845 2901 1034 2967 Greecitetis
1056 2901 1290 2990 intedigentie,
1312 2924 1352 2969 ex

159 3009 361 3100 etymologis
390 3013 423 3074 et
448 3007 612 3094 enclogin,
645 3027 684 3073 ex
712 3010 782 3093 ipse
810 3012 925 3073 nature
946 3012 978 3072 et
1003 3027 1064 3072 usu
1086 3008 1234 3073 voonbuli
1258 3013 1291 3074 et
1314 3029 1353 3075 ex

161 3121 331 3206 po‘e'tcrum
354 3115 542 3179 auctoritate
564 3115 660 3178 metri
680 3113 799 3178 indicio
822 3113 968 3200 cognosci
991 3133 1027 3177 sc
1051 3111 1174 3178 definiri
1202 3119 1354 3198 oportere.

208 3222 374 3287 Prneterse
418 3239 457 3285 cx
498 3218 609 3284 endem
652 3217 870 3284 observatione
911 3220 1055 3302 sequitur
1088 3220 1254 3305 ingentem
1286 3223 1356 3285 rim

162 3327 414 3412 discrepantium
445 3325 675 3410 scripturarum
707 3326 787 3388 citrn
810 3323 965 3389 damnum
988 3327 1020 3389 et
1041 3343 1161 3411 megnc
1187 3322 1355 3390 literarum

163 3432 381 3502 emolumento
410 3431 507 3496 obiici
538 3435 572 3495 et
592 3449 683 3514 posse
707 3434 739 3495 et
762 3429 885 3496 debere.
932 3427 1018 3494 Setis
1041 3431 1145 3495 estin
1167 3449 1355 3516 unoquoque

162 3541 247 3608 libro
269 3538 388 3604 scribae
411 3539 592 3622 opinionem
615 3541 648 3601 et
671 3533 947 3611 consuetudinem,
977 3554 1074 3619 quom
1096 3537 1230 3620 quisque
1252 3537 1354 3621 sequi-

165 3653 237 3730 tur,
270 3644 441 3731 diligenter
472 3646 581 3708 notere
613 3646 645 3707 et
668 3642 714 3706 sic
737 3660 866 3706 omnem
889 3639 1046 3705 scribendi
1069 3641 1256 3707 varietatem
1280 3641 1356 3708 hinc

165 3757 275 3818 netem
298 3748 403 3815 velere
427 3748 545 3814 iubere.

211 3856 292 3921 Uter
314 3873 377 3920 uno
400 3852 563 3938 exemplo:
585 3851 742 3918 Herodoti
761 3856 886 3937 textus,
906 3872 1000 3939 quem
1021 3857 1153 3930 vocent,
1174 3873 1214 3916 ex
1233 3852 1356 3920 duobus

165 3967 293 4030 tentum
323 3959 416 4025 libris
446 3979 498 4024 me
528 3957 633 4024 iudice
660 3957 898 4023 constituendus
922 3962 979 4024 est.
1027 3955 1144 4023 Omnis
1166 3957 1356 4024 emendandi

163 4067 305 4135 subsidia
327 4067 437 4131 insunt
457 4067 493 4130 in
510 4069 617 4130 vetere
637 4061 782 4128 Mediceo
802 4061 858 4149 (A)
877 4067 910 4128 et
929 4064 1038 4127 minus
1058 4064 1189 4147 antiqno
1209 4061 1354 4130 Romeno

163 4173 227 4261 (R).
275 4171 440 4238 Medicens
469 4169 505 4234 τί
536 4166 832 4250 προσγεγραμμένον
862 4168 938 4232 ἰῶτα
962 4188 1087 4252 semper
1106 4172 1139 4232 et
1162 4167 1278 4253 ubique
1302 4190 1355 4256 ep-

162 4281 287 4367 pingit,
321 4279 421 4342 etiem
454 4277 512 4342 ubi
542 4273 652 4339 nullus
680 4274 756 4338 huic
786 4271 934 4338 literulec
965 4273 1054 4339 loeus
1086 4279 1144 4339 est.
1191 4273 1355 4342 Romanus

164 4389 273 4451 contre
303 4382 414 4448 endem
445 4383 622 4448 constantie
644 4400 769 4466 semper
791 4384 824 4444 et
847 4379 966 4464 ubique
989 4381 1113 4446 omittit
1136 4385 1168 4446 et
1189 4381 1257 4468 ipss
1280 4403 1355 4450 non·

163 4509 340 4576 numquam
363 4509 494 4575 peccans
517 4487 729 4554 necessarium
752 4486 829 4552 ἰῶτα
852 4483 1057 4574 negligendo.
