3372 5192
716 367 780 440 545

151 565 302 645 πονηρίαν.
350 561 511 628 insulsum
542 563 601 627 hoc
624 561 784 628 emblema
805 563 948 646 primum
971 561 1147 634 arctissime
1170 559 1337 626 coniuncta

149 672 201 737 διὰ
231 671 285 744 την
303 708 345 719 -
363 669 505 749 σονηοίαν
534 670 670 754 pessime
701 668 874 756 disiungit‚
907 665 1020 732 deinde
1048 665 1153 741 idem,
1186 663 1270 748 quod
1302 664 1336 726 in

150 797 216 864 sqq.
250 775 363 841 Orator
392 795 519 840 summa
548 776 582 840 vi
611 778 643 838 ct
674 776 846 840 acrimonia
867 774 1067 848 enunciavit,
1091 769 1208 858 irigide
1230 769 1336 834 verbis

149 883 189 949 de
212 885 307 950 trivio
330 883 446 948 sumtis
469 883 651 965 importuno
672 878 741 944 loco
763 881 934 965 proposuit.

195 1137 276 1225 Pag.
309 1133 384 1200 688.
411 1135 464 1199 14.
496 1135 548 1200 καί
574 1135 672 1202 οὐκέτι
698 1138 790 1199 ταῦτ’
813 1133 957 1217 οίσίχοη,
982 1135 1058 1201 ἀλλ’
1083 1138 1108 1200 εί
1133 1135 1185 1199 καί
1208 1135 1253 1211 μίη
1277 1139 1336 1214 Φν-

149 1240 268 1318 attere
297 1238 406 1311 ἕκαςον
438 1239 552 1308 τούτων
581 1241 699 1305 ἐκείνων
730 1264 771 1317 γε
794 1239 922 1318 οὐδεμίαν
945 1241 1047 1322 χαίοις.
1096 1240 1254 1307 Suadente
1274 1239 1339 1304 loci

151 1351 309 1415 sententia
339 1353 506 1434 transpone
532 1347 557 1410 εί
581 1347 625 1423 μὴ
650 1345 702 1410 καὶ
726 1345 900 1427 φνλοίξεσε.
947 1345 1000 1411 Sic
1022 1347 1193 1412 Aeschines
1214 1349 1248 1410 in
1275 1345 1338 1410 Cte-

150 1455 228 1538 sipi.
257 1473 331 1542 pag.
358 1451 410 1518 74.
432 1449 486 1517 27.
537 1451 729 1529 Δημοσθένης
753 1453 807 1517 οὐκ
831 1453 949 1536 ἀγαπᾷ
974 1454 999 1518 εί
1023 1455 1066 1529 μη
1091 1453 1175 1526 δίκην
1198 1451 1337 1526 δέδωκεν,

152 1559 228 1624 ἀλλ’
265 1561 291 1624 εί
323 1561 368 1637 μὴ
398 1557 450 1622 καί
481 1559 585 1640 χρυσῷ
614 1557 740 1640 ςεφοίνῳ
770 1559 1023 1639 ςεφανωίησεταο
1057 1559 1249 1636 ἀγανακτεῖ,
1283 1557 1340 1621 ubi

151 1665 304 1732 similiter
333 1667 366 1732 in
390 1665 598 1730 deterioribus
619 1663 710 1730 libris
732 1685 789 1751 pro
811 1664 856 1742 μη
880 1664 935 1729 καί
956 1667 1111 1750 scriptum
1135 1669 1183 1730 est
1205 1663 1258 1728 eol
1282 1663 1336 1742 μνίζ

197 1906 278 1996 Pag.
311 1905 385 1972 688.
418 1905 474 1972 21.
506 1906 605 1972 καίτοι
636 1907 794 1990 σκέψασθε
824 1911 863 1979 ὡς
888 1908 1031 1988 ἐκόλαζον
1055 1911 1080 1974 oi
1105 1908 1243 1990 πρόγονοι
1267 1912 1336 1984 τοὺς

152 2013 334 2085 ἀδικοῦντας
366 2013 505 2086 ἑαυτούς.
525 2050 568 2061 -
588 2015 691 2078 ἐκεῖνον
719 2014 915 2092 Θεμίςοκλὲα
935 2015 1090 2092 λαβόντες
1113 2015 1217 2096 μεῖζον
1239 2018 1339 2080 αὐτῶν

152 2117 300 2196 οίξοοῦνσα
332 2123 451 2199 Φρονεῑν
483 2118 639 2196 ἐξήλασαν
669 2119 702 2183 ἐκ
733 2128 789 2195 τῆς
816 2119 933 2194 σίλεωο
967 2121 1031 2206 [καὶ
1064 2120 1216 2200 μηδισμὸν
1247 2123 1339 2186 κατέ-

154 2227 304 2310 γνωσαν].
339 2225 465 2289 Ultima
483 2225 579 2289 verba
598 2225 777 2290 cruditulus
797 2226 835 2291 de
854 2247 912 2291 suo
932 2225 1056 2292 addidit
1074 2233 1106 2292 ct
1117 2227 1340 2292 Demosthenis

155 2334 346 2398 sententiam
369 2351 495 2416 prorsus
517 2332 678 2414 pervertit.
725 2329 804 2398 Vide
829 2331 1030 2416 mihiquem
1053 2329 1137 2397 male
1159 2331 1237 2397 haec
1256 2334 1341 2419 cogi-

154 2442 223 2502 tata
251 2439 316 2503 sint
344 2440 377 2502 et
407 2455 572 2522 perperam
600 2437 783 2521 composita.
809 2437 887 2514 „oei
907 2438 1002 2501 nostri
1028 2439 1246 2502 Themistoclen
1269 2440 1342 2523 quio

154 2543 279 2607 maiores
307 2541 432 2626 spiritus
457 2541 577 2622 peretot
605 2563 693 2626 quom
719 2541 733 2603 ί
739 2542 815 2606 'bero
846 2543 951 2606 civitae
972 2544 1066 2628 ferre
1089 2550 1188 2626 posset
1211 2567 1247 2608 σα
1270 2545 1341 2608 urbe

154 2650 302 2714 οἰοοσοαοοί
332 2665 372 2712 ur
398 2647 613 2730 perduellionis
644 2648 876 2727 ιίοοιοοοοονααί,
909 2651 999 2734 quasi
1029 2655 1110 2716 esset
1148 2648 1234 2715 idem
1273 2671 1339 2714 esse

153 2757 404 2844 arrogantiorem
426 2756 459 2818 ct
479 2751 616 2819 salutem
639 2756 760 2838 patriae
782 2755 966 2841 prodidisse.
1014 2755 1180 2821 Evertitur
1202 2757 1248 2821 sic
1271 2761 1340 2821 tota
1467 2747 1470 2752 ’

156 2861 297 2928 Oratoris
319 2861 553 2947 argumentatio
576 2858 821 2928 demonstrantis
844 2859 924 2925 olim
948 2863 1068 2946 optimc
1092 2861 1131 2924 de
1152 2863 1257 2946 patria
1276 2883 1342 2927 me

154 2970 234 3032 ritus
263 2967 296 3031 ob
327 2964 463 3029 ίονίοοσνα
494 2986 598 3046 ironam
627 2985 741 3051 graves
771 2984 886 3049 poenas
915 2965 1053 3048 dedisse,
1085 2985 1169 3030 nunc
1197 2965 1342 3033 homines

147 3073 341 3158 pessimorum
360 3069 539 3156 soricorum
569 3070 715 3134 convictos
744 3076 800 3133 aut
823 3068 945 3134 absolvi
969 3073 1025 3134 aut
1047 3072 1221 3156 perexigua
1242 3091 1343 3157 poena

155 3177 298 3244 multari.
343 3174 456 3261 ltaque
485 3173 621 3240 furcillis
651 3173 836 3260 expellenda
866 3178 940 3239 sunt
972 3175 1069 3240 verba
1103 3175 1155 3238 καὶ
1190 3177 1341 3255 μηδισμὸν

156 3283 367 3361 κατέγνωσαν.

200 3388 278 3454 Post
305 3408 407 3473 pauca
433 3408 508 3474 pag.
543 3383 619 3452 689.
645 3385 676 3452 4.
702 3385 789 3464 ὑμεῖς
812 3386 843 3452 δὲ
868 3385 936 3459 τοὺς
963 3385 1004 3450 σοὶ
1028 3387 1136 3463 μέγος’
1160 3389 1343 3463 ἀδικοῦντας

156 3493 238 3579 [καί]
264 3493 402 3575 Φανερῶς
427 3491 689 3575 ἐξελεγχομένους
709 3531 750 3542 -
769 3492 900 3574 οίφίεσε,
926 3495 1173 3581 expungendum
1196 3514 1262 3560 esse
1288 3496 1343 3562 καί

156 3623 196 3666 ex
217 3598 333 3666 multis
355 3597 516 3666 similibus
539 3598 617 3664 locis
642 3600 872 3665 demonstravit
894 3597 1066 3664 Dobraeus.

202 3838 289 3919 Quae
318 3837 471 3926 leguntur
502 3857 576 3926 pag.
611 3835 687 3902 689.
712 3836 745 3905 9.
772 3875 813 3885 —-
838 3836 913 3902 690.
940 3834 992 3902 17.
1017 3841 1163 3922 suspecta
1184 3845 1260 3903 sunt
1281 3839 1345 3906 Do-

156 3947 250 4012 braeo
274 3946 326 4009 cui
351 3945 446 4020 „hoec
466 3943 541 4007 cotie
564 3943 657 4028 liquet
680 3966 716 4007 eo
744 3943 861 4030 otpolt.
886 3943 941 4007 111.
963 3965 995 4028 p.
1017 3940 1070 4007 35.
1091 3945 1140 4006 vel
1162 3943 1228 4023 περὶ
1251 3955 1342 4011 Σννσ.

159 4048 303 4116 172-3.
327 4049 508 4133 interpolato
530 4047 620 4112 eese.”
665 4047 736 4112 Non
760 4052 922 4114 assentior.
970 4047 1078 4113 Pauca
1097 4049 1252 4132 quaedam
1270 4051 1344 4118 hinc

158 4163 267 4222 sumta
297 4158 371 4241 quia
401 4155 530 4242 egregie
559 4153 742 4240 placuerant
772 4157 806 4218 in
840 4153 1045 4238 Olynthiocom
1073 4153 1254 4239 transtulit,
1290 4159 1344 4222 sed

159 4281 239 4348 quae
261 4261 423 4348 permulta
445 4260 557 4325 eadem
580 4261 614 4323 in
634 4261 774 4325 oratione
793 4258 860 4338 crept
884 4254 1063 4332 Συντάξεως
1084 4257 1251 4344 leguntur,
1271 4265 1346 4346 quia

159 4370 238 4434 satis
270 4370 392 4432 constat
415 4368 609 4450 suppositam
634 4364 716 4429 hanc
738 4369 770 4430 et
794 4382 834 4428 ex
857 4364 935 4429 locis
957 4362 1211 4438 Demosthenicis
1234 4367 1347 4433 confla·

160 4479 229 4540 tum
254 4473 428 4539 orationem
452 4491 532 4550 esse,
556 4489 618 4535 non
640 4475 772 4555 possum
797 4468 924 4534 aliunde
947 4488 1043 4553 quam
1066 4468 1140 4532 hinc
1160 4474 1347 4555 essepetita.

1180 4577 1211 4622 ec
