3208 5158
655 401 718 472 1¹77

136 591 215 680 Peg.
251 591 327 660 378.
365 591 472 673 ἕρημος
509 592 537 657 δ’
574 592 619 661 ici
652 593 775 665 κοίιοείνη
807 595 838 674 (ή
874 593 996 680 Τίρυνς)
1031 595 1083 659 καί
1110 598 1127 671 ή
1152 595 1281 672 πλησίον

96 697 193 764 Μιδέα
234 735 279 748 -
319 697 423 779 ταώτη
463 699 489 763 δ’
524 694 627 777 θμορος
663 699 840 779 Πρόσυμνα.
876 737 918 750 -
955 701 1116 780 ήρήμοοσαν
1152 702 1184 768 δὲ
1220 705 1280 775 τοίς

95 813 307 872 ΠΛΕΙΕΤΑΟ
331 808 357 871 οἰ
380 807 513 884 Ἀργεῖοι
538 805 742 878 οἰπειθυώσας·
767 808 793 871 οἰ
812 807 839 872 δ’
863 807 1010 889 οἰκήτορες
1034 809 1060 872 οἰ
1083 809 1142 886 μὲν
1165 810 1199 874 ἔκ
1222 819 1278 885 τής

95 913 229 992 Τίρυνθος
268 913 405 986 οἰπήλθον
439 914 481 984 εἰς
517 913 714 990 Ἐπίδαυρον,
750 913 775 977 οἰ
808 913 840 978 δὲ
876 914 891 976 ἐ
904 960 1095 979 .........
1132 915 1174 986 εἰς
1209 915 1279 986 τοὺς

95 1025 204 1090 ’λλιεῑς
226 1021 442 1095 καλουμένους.
490 1017 527 1082 In
551 1014 668 1084 Codice
695 1019 734 1084 A.
757 1018 871 1084 lacuna
897 1023 962 1100 eet;
984 1041 1022 1085 ex
1041 1019 1078 1084 Β.
1100 1025 1279 1086 eeenmtum

94 1131 139 1191 eet
167 1125 427 1212 supplementum
457 1122 562 1191 nihili.
594 1125 620 1188 οἰ
650 1124 682 1189 δὲ
712 1121 761 1212 ε’(ξ
790 1122 964 1208 Ἑρμιόνης)
992 1127 1035 1198 εἰς
1059 1128 1130 1199 τοὺς
1154 1129 1279 1199 Ἀλιείς.

93 1231 218 1321 Magnis
237 1231 316 1296 haec
337 1229 581 1296 difficultatibus
599 1242 799 1316 premuntur.
833 1230 1008 1317 Postquam
1027 1234 1207 1298 nominavit
1218 1235 1281 1299 trie

94 1337 257 1423 oppidula,
278 1355 341 1422 quo
361 1341 453 1421 pecto
472 1335 585 1401 addere
606 1339 728 1421 potuit:
749 1337 911 1414 ήρήμυοαν
927 1337 958 1402 δὲ
973 1339 1032 1410 τὰς
1044 1336 1280 1405 nnelcTAc?

95 1443 161 1509 Non
191 1464 303 1509 omnes
329 1445 447 1530 igitur.
471 1445 579 1527 itaque
602 1445 660 1508 uni
681 1443 796 1509 saltem
820 1449 1045 1529 pepercerunt,
1070 1445 1207 1511 eidnec
1230 1466 1281 1510 su-

94 1558 236 1635 pereunt,
261 1569 341 1634 quae
365 1550 398 1614 αἰ
423 1557 550 1616 τλεῖςαι
574 1548 728 1614 dicantur.
775 1547 907 1636 Nugeei

134 1656 378 1723 Emendendum
401 1660 464 1721 eet:
490 1657 652 1735 ήρήμοισαυ
678 1656 709 1721 δὲ
729 1655 791 1728 τοίς
810 1665 970 1722 ΠΟΛΕΙΟ
989 1659 1014 1723 οἰ
1035 1659 1168 1738 Ἀργεῖοι
1188 1659 1279 1722 οἰπει·

96 1762 210 1836 θοώσας.
230 1764 256 1826 οἰ
276 1763 302 1827 δ’
323 1761 471 1840 οἰκήτορες
493 1799 534 1809 -
554 1762 699 1833 οἰπήλθον.
733 1760 943 1846 Opponnntnr
961 1764 1045 1828 inter
1063 1785 1097 1830 ee
1116 1766 1149 1829 αἰ
1173 1764 1279 1836 πόλεις

95 1875 124 1934 ei
144 1872 168 1934 οἰ
194 1871 359 1946 οἰκήτορεςε
384 1869 471 1932 arder
492 1869 554 1932 colo
578 1875 719 1954 aequatae
740 1875 827 1941 ευυθ,
854 1869 970 1934 incolae
992 1871 1054 1934 αόίο
1076 1871 1253 1953 coiecerunt.

135 1976 215 2042 Vide
243 1996 328 2040 nnnc
361 1995 457 2060 quem
481 1975 654 2044 absurdum
677 1977 720 2040 eii
743 1974 874 2040 lacunae
897 1975 1174 2061 supplementum:
1198 1979 1224 2041 οἰ
1249 1977 1281 2042 δὲ

96 2081 138 2166 ε’(ξ
158 2081 331 2161 Ἑρμιόνης)
354 2083 397 2152 εἰς
422 2080 492 2152 τοὺς
517 2079 645 2172 Ἀλιείς,
695 2080 743 2145 De
766 2080 941 2147 Hermione
963 2079 1077 2148 stobe
1098 2103 1138 2148 ne
1162 2084 1281 2170 cogite·

95 2189 144 2254 bei
171 2189 320 2274 quidem,
350 2193 383 2253 et
413 2188 518 2252 siebat
547 2187 623 2251 nrbe
648 2186 859 2272 florebatque,
884 2193 922 2252 ui
945 2185 1058 2252 Strabo
1080 2189 1148 2272 ipse
1171 2189 1280 2252 stetim

95 2301 206 2362 rorat.
252 2293 363 2379 Itaque
387 2293 539 2359 condente
562 2291 623 2358 loci
647 2295 805 2358 sententie
827 2292 1033 2378 suppleamus
1055 2294 1178 2380 potius:
1202 2294 1227 2358 ci
1246 2293 1278 2359 δὲ

95 2399 139 2486 ε’(ιο
159 2406 220 2466 τών
242 2399 359 2487 ἄλλων)
386 2401 429 2471 εἰς
453 2401 522 2471 τοὺς
548 2401 676 2470 Ἀλεοῖο.

133 2608 212 2696 Peg.
257 2608 335 2677 374.
376 2605 500 2685 μεταξὺ
536 2607 568 2673 δὲ
601 2605 758 2686 Τροιζῆνος
794 2608 847 2674 καί
883 2608 1066 2689 Ἐπιδαύρου
1100 2609 1210 2691 χοιρίον
1245 2607 1280 2687 ήν

95 2715 209 2792 ἐρυμνὸν
230 2717 402 2780 Μέθανα
426 2714 478 2778 καί
501 2712 677 2795 χερρόνησος
698 2715 853 2790 όμώνυμος
874 2715 986 2795 τούτῳ·
1006 2717 1091 2797 παρόν
1114 2718 1280 2802 Θουκυδίδης

94 2821 120 2884 δὲ
148 2823 176 2887 ἓν
208 2845 288 2886 τισιν
318 2821 522 2898 ἀντιγράφοις
557 2820 719 2894 Μεθώνη
754 2827 896 2897 Φέρεται.
950 2820 1053 2888 Locus
1080 2821 1279 2911 Thucydidis

93 2927 205 3016 legitur
228 2926 282 2992 IV.
308 2925 363 2992 45.
388 2927 536 3005 ιίΦίκοντο
555 2928 599 2998 εἰς
622 2927 765 3001 Μεθώνην
788 2927 843 2998 τήν
866 2925 989 3002 μεταξὺ
1015 2927 1198 3009 Ἐπιδαύρου
1222 2929 1275 2994 καί

93 3037 242 3115 Τροιζῆνος
276 3033 328 3098 καί
360 3031 578 3108 ἀπολαβόντες
610 3033 660 3095 τὸν
691 3038 747 3104 τής
777 3035 961 3112 χερσονήσου
986 3034 1091 3111 ἰσθμίν
1116 3031 1233 3100 icini
1258 3038 1275 3112 ή

94 3139 212 3216 Μεθώνη
244 3139 307 3208 ίςίν
338 3139 400 3202 ιιτὲ.
449 3136 662 3226 Thucydides·
677 3137 825 3204 Doricam
850 3142 988 3205 nominis
1013 3141 1149 3206 formem
1174 3163 1277 3209 serve·

93 3261 174 3312 reret
206 3246 353 3312 Μεθώναν
377 3252 409 3310 et
432 3245 515 3331 apud
540 3243 726 3310 Strabonem
750 3245 882 3309 Μεθώνη
906 3265 963 3331 pro
987 3245 1118 3311 Μίθανα
1140 3249 1278 3314 scriben-

93 3351 173 3419 dum.
220 3351 387 3418 Praeterea
410 3349 594 3439 Thucydidi
615 3351 727 3416 redde:
752 3351 783 3415 ἐν
800 3347 863 3415 Ἧι
887 3354 904 3425 ή
929 3355 1059 3416 Μεθθνα
1080 3352 1153 3420 ece.
1190 3352 1276 3419 Urbs

93 3467 152 3525 crat
173 3463 208 3526 in
232 3458 418 3545 paeninsula
441 3458 481 3523 ed
505 3477 610 3532 mere,
633 3476 697 3522 non
719 3458 754 3520 in
777 3459 1006 3544 angustissimo
1027 3459 1159 3525 isthmo.

130 3667 208 3758 Peg.
233 3667 311 3736 375.
338 3672 383 3734 eie
404 3667 624 3734 scribendum:
652 3665 822 3748 ώνομώζετο
847 3666 878 3730 δὲ
901 3665 1050 3753 (Aegina)
1074 3663 1165 3739 Οἰνόη
1185 3665 1275 3752 (libri

91 3772 195 3862 οἰνώνη)
231 3774 333 3840 σοίλαι
369 3774 525 3850 όμώνυμος
556 3772 622 3836 δυοί
654 3772 758 3848 δήμοις
791 3781 846 3845 τής
880 3773 1027 3845 Ἀττιιιής
1060 3773 1102 3852 τῷ
1133 3795 1168 3836 τε
1201 3770 1272 3852 πρὸς

91 3879 273 3962 Ἐλευθεραῖς
306 3881 357 3945 καί
389 3887 449 3964 μιᾷ
482 3887 540 3944 τῶν
572 3882 605 3943 ἐν
641 3877 852 3956 τετραπόλεως
885 3885 940 3952 τής
972 3876 1038 3958 περί
1072 3879 1269 3957 Μαραθῶνα,

91 3987 151 4048 καθ’
182 3985 213 4063 ἧς
243 3989 261 4062 ή
293 3990 442 4066 παροιμία
478 3985 627 4063 ,,οἰνόη
662 3983 749 4070 (libri
778 3983 890 4068 οἰνώνη)
923 3983 992 4056 τήν
1024 3982 1274 4063 χαροίδραν.”

91 4087 160 4159 Poe
182 4095 377 4174 Ἐλευθεραῖς
402 4092 611 4180 interpolatus
633 4098 682 4158 eet
703 4091 793 4157 locus
816 4111 854 4157 ex
876 4088 1040 4175 Euripidis
1063 4091 1217 4176 Antiope:

943 4193 1034 4276 Οἰνόη

283 4307 447 4387 σύγχορτον
471 4305 543 4370 ναίω
567 4303 659 4370 πεδία
683 4311 755 4376 ταῖς
778 4305 807 4367 τ’
833 4301 1038 4382 Ἐλευθεραῖς.

91 4409 125 4476 nb
157 4433 207 4498 eo,
243 4415 300 4503 qni
335 4421 384 4481 tot
419 4411 497 4479 elios
530 4417 696 4499 po'c'ternm
729 4410 815 4477 locos
849 4407 1057 4476 Strabonieno
1093 4411 1180 4496 operi
1219 4411 1272 4476 ed-

91 4519 214 4604 scripsit.

1089 4623 1119 4669 ιν
