3410 5180
906 288 972 364 502

343 489 457 565 τιίσασι
487 486 619 569 δημοσία
651 494 765 552 ποιεῖτε
797 483 908 564 λόγους
941 485 1127 568 ἐπιταφίους
1139 535 1149 565 ,
1182 487 1212 550 ἐν
1243 481 1285 560 σίς
1316 491 1461 562 κοσμεῖτε
1483 484 1527 550 τοι

342 602 402 662 τῶν
432 595 557 672 ιιγαθῶν
587 593 698 673 ἀνδρῶν
727 590 814 674 ἔργα.
860 590 945 658 Mire
975 592 1178 676 perturbatus
1207 592 1261 657 hio
1291 591 1380 658 loous
1414 598 1463 658 est
1495 593 1530 656 in

342 700 522 769 codicibus.
569 698 720 764 Meliores
743 702 775 763 et
798 700 832 762 in
854 697 905 761 his
927 699 1068 782 optimus
1091 696 1114 762 S
1137 698 1303 764 exhibent:
1325 698 1457 782 δημοσίᾳ
1476 698 1528 762 καί

342 817 413 881 ταῖς
443 811 566 889 ταφαῖς
597 812 668 876 ταῖς
699 804 859 880 δημοσίαις
889 811 1005 867 ποιεῖτε
1037 803 1158 882 λθγσιις.
1206 801 1339 868 Senti
1271 808 1339 868 tent
1339 806 1371 869 ia
1394 802 1530 890 simplex

342 919 513 1000 attapera
480 909 635 978 tfaoile
666 911 848 974 restituitur
876 913 915 972 ut
944 911 1140 994 acquiescere
1177 911 1336 994 possimus
1370 908 1529 976 Sohaeferi

341 1023 558 1102 oonieeturae,
588 1037 686 1102 quam
715 1011 896 1080 Dindorfius
925 1017 1052 1100 recepit.
1029 1013 1163 1080 tSed
1185 1015 1226 1080 ad
1248 1018 1381 1080 sentent
1358 1021 1422 1082 trae
1444 1019 1526 1082 inte·

340 1130 495 1215 gritatem
525 1125 588 1190 duo
617 1122 714 1188 verba
744 1119 970 1186 desiderantur.
1017 1121 1140 1206 Nempe
1173 1119 1372 1186 laudationes
1402 1121 1530 1207 publice

340 1255 404 1300 non
433 1231 631 1299 habebantur
654 1226 703 1292 ἐπί
728 1230 806 1291 τοῖσι
830 1233 892 1300 τοῖς
916 1229 1141 1303 τελευτήσασι,
1165 1227 1220 1292 εει
1243 1229 1284 1292 iis
1307 1231 1453 1302 tantum,
1476 1227 1529 1312 qai

340 1346 375 1408 ιιι
403 1339 530 1426 ρνοεθιίι
559 1335 747 1417 αειιιιιιενιι,
771 1337 809 1397 ut
832 1333 981 1399 omnibus
1003 1345 1117 1398 notum
1140 1338 1198 1397 est.
1245 1331 1355 1418 Itaque
1379 1333 1528 1420 supplen-

344 1449 423 1514 dum
452 1466 518 1512 esse
547 1442 675 1509 videtur
704 1440 754 1506 ἐπὶ
785 1447 848 1512 τοῖς
874 1440 918 1525 (ἐν
941 1439 1080 1522 πολέμῳ)
1103 1441 1343 1526 τελευτήσασιν,
1369 1446 1401 1506 et
1425 1439 1528 1520 ἄνδρες

343 1552 457 1634 ἀγαθοί
484 1551 523 1615 de
544 1569 633 1614 more
656 1545 855 1633 appellantur
877 1542 982 1618 οἵτινες
1007 1544 1111 1626 ἄνδρες
1135 1547 1247 1624 ἀγαθοί
1272 1545 1426 1625 γενόμενοι
1452 1545 1528 1624 ὑπὲρ

343 1669 399 1737 τῆς
423 1655 540 1727 ιθλεως
564 1653 732 1727 οὶπέθανον,
756 1655 811 1736 qni
834 1650 894 1716 soli
914 1651 1041 1736 publiea
1062 1655 1096 1717 in
1116 1649 1279 1718 Ceramico
1297 1651 1530 1738 sepeliebantur·

343 1774 376 1836 et
405 1765 587 1833 laudatione
617 1759 818 1825 ornabantur.
864 1759 968 1824 Notus
998 1764 1045 1825 est
1076 1756 1236 1825 Oioeronis
1264 1760 1302 1824 de
1324 1779 1362 1825 ea
1383 1779 1417 1824 re
1442 1757 1530 1822 loeus

344 1878 379 1940 in
407 1873 531 1936 Oratore
554 1865 607 1932 44.
631 1869 650 1951 ξ
675 1864 750 1929 151.
774 1887 834 1929 mor
856 1871 899 1928 σει
922 1865 1047 1928 Attenia
1066 1867 1189 1929 landari
1207 1866 1241 1929 ιἰι
1259 1865 1397 1930 coaonae
1415 1885 1462 1927 eor
1479 1862 1531 1948 qai

342 1982 405 2046 aiat
426 1981 460 2044 in
483 1974 611 2063 proeliis
631 1971 798 2056 interfecti.

388 2084 521 2150 Utiliter
552 2077 788 2164 comparabitur
820 2076 909 2141 loeus
943 2075 1091 2162 Dionysii
1125 2075 1230 2142 Halia
1264 2074 1356 2141 ANB
1389 2075 1426 2142 V.
1455 2095 1528 2161 pag.

344 2189 477 2259 887.
502 2188 654 2260 Ἀθηναῖοι
680 2183 729 2248 ἐπὶ
752 2189 816 2254 τοῖς
838 2183 879 2246 ιιι
901 2184 976 2246 τῶν
999 2180 1186 2259 πολέμων
1211 2181 1409 2259 θαπτομένοις
1430 2180 1530 2258 ριίνοιι

345 2294 584 2372 καταείσασθαι
618 2290 689 2361 τοὺς
724 2288 908 2368 ἐπιταφίους
943 2287 1143 2367 ἀγορεύεσθαι
1178 2287 1291 2365 λόγους
1326 2287 1510 2353 δοκοῦσι’
1495 2310 1531 2350 ειι

344 2408 419 2485 μιᾶς
451 2409 507 2476 τῆς
539 2398 606 2478 περ)
630 2397 682 2461 stu
706 2393 837 2460 θοίνατον
860 2395 971 2475 ἀρετῆς
990 2432 1032 2442 -
1050 2391 1204 2474 ἐξετοιζειν
1226 2393 1352 2474 οίόμειοι
1376 2395 1436 2460 δεῖν
1459 2393 1529 2465 τοὺς

345 2507 494 2591 ἀγαθούς.

390 2718 472 2805 Peg.
496 2711 574 2778 501.
598 2709 653 2778 28.
677 2706 763 2784 οὗτοι
787 2708 952 2794 ἐγράψατο
974 2711 1030 2784 τιν
1052 2708 1188 2790 Χαβρίου
1212 2708 1323 2790 deperio
1347 2709 1391 2794 [ἐν
1410 2705 1429 2792 ᾖ
1448 2712 1532 2776 τοῦτ’

347 2825 424 2894 ἕνεςι
456 2820 491 2886 τι
521 2825 576 2892 τῆς
608 2818 755 2888 ἀτελείας
786 2823 846 2882 τῶν
878 2816 978 2897 ἐκείνῳ
1008 2840 1038 2881 τι
1069 2815 1220 2901 δοθέντων]
1254 2816 1307 2882 καί
1342 2815 1413 2895 πρὸς
1450 2815 1534 2893 ὑμᾶς

345 2929 485 2999 είσελθιιν
517 2925 644 3000 ἡττήθη.
689 2923 870 2989 Dobraeus:
904 2945 989 3001 „non
1019 2929 1130 2988 ισιιιιιιιι
1162 2945 1227 2986 oum
1251 2923 1375 3008 Υαρίοτο
1397 2923 1427 2986 ἐν
1453 2919 1533 3003 ᾖ-

345 3036 485 3105 δοθιντων
516 3031 601 3116 ejicio
630 3029 685 3093 aed
708 3051 774 3094 ιιιοα
797 3025 874 3094 502.
901 3027 954 3093 12.
978 3028 1010 3092 ἒν
1032 3025 1052 3110 ᾖ
1073 3030 1158 3093 τοῦτ’
1181 3026 1275 3104 ἐνῆν.”
1297 3027 1380 3092 mihi
1403 3027 1534 3113 quidem

343 3143 437 3230 plane
459 3137 635 3225 persuadet

388 3248 556 3314 Praeterea
584 3242 710 3326 requiro
734 3238 786 3304 καί
812 3248 878 3304 elc
902 3239 985 3318 ὑμεῖς
1007 3241 1147 3304 εἰσελθών
1169 3261 1226 3324 pro
1249 3239 1333 3320 τρίς.
1379 3239 1531 3306 Constan-

343 3361 393 3422 ter
421 3354 507 3419 enim
538 3345 809 3433 quemadmodum
833 3346 952 3411 dieitur
974 3346 1017 3418 είς
1040 3345 1209 3426 δικαςιίρισν
1232 3346 1397 3430 εἰσελθεῖν,
1421 3349 1466 3412 sio
1489 3347 1531 3412 ad

343 3464 429 3547 ipsos
450 3455 571 3521 iudices
596 3453 643 3541 (τι
668 3451 837 3532 arnasano
859 3451 1015 3517 οοινιίιῖιιιιι
1036 3454 1164 3518 nomine
1183 3451 1361 3539 oolleotivo)
1384 3452 1532 3519 dicebant

345 3568 388 3641 είς
413 3565 496 3643 ὑμᾶς
518 3560 663 3636 είσιῖλθον.

772 3807 890 3865 ΚΑΤΑ
913 3807 1110 3865 ΜΕΙΔΙΟΤ.

389 3988 470 4076 Pag.
495 3980 570 4050 515.
596 3979 650 4046 19.
674 3976 731 4060 ὅσῳ
755 3980 892 4045 πλείοσιν
914 3975 998 4052 οὗτος
1023 3980 1182 4058 ἠνώχληκε
1204 3979 1255 4043 καί
1275 3979 1533 4058 ΠΕΡΙήγγελιιειι

349 4136 390 4146 -
408 4096 500 4173 ἑώρων
523 4090 586 4168 γοιρ
608 4085 702 4151 αὐτὸν
721 4083 791 4166 ίίρτι
811 4087 866 4166 πρὸ
885 4093 944 4151 τῶν
963 4085 1141 4166 διιιοιςιιρίιιν
1160 4080 1210 4150 ola
1231 4085 1323 4150 ἐποίει
1342 4121 1385 4133 -
1401 4085 1535 4165 τοσούτῳ

347 4205 472 4282 μᾶλλον
496 4192 609 4273 ἐλπίζω
633 4193 668 4258 τι
691 4191 806 4257 δίκαιον
829 4187 915 4267 ἕξειν.
951 4191 1139 4280 Lugendum
1162 4191 1415 4268 ΠΑΡιίγγελιιεν.
1449 4189 1535 4256 Νοιο

346 4328 409 4374 usu
439 4299 676 4383 παραγγέλλειν
707 4303 739 4363 ει
770 4297 979 4378 παραγγελία
1010 4301 1044 4362 in
1075 4298 1204 4363 iudiciis
1227 4295 1385 4384 nignifieat
1406 4296 1537 4381 ambire,

340 4431 487 4502 premere
508 4407 629 4473 iudioes
651 4409 684 4471 et
703 4404 918 4488 pollicitando,
941 4405 1089 4486 τοροιιιίο,
1110 4401 1434 4485 tessandrorum
1452 4399 1538 4466 iudi-
