3404 5192
324 569 407 627 οννιθ.
451 563 572 630 Eodem
595 565 690 631 modo
715 573 753 630 Δ.
779 563 855 632 588.
879 586 980 651 quum
1001 572 1095 653 poete
1117 566 1255 632 dedisset

754 680 831 748 seire
853 673 1052 750 νελιχθέντεο.

323 770 358 835 id
388 776 436 836 esi
465 775 737 856 μενοιςροιφέντεο,
770 778 1015 852 ὑποςροΦεντες.
1041 797 1141 862 quum
1165 775 1268 842 deleto
1290 775 1331 854 τῷ
1356 775 1509 852 δίχοομμον

325 891 500 960 superesset
522 888 597 952 ςῆιε
620 883 794 960 ἑλιχθέντος
819 882 1030 948 intolerabilis
1051 883 1158 948 hiatus
1177 881 1321 965 expletus
1340 894 1388 945 est
1406 884 1451 945 sie
1474 887 1511 944 ut

325 983 395 1054 εητ*
421 983 631 1065 ἐλελιχθέντες
657 995 895 1072 supponeretur.
928 1007 1120 1072 quamquem
1146 986 1237 1052 verbi
1260 986 1405 1066 ἐλελίζειν
1429 1003 1512 1050 ese·

325 1089 490 1170 quietibus
520 1094 687 1173 poetasiris
719 1091 786 1156 fieti
816 1091 944 1158 nulium
975 1107 1023 1158 ese
1057 1092 1141 1176 apud
1173 1090 1353 1158 Homerum
1388 1102 1512 1156 eertum

323 1195 512 1278 vestigium.

369 1297 466 1364 Verbi
498 1301 673 1378 resuscipis
707 1299 1008 1386 plusquamperfecti
1042 1303 1162 1386 passivi
1195 1300 1357 1378 οεοέλνιιτο,
1393 1299 1428 1364 id
1463 1303 1512 1364 est

326 1407 562 1486 οννεοπείροιτο,
595 1407 803 1487 οννέεροονιτο,
835 1407 898 1472 duo
929 1414 1004 1472 suni
1026 1409 1210 1472 testimonie
1231 1405 1326 1472 umbo
1348 1411 1511 1490 corrupte:

327 1523 369 1577 Λ.
395 1509 448 1578 39.

533 1603 633 1683 αὐτὰρ
656 1603 706 1665 ἐπ’
729 1603 824 1666 οούοοῦ
849 1601 981 1675 Κνοένεος
1006 1602 1144 1667 ἐλέλικτο
1169 1601 1293 1682 δροένιονν.

330 1712 362 1772 et
390 1715 432 1772 N.
464 1705 540 1771 558.
572 1708 723 1783 σειόμενον
754 1706 905 1774 ἐλέλικτο.
936 1715 968 1772 et
990 1711 1181 1774 sententiam
1203 1715 1235 1772 et
1258 1713 1400 1772 metrum
1421 1707 1513 1770 resii·

329 1817 400 1877 tues
420 1812 583 1878 scribendo
606 1817 729 1885 κνοένεοο
752 1815 896 1878 οεεέλικτο
920 1814 1052 1892 δροίκοιν,
1075 1821 1114 1879 ut
1137 1823 1174 1878 X.
1200 1811 1253 1878 95.

531 1919 717 1997 σμερδαλέον
742 1918 773 1984 δέ
797 1919 913 1998 δέδορκε
936 1920 1130 1997 νελοξοέμενος
1155 1919 1222 1999 περὶ
1245 1928 1330 2000 χειῇ.

331 2030 364 2088 et
386 2023 539 2101 σειόμενον
562 2023 716 2089 εεεέλικτο.
764 2021 818 2088 Sic
841 2032 873 2089 et
896 2043 925 2090 Β.
953 2023 1028 2088 316.
1052 2043 1123 2110 pro:

558 2134 613 2203 νην
636 2129 662 2192 δ’
685 2128 903 2207 ἐλελιξάμενος
927 2131 1077 2210 πτέρυγος
1097 2129 1209 2208 λοέβεν.

330 2253 444 2300 verum
467 2253 533 2298 esee
556 2234 707 2299 arbitror:
731 2239 785 2312 την
810 2238 841 2300 δὲ
861 2235 1070 2312 νελιξοίμενοε,
1092 2243 1125 2302 et
1145 2245 1180 2300 Z.
1203 2233 1279 2300 109.
1303 2231 1342 2306 ὣς
1364 2231 1515 2315 ἐοέλοχθεν

331 2360 388 2424 pro
419 2337 455 2410 ὣς
487 2338 663 2418 ἐλέλιχθεν,
695 2347 727 2405 et
757 2351 794 2406 Χ.
821 2341 896 2406 448.
922 2350 977 2416 τῆς
1001 2341 1029 2406 δ’
1054 2342 1193 2422 ἐλελίχθη
1217 2349 1305 2420 γυῖον.
1330 2347 1363 2406 ei
1384 2337 1414 2416 ξ.
1437 2336 1514 2404 306.

332 2443 349 2518 ἣ
373 2443 399 2509 δ’
423 2445 561 2523 ἐνελίχθη
586 2449 691 2521 νοῖοοοο,
718 2465 775 2530 pro
798 2447 824 2510 δ’
848 2448 993 2526 ἐλελίχθη
1018 2454 1051 2513 et
1074 2439 1091 2520 9
1114 2449 1140 2512 δ’
1165 2449 1323 2526 ἐλελίχθη.

376 2547 486 2634 Itaque
508 2551 597 2612 etin
619 2553 723 2615 estiva
746 2550 848 2620 forme
870 2551 970 2621 Poeta
992 2553 1132 2619 dixerat:
1156 2561 1195 2619 Θ.
1221 2552 1295 2618 199.

557 2653 667 2730 ἐνέλιξε
690 2657 721 2720 δέ
744 2657 861 2739 μοικρδν
881 2660 1067 2736 Ὄλυμπον,
1091 2678 1147 2744 pro
1169 2655 1301 2730 ἐλέλιξε.

334 2769 365 2828 et
388 2773 427 2828 A.
453 2760 529 2827 530.

514 2866 619 2944 μέχοον
642 2865 669 2932 δ’
693 2864 819 2943 ἐνέλιξεν
838 2871 1026 2946 Ὄλυμπον,
1051 2888 1108 2954 pro
1131 2867 1279 2945 ἐλέλιξεν.

333 2981 366 3042 ei
388 2986 422 3042 Ρ.
443 2973 520 3043 278.

514 3079 608 3158 μοίλοο
631 3079 694 3160 χοίρ
718 3085 821 3162 σφεας
845 3077 896 3146 ὦκ’
921 3078 1066 3158 ἐνέλιξεν,
1091 3101 1148 3166 pro
1171 3080 1316 3160 ἐλέλιξεν.

333 3202 366 3262 ei
387 3217 413 3260 ε.
438 3188 515 3256 314.

515 3297 581 3374 περ)
606 3294 637 3358 δέ
661 3291 788 3373 σχεδίην
812 3291 957 3369 ἐνέλιξεν,
981 3312 1037 3377 pro
1061 3290 1207 3368 ἐλέλιξεν.

333 3413 365 3472 et
394 3407 440 3472 sie
468 3403 571 3469 forms
600 3397 746 3478 έλελίζειν
777 3402 865 3466 omni
896 3399 1051 3484 praesidio
1078 3398 1232 3464 destitute
1255 3417 1294 3462 ex
1317 3417 1420 3464 errore
1442 3405 1519 3464 nete

334 3512 481 3598 arguitur
503 3525 539 3570 ee
562 3506 655 3588 perit.

378 3611 472 3680 Nihil
498 3613 647 3674 interesse
678 3611 760 3674 inter
790 3617 864 3684 εῆτε
896 3610 1085 3689 νελοχθέντεε
1119 3615 1151 3674 ei
1172 3609 1438 3690 μετοιςρεφθέντεο
1463 3615 1520 3674 eui

335 3719 574 3801 ὑποερεφθένιεε
604 3713 697 3780 facile
727 3714 859 3802 colliges
888 3737 927 3781 ex
958 3727 999 3782 Λ.
1033 3715 1108 3780 567.
1143 3720 1175 3780 ei
1206 3713 1271 3778 589
1302 3721 1334 3779 et
1362 3713 1437 3778 595.
1462 3714 1520 3779 ubi

334 3845 399 3891 une
422 3829 454 3889 et
477 3821 587 3887 eedem
609 3823 765 3886 sententis
788 3820 908 3906 tripiici
929 3823 988 3887 hoe
1009 3823 1178 3908 participio
1202 3817 1409 3906 significetur.

381 3927 435 3994 Sis
457 3935 489 3993 et
513 3936 546 3992 P.
571 3923 647 3992 732.

474 4031 547 4096 ἀλλ’
570 4029 622 4096 ὅτε
645 4030 680 4100 δέ
704 4030 727 4111 ῥ’
750 4031 867 4098 Αίοοντε
890 4031 1139 4112 μετοιερεφθέντε
1164 4030 1234 4096 νοντ’
1257 4031 1367 4102 αὐτούς

471 4139 622 4213 ςοιίηοοιν,
646 4143 704 4200 τῶν
727 4137 758 4200 δέ
781 4138 917 4218 οροίπετο
940 4140 1031 4220 χρώς.

338 4243 522 4331 plenissime
552 4241 639 4306 idem
669 4248 717 4306 esi
747 4263 782 4308 ee
810 4248 838 4310 si
868 4246 1014 4310 dixisset:
1046 4243 1162 4308 λέοντε
1193 4243 1365 4320 εελιχθένιε
1396 4241 1519 4306 ἐνοιντίιι

340 4351 439 4413 αὐτῶν
466 4347 617 4421 εοιίηοοιν.
648 4367 786 4434 nemque
815 4347 899 4414 nihil
927 4350 1059 4412 interest
1091 4351 1175 4414 inter
1204 4346 1454 4430 μετοιςρεφθέντε
1489 4352 1523 4412 ei

339 4451 522 4536 νελνχθένοε.
