3358 5200
781 365 823 434 19

191 557 286 639 εἴπερ
308 555 404 635 τοτὲ,
429 556 458 620 ον’
481 577 615 640 remquam
637 562 743 633 οαοοο,
767 560 941 624 necessario
965 558 1004 623 ad
1029 561 1043 624 d
1068 559 1170 636 σαριδν
1193 557 1293 639 καιρός
1317 558 1397 628 refe·

190 663 351 739 rendum,
375 664 431 747 qni
453 683 609 746 numquam
633 669 722 724 οαιοο
743 662 817 727 fuit.
865 661 972 729 Sensit
990 664 1024 728 id
1043 661 1225 730 Dindorfius
1242 669 1272 727 et
1293 665 1398 750 ,εοραὶ

190 769 319 834 debedat
351 765 481 854 (inquit)
513 766 541 829 ei
571 767 741 830 accuratim
772 770 854 854 loqui
884 771 972 834 vellet
1003 771 1087 846 εἴπερ
1117 793 1164 840 τις
1188 770 1239 834 καὶ
1265 768 1394 843 ἄλλος.”

191 877 288 959 qnasi
318 897 378 938 αοιι
405 873 480 937 catio
510 879 647 936 cumrato
676 874 758 958 toqui
789 881 871 940 esset
898 877 1007 960 inepto
1030 878 1063 939 et
1086 875 1221 940 absurda
1244 881 1277 940 et
1300 894 1394 940 senen

189 999 299 1045 vacue
327 980 441 1045 dicere.
490 973 590 1044 Oredo
619 979 773 1044 mendum
803 980 930 1046 subesse
962 985 994 1044 et
1025 979 1113 1044 facili
1144 982 1273 1066 negotio
1297 981 1393 1045 corri-

190 1085 339 1172 gendum
362 1102 445 1150 esee:
471 1084 554 1164 εἵτερ
578 1093 649 1148 Tlc
673 1108 762 1150 τοτε.

244 1295 335 1375 Quod
357 1294 586 1362 Demosthenes
608 1318 681 1384 pag.
708 1295 760 1362 30.
786 1297 816 1362 6.
842 1301 956 1365 acriter
979 1304 1011 1364 et
1031 1295 1246 1386 significanter
1266 1298 1390 1364 dixerat

191 1404 361 1467 enervavit
391 1408 423 1466 et
452 1403 550 1488 fregit
580 1403 737 1488 adscripta
766 1404 857 1470 scioli
888 1402 1156 1470 annotatiuncule.
1203 1402 1390 1469 Describam

190 1495 307 1570 loeum'
335 1513 373 1571 nt
403 1509 486 1571 mihi
517 1509 556 1572 ab
588 1507 718 1574 Oratore
741 1509 900 1593 proiectus
923 1531 989 1575 esse
1012 1509 1157 1574 videtur:
1183 1510 1208 1572 st
1231 1509 1293 1588 yur
1317 1508 1389 1572 τότε

192 1613 297 1676 ἐκεῖσε
328 1613 540 1691 ἐβοηθήσαμεν
562 1611 660 1692 ὥσπερ
685 1616 911 1696 ἐψηφισάμεθα
935 1615 1092 1694 προθύμοις
1116 1615 1170 1677 οὐκ
1193 1613 1232 1678 ἂν
1256 1615 1387 1693 ἠνώχλει

191 1722 247 1782 νῦν
281 1719 352 1796 ἡμῖν
381 1720 395 1782 t
421 1721 585 1791 Φίλιππος.
633 1719 670 1784 In
691 1719 784 1786 libris
807 1721 925 1808 duplex
948 1720 1151 1808 interpolatio
1175 1721 1329 1784 cernitur:
1355 1720 1389 1782 in

190 1811 355 1909 plerisque
388 1825 517 1890 additur
547 1825 618 1890 τότε
646 1827 769 1903 συνείς,
794 1829 829 1891 in
851 1825 875 1892 S
899 1827 1002 1898 σωθείς
1025 1831 1163 1893 tantum.
1209 1823 1298 1889 Haec
1321 1825 1390 1909 ipss

190 1929 363 1995 diuersitas
386 1933 599 2015 suspicionem
622 1931 742 1996 fraudis
766 1938 884 1999 movet.
933 1931 1017 2014 Quid
1039 1931 1124 2018 apud
1146 1933 1293 1995 animum
1313 1927 1388 1993 Ora-

190 2041 246 2098 tor
285 2037 492 2122 cogitaverit,
529 2035 607 2120 qnid
638 2039 723 2102 cives
752 2040 785 2101 in
815 2041 963 2104 concione
993 2039 1245 2122 suspicarentur,
1277 2033 1389 2120 colligi

191 2142 302 2223 potest
325 2159 364 2204 ex
386 2161 460 2226 pag.
487 2137 562 2204 656.
587 2139 642 2206 22.
669 2140 707 2227 (οἱ
732 2144 895 2224 Ὀλύνθιοι)
919 2145 1022 2221 ὑμᾶς,
1046 2138 1094 2213 οὓς
1119 2139 1221 2204 ἴσασιν
1241 2137 1388 2204 ἁπάντων

190 2243 354 2322 ἀνθρώπων
388 2243 465 2320 ἥδιστ’
497 2244 536 2310 δν
567 2247 619 2310 καὶ
649 2249 719 2318 τοὺς
751 2249 863 2313 ἐκείνου
888 2247 1057 2335 (Philippi)
1081 2246 1193 2328 φίλους
1217 2244 1270 2309 καὶ
1295 2245 1388 2311 αὐτὸν

189 2350 245 2412 τδν
280 2351 432 2416 Φίλιστον
456 2353 862 2432 ἈΠΟΚΤΕΙΝΑΝΤΑΟ,
886 2357 996 2434 Φίλυος
1021 2351 1224 2427 πεποίηνται,
1248 2351 1330 2431 Φασὶ
1355 2349 1387 2413 δὲ

189 2455 247 2518 καὶ
273 2456 462 2535 συμμάχους
483 2460 670 2532 ποιήσεσθαι.
710 2458 791 2525 'Pam
812 2459 937 2525 aeribus
957 2460 1039 2525 odiis
1059 2461 1184 2524 hostem
1197 2454 1386 2540 Philippum

189 2563 462 2646 persequebantur
485 2569 522 2627 ut
547 2584 622 2627 eum
645 2564 870 2630 lubentissime
893 2565 1089 2650 interfecturi
1114 2583 1181 2628 esse
1204 2561 1385 2626 dicerentur

190 2665 305 2750 Itaque
324 2667 552 2734 Demosthenes
571 2689 671 2754 quum
692 2670 833 2735 hominia
845 2669 1046 2756 opprimendi
1058 2669 1252 2734 occasionem
1264 2668 1386 2731 civium

189 2773 336 2838 socordia
365 2775 517 2839 emissem
549 2795 615 2840 esse
646 2781 830 2860 quereretur
854 2782 886 2841 et
908 2775 1007 2842 vellet
1031 2775 1134 2839 dicere
1157 2772 1386 2849 &rueretrueret

190 2875 232 2941 ἄν
263 2876 314 2940 τὸν
345 2880 516 2954 Φίλιστον,
549 2879 666 2946 maluit
698 2880 905 2960 εὐφημότερον
936 2880 1025 2945 idem
1055 2875 1233 2966 significare
1260 2875 1384 2942 vorbis:

188 2983 248 3046 οὐκ
273 2982 310 3047 δον
334 2987 464 3064 ἠνώχλει
490 2990 539 3049 νῦν
562 2989 635 3062 ἡμῖν
655 2987 669 3050 d
690 2986 854 3058 Φίλιστος.
890 2985 998 3052 Feeile
1016 2991 1065 3050 est
1083 2983 1123 3050 ad
1138 2980 1386 3069 intelligendum

189 3090 227 3152 in
258 3087 479 3156 huiuscemodi
510 3094 666 3158 sententia
693 3111 794 3177 neque
824 3093 928 3163 σωθείς
952 3111 1054 3176 neque
1076 3088 1147 3155 τότε
1172 3089 1273 3160 συθείς
1298 3107 1384 3154 οοιιι-

190 3193 289 3259 mode
311 3194 386 3260 eddi
407 3215 507 3280 posse.

237 3404 318 3493 Peg.
344 3404 396 3471 31.
424 3406 475 3472 12.
503 3407 586 3495 (τοὺς
609 3407 729 3495 νόμους)
752 3409 821 3482 τοὺς
841 3411 885 3480 εἰς
903 3409 938 3474 τὸ
959 3409 1054 3490 ταρδν
1073 3407 1279 3487 βλάπτοντας
1301 3406 1383 3483 ὑμᾶς

189 3512 324 3576 λύσατε.
357 3512 440 3591 λέγω
473 3515 504 3579 δὲ
536 3516 605 3586 τοὺς
631 3515 697 3594 περὶ
722 3520 781 3579 τῶν
805 3517 945 3595 θεωρικῶν
969 3517 1078 3594 σαφῶς
1104 3513 1211 3578 οὑτωσὶ
1237 3511 1289 3575 καὶ
1314 3509 1384 3582 τοὺς

189 3618 261 3696 περὶ
284 3625 342 3682 τῶν
365 3619 593 3697 τοατενομένων
618 3619 729 3695 ἐνίους,
744 3616 794 3706 Δὦν
819 3621 844 3684 σι’
869 3621 925 3695 μὲν
949 3620 991 3685 τὰ
1014 3617 1202 3700 :tartaree
1226 3623 1289 3687 τοῖς
1313 3614 1384 3695 οἴκοι

189 3723 315 3800 μένουσι
359 3724 547 3802 διανέμουσιν
584 3725 754 3811 [θεωριαδ],
791 3727 817 3790 σι’
853 3726 884 3790 δὲ
918 3727 987 3798 τοὺς
1023 3726 1238 3793 ἀτακτοῦντος
1273 3717 1385 3802 ἀθῴους

189 3831 364 3897 nauseare.
410 3829 600 3916 Diserepant
629 3831 721 3909 libri,
748 3851 883 3917 quorum
907 3831 964 3896 alii
988 3831 1160 3907 διανέμουσι
1185 3825 1309 3904 θεωρικά
1333 3846 1385 3890 ex·

188 3935 322 4008 hibent,
351 3935 408 4000 alii
439 3935 628 4014 διανέμουσιν
660 3941 698 4009 ὡς
728 3937 874 4017 θεωρικά,
900 3940 1015 4003 vitiose
1038 3943 1220 4019 utrumque.
1268 3929 1385 3996 Omnia

189 4045 268 4106 eunt
298 4041 331 4104 in
361 4042 466 4106 verbis
494 4043 536 4106 ccl
565 4043 755 4120 τρατιυτιαοδ
784 4053 848 4115 τοῖς
873 4043 945 4107 οἶκοι
968 4041 1089 4120 μένουσι
1114 4039 1325 4116 διανέμουσιν,
1350 4035 1383 4100 id

188 4151 240 4212 eet
263 4145 330 4210 riori
356 4153 558 4225 ςρατιωτινῶν
583 4149 707 4228 θεωρικὰ
731 4153 873 4214 ποιοῦσιν.

237 4355 358 4423 Vitioee
388 4359 528 4424 abundet
558 4359 750 4424 vocobulum
773 4363 807 4424 in
830 4361 936 4425 verbis
959 4380 1033 4447 pag.
1057 4356 1110 4423 32.
1139 4359 1167 4422 1.
1194 4357 1224 4420 ct
1249 4353 1313 4434 γάρ
1338 4355 1382 4421 ter

187 4461 306 4528 δίκαιον
335 4463 390 4538 τὴν
420 4465 477 4540 μὲν
505 4465 614 4545 χάριν,
650 4455 674 4538 tl
699 4470 805 4530 τῖεσαν
837 4463 984 4544 ἔβλαστε
1008 4465 1062 4538 τὴν
1086 4463 1197 4539 πόλιν,
1222 4469 1285 4530 τοῖς
1310 4457 1381 4524 τότε
