3404 5192
312 555 368 624 σὺν
397 555 440 635 τῷ
468 554 545 635 isira
569 557 666 621 scribi
689 553 824 620 debebat
847 557 987 640 Πετεῷο,
1012 555 1185 638 timeatque:
1211 557 1371 624 estasim
1393 557 1502 624 tormi-

312 668 399 731 natio
420 701 462 712 -
484 685 523 726 οιο
543 661 697 746 producta
707 663 813 746 prima
823 660 926 727 vocali
938 663 1085 731 άττικιςέ.
1108 662 1294 729 Promiscue
1305 662 1446 738 Πηνέλεω
1459 702 1500 714 -

313 769 486 851 Πιρνελέιρο,
512 769 615 833 Πετεώ
629 805 670 816 -
684 767 822 847 Πετεῷο,
845 767 1006 849 Τυνδάρεω
1031 775 1063 834 et
1085 768 1259 852 Τυνδαρέοιο
1284 771 1347 836 dici
1369 775 1501 856 poterat.

314 875 398 956 Quid
418 879 527 941 autem
549 874 638 938 aliud
658 878 707 939 est
724 875 881 945 Ἀττικοῖς
900 871 1069 952 γράμμασι
1083 878 1238 961 scriptum
1249 885 1500 942 ΠΕΝΕΛΕΟΙΟ

313 1001 411 1066 quam
435 978 601 1059 Πνυολέῳο.

360 1085 425 1153 Our
444 1093 553 1152 autem
572 1085 675 1151 forma
695 1083 864 1165 Τυνδάρεος
884 1091 917 1151 et
935 1086 1105 1167 Tectapiov
1125 1087 1304 1154 damnande
1323 1087 1391 1155 est?
1423 1089 1505 1170 Quia

313 1194 425 1261 formis
452 1193 569 1258 Atticis
596 1192 746 1257 omnibus
768 1193 802 1256 in
827 1229 868 1240 -
895 1202 983 1257 ene
1005 1199 1038 1258 et
1062 1231 1104 1242 —
1131 1202 1223 1261 essN
1247 1197 1436 1261 exeuntibus
1458 1217 1504 1261 re·

315 1298 469 1385 spondent
486 1297 608 1362 formae
626 1299 661 1361 iu
678 1335 721 1346 -
738 1303 923 1362 nocet-
939 1307 1052 1377 ΑΩΝ,
1066 1300 1170 1365 veluti
1181 1301 1338 1379 Ἀμυθέων
1350 1340 1393 1351 -
1407 1302 1504 1380 Ἀμυ-

315 1405 411 1477 lacu,
432 1402 595 1481 Ἀλκμέων
613 1439 654 1450 -
672 1402 855 1481 Ἀλκμάων,
870 1404 1027 1483 Ἀγέλεως
1041 1444 1082 1454 -
1096 1405 1266 1486 Ἀγέλοιος,
1280 1406 1349 1481 νεώς
1363 1446 1406 1458 -
1419 1407 1504 1494 νοές,

315 1511 462 1590 μετάορος
490 1509 660 1596 (μετήορος)
676 1547 717 1558 -
730 1508 879 1589 μετέωρος
902 1517 962 1577 oet.

362 1617 472 1701 Itaque
503 1617 531 1680 si
561 1613 762 1696 Toutapos
793 1621 841 1682 est
864 1618 1010 1682 Atticum
1035 1616 1238 1703 (quodnemo
1260 1620 1401 1700 dubitat)
1423 1620 1504 1686 Ioni·

316 1744 392 1790 cum
423 1727 472 1786 est
500 1740 563 1785 non
592 1721 760 1802 Τυνδάρεος
790 1723 845 1788 sed
877 1729 933 1788 aut
963 1723 1140 1805 Τυνδάροιος
1173 1731 1229 1790 aut
1258 1727 1431 1807 Τυνδάρηος
1455 1727 1505 1816 (ut

319 1827 521 1909 Ἀμφιάρεως
537 1863 577 1876 —-
590 1827 814 1914 Ἀμφιάρηος),
839 1829 923 1914 quod
944 1849 1039 1895 nemo
1061 1830 1145 1898 vidit
1165 1836 1198 1896 et
1220 1852 1314 1899 nomo
1336 1834 1468 1900 videbit.

362 2037 399 2104 Si
429 2039 501 2122 quis
531 2039 566 2102 in
595 2035 736 2105 Homero
767 2037 902 2126 legendo
933 2038 992 2104 hoc
1022 2044 1097 2126 eget
1125 2039 1219 2126 plura
1249 2040 1288 2106 de
1310 2063 1425 2128 genere
1446 2042 1506 2108 hoc

319 2149 502 2231 reperturus
530 2149 595 2228 est,
626 2145 710 2211 unde
741 2151 797 2211 aut
826 2144 941 2211 melior
969 2143 1066 2211 lectio
1096 2146 1169 2212 elici
1192 2149 1292 2232 possit
1314 2153 1371 2214 out
1394 2148 1507 2214 diacre·

319 2254 425 2337 pantis
448 2251 621 2335 scripturae
645 2254 734 2339 origo
758 2256 875 2336 pateat.
914 2249 951 2315 ln
973 2250 1063 2318 lliorl
1089 2262 1128 2317 0.
1155 2251 1231 2318 635.
1255 2254 1330 2318 libri
1352 2254 1508 2340 discrepo

318 2357 396 2422 bant
417 2359 451 2421 in
471 2356 535 2420 άῐέυ
555 2356 735 2436 έμΟςιχάει
756 2362 789 2422 et
807 2355 906 2436 ὁμΟΤ
921 2356 1038 2440 ςιχάει.
1053 2363 1237 2425 annotatur:
1262 2360 1507 2442 άμοςιχάειε

317 2461 555 2542 ουμτορεύετοιι.
587 2462 747 2543 βάρβαρον
777 2463 809 2528 δέ
838 2471 932 2544 φησιν
964 2460 1041 2529 εένοιι
1076 2467 1154 2530 οούτὸ
1189 2465 1353 2539 Διονύσιος.
1400 2467 1507 2532 Facile

316 2568 491 2634 credimus-t
517 2565 697 2646 έγέμροοττο
720 2569 751 2634 a
775 2569 806 2633 έν
829 2577 895 2641 τοῖς
916 2579 1064 2645 τολοιιοῒς
1090 2580 1227 2636 ΗΟΜΟ.

874 2809 944 2876 XV.

825 3010 994 3069 rumen.

362 3199 427 3264 Soio
457 3197 542 3285 apud
571 3197 752 3264 Homerum
783 3203 831 3263 est
859 3197 939 3264 ιοῑδοι
972 3200 1004 3262 et
1033 3197 1155 3262 ιοίοέοιιι
1186 3199 1284 3280 ορδερ.
1333 3199 1506 3266 Informis

316 3306 448 3392 perfecti
477 3305 563 3370 rcitc
592 3303 683 3369 nulla
713 3309 760 3369 est
791 3305 929 3370 varietas
958 3323 1059 3388 noque
1085 3303 1295 3389 discrepantia
1317 3325 1419 3390 neque
1441 3305 1507 3371 dis·

317 3415 429 3478 sensio.
475 3412 567 3477 Fciia
598 3411 695 3475 habet
725 3411 824 3476 εοῒσέιι
856 3415 888 3476 ot
917 3409 995 3476 εοῒδε
1026 3409 1145 3490 (dualis
1173 3411 1250 3480 εέςον
1274 3410 1420 3496 exempla
1443 3431 1506 3478 non

321 3517 502 3602 occurrunt)
535 3522 568 3582 et
597 3518 717 3594 είδμεν,
749 3516 809 3584 οέτε
840 3522 873 3582 et
902 3517 1018 3580 εέοοιοιν
1050 3521 1082 3582 et
1110 3519 1145 3581 in
1167 3519 1358 3602 imperativo
1380 3516 1452 3581 εέοέι
1477 3519 1510 3581 et

318 3622 396 3691 riso.
444 3620 561 3690 Omnes
591 3623 651 3689 hae
683 3623 820 3700 formae,
854 3643 934 3708 quae
964 3622 1146 3710 analogiam
1170 3628 1289 3692 certem
1313 3626 1505 3707 sequuntur,

318 3732 438 3794 certam
461 3733 494 3794 et
516 3727 714 3815 exploratam
737 3729 856 3794 habent
879 3727 976 3794 iidem
997 3733 1030 3794 et
1052 3730 1245 3794 testimoniis
1263 3731 1400 3792 utuntur
1419 3732 1509 3793 extre

318 3854 447 3900 omnem
479 3837 726 3900 controversiam
755 3837 876 3919 positis.
925 3834 961 3898 ln
989 3833 1297 3920 plusquamperfecto
1321 3835 1410 3918 ιρδοιι
1433 3839 1508 3899 sunt

317 3940 473 4006 librorum
497 3945 529 4006 et
552 3943 836 4028 grammaticorum
859 3941 940 4007 vitia
960 3945 993 4004 et
1011 3959 1138 4006 errores.
1175 3939 1388 4006 Discernenda
1405 3942 1509 4026 igitur

317 4053 392 4112 sunt
420 4067 495 4114 vera
528 4052 560 4113 et
589 4049 729 4134 genuina
758 4067 777 4112 a
807 4045 896 4111 falsis
920 4049 952 4111 et
974 4047 1109 4113 vitiosis.
1156 4045 1277 4111 Probae
1301 4049 1334 4112 et
1357 4047 1507 4130 antiquae

316 4152 437 4218 formae
458 4152 519 4217 hae
542 4158 632 4217 sunt:

453 4259 555 4339 Γήδεοο
578 4262 611 4324 et
634 4263 707 4324 ante
730 4256 874 4324 vocalem
896 4258 982 4340 τάδε’.

453 4365 551 4445 rotae
577 4369 609 4429 et
631 4363 771 4446 ιὴδνοάοι.

453 4469 568 4556 Fater,
592 4469 669 4552 τάδει
693 4473 821 4535 stante
845 4467 988 4536 vocalem
1012 4471 1088 4555 τάδε’
1109 4475 1166 4537 eut
1188 4468 1292 4554 ιῄδειν.
