3392 5186
740 355 806 426 asi

176 549 345 614 annotatur
368 545 408 610 ad
438 565 487 612 rs.
515 544 591 612 329.
623 547 780 614 άίετεῖται
804 545 849 613 ὅτι
874 557 1014 627 γελοῖος,
1040 553 1065 617 εί
1090 553 1107 626 ἦ
1131 551 1230 628 μελία
1255 551 1368 628 ἐπετά-

176 652 262 718 δευσε
291 654 335 730 μη
366 653 543 729 άποταμεῖν
570 654 621 717 τὸν
654 652 843 734 άοφάραχον
874 651 923 719 ἵνα
947 659 1150 740 προσφωυηση
1174 659 1227 723 τδυ
1250 662 1367 739 Ἀχιλ-

175 754 245 822 λέα.
271 793 314 806 -
336 757 386 820 διά
412 758 447 822 τὸ
470 753 569 833 ὅμοιον
593 759 750 824 άίετεῖπαι
774 761 914 825 κάκεῖνο·

358 855 421 928 εὗδ’
448 863 462 928 ὅ
486 863 689 950 δεδειπνηκει,
714 864 728 930 ὃ
752 865 784 932 δέ
808 864 953 932 παύσατο
979 867 1053 941 ίεῖος
1077 869 1186 943 άοιδίς.

223 1069 281 1139 06.
307 1081 356 1139 Ω.
382 1070 435 1138 39.

312 1177 500 1260 μαρνάμενοι
524 1178 592 1259 περί
616 1185 697 1259 σεῖο,
722 1180 759 1244 σὺ
784 1180 810 1244 δ’
834 1181 865 1244 έν
887 1179 1081 1263 ςροφάλιχχι
1107 1182 1205 1259 κονίης

314 1292 398 1350 κεῖσο
420 1282 526 1363 μέγας
551 1286 717 1363 μεχαλωςὶ
741 1285 931 1364 λελασμένος
955 1287 1161 1354 ἱπποσυνάων.

177 1392 218 1458 ad
241 1391 333 1460 Iliad.
358 1401 397 1458 Π.
423 1389 501 1459 775.

290 1497 492 1578 μαρναμένων
515 1497 602 1577 άμφ·
629 1493 739 1572 αὐτόν,
763 1489 777 1560 6
801 1495 828 1560 δ’
853 1497 884 1560 έν
906 1497 1103 1582 ςροφάλιχγι
1127 1497 1225 1572 κονίης

290 1612 373 1670 κεῖτο
395 1603 501 1682 μέγας
525 1601 690 1679 μεγαλωστί
716 1601 907 1681 λελασμένος
932 1602 1137 1668 ἱπποσυνάων.

177 1715 363 1779 annotatur:
396 1710 409 1773 δ
441 1709 598 1789 άςερίσκος
630 1703 675 1772 ὅτι
704 1709 746 1782 είς
771 1711 825 1783 την
857 1709 999 1791 δευτέραν
1024 1710 1158 1776 Νέκυιαν
1181 1708 1368 1790 μετάκειται

176 1819 238 1900 οὐχ
262 1817 364 1894 ὑγιῶς.

222 1923 348 1989 Harum
379 1921 525 1986 omnium
556 1917 725 1992 corsicana
759 1920 793 1982 in
818 1916 973 1996 scholiis,
997 1939 1077 2004 quae
1101 1923 1286 2004 supersunt,
1311 1941 1370 1986 nec

176 2030 250 2097 vola
281 2035 329 2094 est
358 2049 416 2094 nec
445 2027 633 2112 vestigium.
681 2023 785 2102 Quam
814 2022 936 2088 multas
966 2023 1045 2089 alias
1068 2027 1136 2088 sina
1159 2023 1226 2089 ullo
1250 2025 1367 2091 indicio

177 2136 307 2220 periisse
337 2129 505 2218 putemus?
547 2129 798 2214 Nonnumquam
832 2128 955 2193 factum
986 2134 1098 2194 estut
1130 2133 1165 2194 in
1196 2129 1367 2204 άίετησεως

177 2241 339 2305 mentione
357 2240 465 2324 spuria
483 2241 517 2303 et
531 2239 671 2324 genuina
689 2233 973 2312 confunderentur,
994 2236 1085 2300 cuius
1104 2237 1150 2299 rai
1167 2235 1248 2301 dabo
1267 2257 1370 2300 unum

178 2343 362 2429 exemplum
393 2348 431 2408 ut
461 2363 644 2409 errorema
676 2340 821 2406 Behhero
844 2343 1053 2406 commissum
1076 2361 1220 2429 arguam.
1267 2340 1369 2429 Lege·

178 2451 272 2516 batur
295 2450 386 2517 iliad.
408 2461 441 2515 Β.
467 2447 544 2515 668.

360 2557 472 2638 τριχθά
496 2556 527 2621 δὲ
550 2553 678 2632 εοίκηίεν
701 2553 927 2638 καταφυλαδδν
950 2553 994 2630 ἧδ’
1018 2553 1163 2636 έφίληίεν

307 2699 308 2704 1
360 2664 393 2727 ἔκ
418 2662 509 2738 Διίς,
533 2659 585 2730 ὅτε
609 2664 697 2726 ίεοῖσι
722 2660 774 2724 καί
799 2660 975 2742 άνίριίποιοι
1000 2659 1160 2737 σαυοίσσει,

358 2766 413 2833 καί
435 2774 510 2848 σφιν
533 2767 689 2832 θεσπέσιον
713 2771 844 2831 πλοῦτον
869 2764 1025 2848 κατέχευε
1051 2765 1183 2848 Κρονίων.

221 2874 308 2939 Audi
330 2872 569 2938 Aristarchum:
594 2874 626 2936 οὐ
652 2871 759 2946 νοήσας
785 2895 832 2945 τις
856 2867 902 2936 ὅτι
925 2871 961 2937 τδ
985 2873 1206 2950 σημαινόμενον
1235 2872 1368 2938 ποιοῦσίν

176 2981 239 3048 έςι·
275 2977 387 3056 καίπερ
422 2979 474 3042 οὐκ
506 2977 555 3040 έπδ
587 2983 643 3049 τῆς
676 2977 774 3051 αὐτῆς
810 2978 959 3049 οἰκοῦντες
998 2976 1115 3050 πόλεως
1151 2979 1240 3043 άλλά
1274 2989 1367 3062 τριχῇ

176 3080 398 3164 διασπαρέντες
423 3084 614 3167 ε’φιλὴίησαν
638 3079 691 3146 ὑπ’
718 3081 865 3156 άλληλων
889 3082 941 3146 καί
967 3084 999 3148 οὐ
1021 3083 1238 3163 διηχίρευοαν,
1265 3083 1369 3166 έζιίτη·

177 3215 228 3256 κεν
253 3189 310 3256 ὑπὸ
333 3189 412 3263 πίνος
435 3189 637 3273 έφιληίησαν.
663 3187 705 3253 διδ
730 3186 894 3268 προσέθηκε
920 3185 956 3252 τί
982 3211 989 3225 ·

371 3297 404 3362 έκ
429 3297 501 3369 Διὸς
525 3293 576 3365 ὅτε
600 3297 689 3362 ίεοῖσι
713 3297 766 3359 καί
790 3293 983 3377 άνίράποισιν
1006 3292 1146 3360 άνάσσει.

178 3406 211 3468 ct
234 3402 274 3468 ad
296 3423 343 3470 vs.
369 3399 445 3469 670.
470 3404 487 3478 ἡ
512 3403 606 3477 διπλῆ
629 3397 675 3466 ὅτι
696 3401 841 3480 Πίνδαρος
866 3399 971 3481 κυρίως
996 3399 1134 3465 δέδεκται
1160 3399 1274 3480 χρυσὸν
1293 3397 1366 3466 ὗσαι

176 3507 226 3572 τὸν
251 3507 315 3573 Δία
340 3509 474 3589 Ὀμήρου
497 3513 665 3592 μεταφορᾷ
697 3504 887 3589 κεχρημένου
912 3505 962 3570 διά
987 3507 1040 3570 τοῦ
1064 3505 1270 3587 κατέχευε
1295 3507 1367 3587 πρὸς

178 3611 318 3697 ἔμφασιν
340 3619 393 3681 τοῦ
422 3615 566 3682 πλούτου.

221 3719 302 3785 Vide
331 3741 416 3786 nunc
446 3723 479 3786 in
510 3741 607 3806 quem
638 3741 776 3787 errorem
800 3740 833 3785 se
860 3719 1000 3785 induerit
1022 3719 1153 3785 Pindari
1178 3717 1368 3784 scholiastes

178 3825 218 3891 ad
241 3823 422 3912 Olympion.
448 3827 517 3893 vir.
543 3827 596 3892 62.

401 3929 470 3997 ένίοι
495 3933 570 3998 ποτὲ
593 3933 693 4014 βρέχε
718 3933 788 3998 θεῶν
811 3931 965 4010 βασιλεὺς
988 3933 1002 3996 ί
1025 3929 1130 4009 μέγας

401 4037 548 4117 χρυσέαις
572 4038 734 4118 νιφάδεσσι
758 4034 857 4102 πάλιν.

177 4145 232 4226 qui
254 4143 383 4208 scribit:
414 4147 503 4209 τοῦτο
534 4145 676 4224 άντικρὺς
706 4145 740 4208 ἐκ
763 4149 817 4208 τοῦ
851 4141 1051 4219 άίετουμέυου
1083 4144 1250 4222 Ὁμηρικοῦ
1274 4141 1367 4223 ςίχου

178 4246 308 4330 εἴληφεν
330 4249 344 4314 ί
368 4249 531 4329 Πίνδαρος·

359 4354 414 4418 καί
435 4361 510 4436 σφιν
535 4353 690 4420 θεσπέσιον
714 4359 845 4419 πλοῦτον
870 4353 1024 4434 κατέχευε
1049 4353 1182 4434 Κρονίων.

178 4460 267 4526 rides
297 4461 374 4548 quid
405 4467 508 4528 errat'
544 4462 746 4528 Aristarchus
776 4463 862 4528 enim
892 4463 977 4527 hunc
1004 4481 1134 4528 versum
1156 4479 1218 4524 uon
1241 4459 1367 4536 ἦίέτησε
