3232 5176
738 377 779 450 69

163 580 204 640 et
233 577 282 639 sic
305 574 531 661 supplendum:
557 576 712 648 άννίλωται
737 575 840 651 μάτην
864 576 906 647 είς
926 575 993 645 τούς
1016 573 1115 653 (ὑπὲρ)
1139 579 1197 637 τῶν
1215 571 1370 648 Ἑλλήνων

165 679 364 752 οὶποςθλους.
412 682 619 745 Athenienses
649 701 740 766 saepe
767 701 900 766 magnas
924 679 1037 744 classes
1061 679 1100 743 ad
1123 699 1215 763 opem
1239 675 1370 743 Graecis

166 807 191 850 a
234 785 386 870 Philippo
420 789 530 871 petitis
563 785 723 850 ferendam
753 788 877 872 ingenti
907 798 1018 849 sumtu
1049 789 1283 870 compererant,
1315 783 1370 848 sed

167 892 257 975 quis
288 889 352 956 fere
381 911 449 956 sero
471 892 640 956 veniebant
662 911 799 978 magnae
821 911 895 976 opes
918 891 1035 954 frustra
1059 896 1147 955 erant
1171 894 1365 954 consumtoe.

167 994 268 1060 Audi
290 997 396 1080 ipsum
420 996 667 1062 Demosshenem
690 1016 764 1085 psg.
790 996 843 1061 50.
869 996 898 1059 4.
925 995 1023 1060 καίτοι
1047 996 1079 1059 τί
1098 995 1210 1068 δήποτε
1230 991 1367 1072 νομίζετε

169 1139 222 1150 -
249 1101 320 1172 τούς
354 1101 525 1172 άποςθλους
559 1102 681 1171 πάντας
712 1103 784 1178 ὑμῖν
815 1101 957 1181 ὐςερίζειν
988 1106 1046 1165 τῶν
1077 1107 1203 1180 καιρίους
1237 1105 1269 1166 et
1292 1120 1366 1186 pag.

167 1205 235 1270 92.
269 1204 323 1270 28.
348 1207 386 1271 de
409 1207 507 1272 classe
528 1207 742 1292 nequidquam
765 1211 880 1273 missa:
906 1207 1071 1284 συμβαίνει
1096 1207 1122 1271 δ’
1147 1209 1220 1284 ἡμῖν
1243 1243 1284 1255 -
1310 1201 1368 1270 ίσα

168 1311 217 1378 ἂν
243 1311 467 1388 δαπανήσωμεν
492 1319 649 1378 ΜΛΤΗΝ
675 1315 990 1380 ’ΛΝΗΛΩΚΕΝΑ1

227 1524 308 1610 Pug.
339 1523 413 1590 174.
441 1523 493 1588 16.
518 1525 607 1588 ἀλλά
631 1525 665 1597 νὴ
690 1526 754 1589 Δία
777 1530 883 1588 ταῦτα
907 1524 996 1600 μθνον
1018 1523 1084 1589 τότ’
1108 1520 1177 1605 είχε
1200 1522 1325 1600 βέλτιον
1350 1524 1367 1599 ἢ

168 1635 253 1707 νῦν,
285 1631 327 1696 τίι
359 1629 386 1694 δ’
420 1629 509 1694 ἄλλα
531 1638 643 1709 χεῖρον.
689 1629 832 1696 Emenda
855 1634 959 1694 ταῦτα
984 1639 1078 1695 ΜΕΝ
1101 1651 1159 1715 pro
1182 1631 1288 1707 μθνον,
1313 1631 1369 1713 qui

168 1737 327 1820 frequens
367 1736 400 1800 in
442 1734 534 1800 libris
569 1756 653 1800 error
687 1741 744 1800 est.
802 1736 990 1821 Requiritun
1023 1734 1081 1813 μέν
1114 1738 1149 1799 in
1182 1734 1369 1799 huiusmodi

168 1844 377 1907 concessione
408 1845 440 1905 ct
470 1843 673 1925 oppositione.
721 1843 811 1918 Ιύιίο,
844 1841 978 1907 concedo
1007 1842 1078 1905 ίισσσ
1101 1841 1171 1903 olim
1194 1839 1228 1902 ιἰο
1250 1839 1370 1904 πείθοιο

166 1954 263 2012 stato
279 1947 401 2031 fumeo,
425 1947 478 2009 sed
500 1983 553 2010 -.

225 2050 326 2137 Saepe
356 2052 414 2130 μέν
443 2058 476 2116 et
506 2049 593 2127 μθνον
626 2051 870 2116 confunduntur.
913 2049 993 2138 Pug.
1025 2049 1102 2116 125.
1129 2048 1181 2115 17.
1213 2051 1246 2114 οὐ
1270 2048 1367 2113 τοίνυν

167 2159 267 2236 παρά
296 2159 413 2228 τούτοις
441 2157 562 2234 μθνΟΝ
588 2156 646 2243 (sic
668 2154 700 2220 S.
727 2158 842 2222 coeteri
865 2175 973 2221 omnes
996 2153 1110 2240 μθνοις)
1136 2155 1170 2218 τὸ
1192 2153 1254 2226 ἔθος
1278 2157 1368 2217 τοῦτο

167 2261 286 2329 πάντα
310 2262 393 2326 κακοὶ
418 2262 606 2341 εἰργάσατο,
628 2260 736 2326 άλλοθι
758 2261 783 2324 δ’
804 2262 949 2336 οὐδαμοῦ.
984 2260 1174 2346 Reponende
1193 2264 1241 2324 est
1260 2261 1369 2324 Attica
1422 2251 1424 2256 ⁵

166 2369 383 2454 compotum,
416 2366 518 2452 qualis
550 2373 598 2434 est
627 2370 660 2432 in
691 2367 743 2430 καί
774 2370 828 2432 οὐκ
864 2365 991 2447 ἔγραψα
1015 2367 1071 2443 μὲν
1096 2368 1149 2430 οὐκ
1173 2364 1385 2446 ἐπρέσβευσα1

166 2476 230 2551 δέ,
257 2479 290 2538 et
311 2473 512 2539 scribendum
535 2475 621 2553 παρά
644 2472 762 2543 τούτοις
783 2479 888 2538 ΜΕΝ.

223 2684 304 2771 Peg.
341 2681 417 2748 174.
455 2684 508 2748 20.
541 2685 653 2761 οιθσμον
683 2690 739 2756 τῆς
770 2684 888 2754 πθλεως
912 2721 955 2732 -
979 2689 1111 2748 τοιοῦτον
1143 2683 1196 2748 καί
1228 2687 1368 2748 τοσοῦτον

168 2791 347 2856 κατέλιπον
379 2789 482 2853 έιιεῑνοι
516 2790 663 2875 (maiores
691 2794 763 2854 nost
782 2791 804 2868 ')
833 2787 890 2856 θίςε
920 2789 1025 2864 μηδενί
1049 2791 1108 2853 τῶν
1129 2788 1369 2867 ἐπιγιγνομένων

170 2893 351 2974 ὑπερβολὴν
379 2897 556 2970 λελεῖφθαι.
582 2895 762 2974 προπύλαια
785 2899 909 2972 ταῦτα,
935 2895 962 2978 [ὂ
988 2895 1178 2977 Παρθενών],
1204 2897 1369 2968 νεώσοικοι,

169 3002 251 3070 ςοαί
262 3049 271 3074 ,
302 2997 421 3065 τάλλα.
468 2999 608 3065 Tantum
639 3022 702 3066 nou
729 3020 838 3065 omnes
860 3000 935 3065 libri
961 3001 1005 3088 (st
1030 3001 1105 3066 boui
1128 3001 1249 3087 omncs)
1275 3003 1369 3065 omit-

169 3113 253 3173 tunt
289 3107 302 3170 θ
336 3107 509 3185 Παρθενών,
542 3107 623 3191 quod
652 3109 780 3190 irrepsit
810 3127 849 3171 ex
880 3106 944 3171 ulio
974 3106 1197 3171 Demosthenis
1228 3108 1368 3172 oratione

169 3233 254 3300 pag.
279 3210 353 3277 617.
380 3210 432 3276 18.
457 3212 491 3275 τὸ
516 3215 574 3276 τῶν
598 3212 805 3289 άναθιρμάτων
825 3249 867 3260 -
888 3211 1022 3286 κάλλος,
1042 3213 1223 3290 προπύλαια
1241 3215 1365 3288 ταῦτα,

171 3319 187 3384 o‘
216 3319 394 3396 Παρθενών,
420 3319 507 3394 ποιοί,
533 3317 690 3382 νεώσοικοι.

223 3530 304 3618 Pug.
337 3529 412 3596 1¹75.
444 3530 497 3597 22.
529 3530 558 3594 εί
588 3555 635 3602 τις
659 3531 807 3608 άναγνοίορ
831 3530 874 3594 τά
898 3529 1098 3610 ψηφίσματα
1123 3529 1205 3605 ὑμῶν
1229 3527 1281 3593 καί
1305 3530 1364 3601 τάς

174 3635 304 3715 πράξεις
330 3636 443 3718 ἕφεξῖίε
467 3636 574 3701 διέλθοι
597 3636 658 3701 οὐδ’
682 3635 720 3700 θον
744 3631 787 3707 είς
809 3637 953 3703 πιςεθσαι
974 3643 1033 3700 τῶν
1052 3637 1152 3701 αὐτῶν
1173 3631 1248 3700 εἶναι
1262 3639 1368 3700 ταῦτα

171 3747 326 3826 κάκεῖνα,
350 3742 462 3808 deinde
486 3741 549 3806 duo
572 3741 718 3827 exempla
741 3741 848 3807 effert:
873 3737 930 3806 οίον
951 3733 973 3807 ίο
992 3743 1063 3821 πρὸς
1084 3741 1154 3813 τοὺς
1174 3743 1369 3821 καταράτους

171 3847 349 3926 Μεγαρέας
380 3847 578 3928 ἐψηφίσασθε
610 3846 875 3923 ἀποτεμνομένους
906 3847 961 3920 τὴν
991 3847 1127 3924 ὀργάδα,
1159 3845 1284 3922 ἐξιέναι,
1309 3873 1368 3912 κω-

172 3955 280 4030 λύειν,
313 3957 356 4030 μίρ
380 3952 561 4032 ἐπιτρέπειν.
586 3958 712 4038 etpost
735 3973 835 4037 pauca
858 3953 965 4018 addit:
990 3950 1120 4018 άπαντα
1145 3951 1233 4017 καλά
1258 3991 1300 4002 -
1325 3955 1368 4018 τά

173 4059 257 4140 ἔργα
287 4061 318 4124 δὲ
350 4060 393 4124 τά
424 4060 487 4124 ὐπὸ
518 4058 632 4122 τούτων
661 4059 807 4135 οὐδαμοῦ.
857 4057 956 4122 Video
980 4058 1057 4122 haec
1081 4078 1100 4122 a
1123 4057 1215 4123 docto
1238 4058 1368 4124 homine

174 4167 288 4232 referri
312 4166 351 4231 nd
374 4168 505 4230 initium
528 4163 606 4230 belli
628 4163 904 4249 Peloponnesiaci,
928 4163 982 4227 ssd
1005 4161 1098 4228 fenile
1121 4169 1250 4247 apparet
1272 4163 1310 4228 de
1334 4185 1367 4230 re

175 4273 397 4338 recentissime
428 4271 505 4336 hoec
535 4271 615 4348 dici,
648 4290 749 4356 quum
781 4271 903 4336 factum
930 4276 1011 4335 esset
1032 4270 1237 4356 plebiscitum
1261 4273 1369 4353 atrox,

177 4377 234 4443 sed
266 4379 406 4442 irritum.
453 4375 524 4442 Hoc
553 4379 660 4461 ipsum
684 4378 770 4442 enim
793 4376 853 4441 hoo
876 4375 1021 4460 exemplo
1044 4376 1157 4461 probat
1177 4371 1223 4439 θσι
1246 4375 1289 4439 σθι
1313 4375 1370 4452 μὲν

178 4483 379 4568 ψηφίσματα
406 4481 509 4556 καλά,
534 4477 641 4563 τάργα
665 4482 696 4547 δέ
720 4483 867 4558 οὐδαμοῦ.
915 4480 1038 4546 Eodem
1061 4483 1199 4566 pertinet
1223 4479 1307 4566 quod
1324 4479 1368 4544 le-
