3410 5180
914 361 979 434 492

394 553 473 647 Pag.
519 559 595 626 460.
640 557 691 625 17.
728 558 780 624 καί
816 565 875 625 τῶν
910 560 967 638 μὲν
1001 559 1070 633 τοὺς
1105 557 1339 637 δανεισαμένους
1375 551 1548 622 οίποδοῦναι

347 665 527 731 κελευόντων
556 668 640 752 [τοὺς
665 662 699 741 ἐξ
722 663 847 750 dcccc}
884 663 948 746 Qui
970 666 1035 730 sini
1058 664 1083 729 οί
1104 662 1316 742 δανεισάμενοι
1336 664 1549 748 perspicuum

347 776 396 837 esi
418 777 450 837 ct
473 792 512 837 ox
533 773 603 857 ipss
626 791 660 836 re
682 777 715 836 ot
734 773 834 836 exiis
856 791 936 856 quas
953 770 1156 856 praecedunt.
1193 769 1360 834 Praeterea
1380 768 1551 835 emblema

347 878 382 942 in
405 883 474 944 ism
497 875 633 943 molesta
656 877 728 943 sede
753 875 943 943 collocatum
968 881 1015 942 est
1038 879 1076 940 oi
1098 874 1150 942 vel
1173 874 1247 940 hino
1273 873 1359 939 fraus
1380 877 1505 958 pateat.

392 1084 473 1172 Peg.
505 1083 581 1150 460.
615 1083 670 1150 29.
702 1087 736 1150 τὸ
769 1091 824 1159 τῆς
859 1085 975 1158 πόλεως
1006 1082 1072 1160 ήίος
1094 1121 1135 1132 -—
1156 1082 1211 1150 ίδοι
1242 1105 1289 1155 τις
1319 1081 1358 1148 ίιν
1386 1087 1545 1160 τοιοῦτον,

346 1193 483 1277 repetito
505 1190 630 1277 syllebn
651 1189 725 1278 loge
748 1195 881 1256 τοιοῦτον
901 1191 988 1255 ’'ON.

394 1401 472 1489 Peg.
501 1399 577 1465 461.
604 1399 655 1466 16.
681 1395 703 1481 ᾧ
728 1400 806 1483 μίνῳ
831 1399 953 1482 μείζους
977 1400 1051 1466 είσίν
1071 1403 1104 1465 αί
1124 1401 1211 1480 παρὰ
1230 1406 1287 1464 τῶν
1308 1401 1410 1476 δήμων
1430 1400 1544 1482 δωρεαί

347 1515 405 1574 τῶν
442 1508 528 1587 παρὰ
560 1513 617 1572 τῶν
645 1505 749 1572 ἄλλων
774 1513 930 1572 πολιτειῶν
956 1506 1139 1593 [διδομένων]
1166 1506 1217 1571 καί
1242 1511 1332 1571 τοῦτο
1355 1512 1545 1588 ἀφαιρεῖται

346 1619 398 1678 νῦν
429 1615 471 1692 τῷ
506 1613 595 1694 νόμῳ.
642 1611 873 1699 interpolatum
897 1621 929 1680 ei
953 1616 1098 1700 spurium
1122 1621 1170 1679 cst
1192 1613 1398 1698 participium
1422 1613 1546 1690 διδομέ-

347 1744 410 1785 νων.
447 1718 604 1785 Dicebant
627 1721 660 1784 αί
686 1720 773 1799 παρίι
796 1725 855 1784 τῶν
878 1719 981 1798 δήμων
1005 1717 1129 1798 δωρεαί,
1154 1719 1223 1782 sine
1245 1719 1430 1804 participio,
1453 1720 1544 1804 quod

345 1825 470 1892 sieddi
494 1824 606 1890 fuisset
629 1825 761 1891 solitum
785 1825 935 1891 dixisset:
961 1827 994 1890 οιί
1021 1825 1107 1905 παραὶ
1128 1829 1186 1888 τῶν
1206 1823 1309 1901 δήμων
1332 1822 1437 1904 δωρεαί
1462 1807 1543 1891 διδοί-

345 1939 449 2009 μενΑΙ
481 1936 539 1995 τῶν
572 1932 658 2011 παροδ
690 1938 748 1996 τῶν
779 1929 884 1997 ἄλλων
907 1936 1065 1997 πολιτειῶν
1088 1927 1210 2010 μείζους
1235 1929 1320 1994 είσίν.
1369 1928 1431 1996 Sed
1454 1931 1542 1996 nihil

346 2042 394 2103 est
424 2037 484 2103 hsc
514 2040 742 2122 compositione
772 2037 986 2122 frequentius:
1027 2038 1060 2102 αί
1092 2036 1178 2116 παρὰ
1208 2042 1266 2100 τῶν
1295 2036 1397 2111 δήμων
1430 2035 1544 2116 δωρεαί

345 2141 546 2229 appellantur
570 2163 642 2231 pag.
671 2142 746 2208 461.
774 2142 816 2208 16
826 2191 833 2221 ,
860 2141 935 2210 467.
961 2139 1021 2220 27,
1048 2139 1123 2208 476.
1150 2139 1186 2218 2,
1212 2139 1288 2208 478.
1316 2138 1374 2216 16,
1400 2138 1484 2220 490,
1510 2143 1541 2207 l.

345 2247 387 2314 Et
421 2251 465 2313 sic
499 2248 514 2322 ἡ
550 2249 635 2329 παρὰ
669 2249 781 2314 τούτων
812 2245 917 2331 χοίρις.
953 2244 1037 2324 470,
1070 2245 1099 2311 5.
1133 2246 1215 2311 unde
1238 2246 1439 2310 scribendum
1462 2269 1540 2336 psg.

345 2351 422 2422 477.
457 2352 489 2420 3.
525 2353 584 2425 τοδς
615 2355 753 2435 χάριτας
788 2353 871 2443 (τὰς)
906 2352 981 2434 παρ’
1015 2355 1096 2431 ὑμῶν
1128 2353 1259 2422 οίπίςους
1281 2347 1369 2426 ἕξειν.
1416 2351 1541 2417 Eadem

344 2459 469 2526 dicendi
494 2459 597 2524 forms
622 2462 745 2524 estin:

391 2568 408 2643 ή
433 2565 521 2644 παραὶ
545 2571 602 2630 τῶν
627 2565 697 2629 θεῶν
721 2563 823 2630 εὔνοια
846 2586 919 2654 psg.
946 2564 1000 2632 12.
1025 2563 1064 2643 8,
1093 2563 1145 2630 18.
1170 2563 1204 2630 2.

390 2674 406 2749 ή
431 2672 504 2748 παρ’
530 2670 611 2747 ὑμῶν
636 2671 767 2748 τιμωρία
794 2668 871 2737 775.
896 2669 928 2737 2.

389 2781 407 2853 ή
431 2775 504 2857 πρὸς
529 2774 598 2847 τοὺς
622 2775 845 2857 πρεσβυτέρους
871 2777 957 2857 παρα
981 2783 1038 2842 τῶν
1062 2775 1131 2842 νέων
1157 2775 1290 2855 αίσχιίνή
1316 2774 1391 2843 771.
1422 2776 1451 2840 l.

390 2886 422 2950 αί
447 2881 534 2962 παροδ
557 2886 611 2947 τοῦ
635 2882 728 2954 δεῖνος
753 2882 879 2956 ἐλπίδες
906 2881 958 2948 52.
984 2880 1039 2949 25.

389 2993 405 3066 ή
430 2990 503 3071 παρ’
530 2988 611 3065 ὑμῶν
636 2988 754 3063 ποίησις
780 2986 936 3054 466..16.

388 3096 402 3158 ί
427 3093 502 3176 παρ’
529 3095 602 3172 ἐμοῦ
628 3094 720 3173 λόγος
747 3091 821 3160 479.
849 3093 904 3160 21.

388 3205 405 3276 ή
429 3201 504 3281 παρ’
529 3199 638 3268 ἑκοίςον
661 3199 811 3278 βούλησις
837 3198 891 3266 33.
916 3199 970 3266 28.

387 3309 420 3374 αί
445 3305 531 3390 παροί
555 3330 632 3380 τινος
657 3305 878 3388 βλασφημίαι.

387 3417 420 3481 αί
444 3413 531 3496 παροί
554 3436 633 3485 τινος
657 3411 818 3495 ὠφέλειαι.

387 3523 412 3592 οί
436 3523 508 3601 παρ’
535 3519 617 3599 ὑμῶν
642 3517 800 3598 πρέσβεις.

388 3635 402 3699 ί
425 3626 501 3710 παρ’
528 3627 610 3706 ὑμῶν
635 3624 805 3707 ςρατήγός.

387 3743 403 3814 ή
430 3735 502 3816 παρ’
527 3734 609 3812 ὑμῶν
633 3732 706 3813 074
732 3730 810 3797 533.
837 3734 866 3796 1.

386 3843 495 3909 Etiam
519 3841 557 3906 de
583 3839 732 3903 εσιιιίίίνο
756 3839 801 3903 sic
825 3837 962 3904 dicitur:

387 3953 412 4016 οί
436 3946 521 4029 παροί
547 3968 624 4018 τινος
651 3943 795 4026 φυγάδες
820 3947 876 4009 sut
899 3945 1084 4023 Φειίμοντες.

386 4056 455 4127 τοὺς
480 4049 632 4135 Φυροίδας
656 4049 726 4122 τοὺς
752 4049 823 4130 παρ’
849 4050 957 4115 ἑαυτοῦ
983 4048 1036 4114 80.
1065 4049 1119 4115 12.

388 4161 412 4226 σί
438 4162 511 4240 παρ’
536 4157 647 4222 ἐκείνου
670 4156 843 4238 Φεύγοντες
868 4153 920 4220 61.
947 4153 1001 4221 26.

387 4265 562 4350 Xenophon
590 4263 696 4350 θρνορ.
721 4260 779 4327 VI.
806 4260 836 4326 3.
865 4261 915 4326 11.
942 4262 1051 4343 φυγὰς
1077 4265 1150 4339 παρ’
1177 4261 1269 4337 ὑμῶν.

386 4371 539 4437 Isocrates
561 4389 635 4456 pag.
661 4364 760 4433 941.
785 4368 895 4450 Φυρίον
920 4366 995 4448 παρ’
1023 4369 1116 4445 ὑμῶν.

385 4472 614 4547 Demosthenes
638 4469 713 4538 593.
738 4470 768 4536 9.
794 4472 828 4536 τὸ
853 4475 926 4554 ποορΙ
953 4474 1034 4552 ὑμῶν
1060 4470 1168 4544 οίδίκως
1197 4470 1347 4536 ἐκπεσεῖν.
