3232 5176
820 323 862 396 70

239 521 329 610 gitur
351 541 425 608 pag.
446 517 499 586 34.
519 517 551 584 8.
571 527 657 603 torpe
674 527 717 584 cet
735 521 814 604 quod
822 519 938 605 facitis
957 523 1107 605 (inquit),
1128 519 1177 584 ἐπὶ
1195 519 1251 595 μὲν
1263 517 1431 600 Κορινθίους

239 628 292 719 καὶ
323 624 493 705 Μεγαρέας
521 625 726 705 ἁρπάσαντας
750 625 793 688 τά
817 621 902 690 ὅπλα
925 626 1102 702 πορεύεσθαι
1119 675 1127 702 ,
1147 627 1299 689 Φίλιστον
1324 625 1349 688 δ’
1374 625 1432 689 ε’ῖιν

242 732 346 805 πόλεις
377 730 561 806 Ἑλληνίδας
592 731 873 812 άνδροιτοδῖζετάαι.
921 731 1027 818 Turpe
1051 752 1118 798 esse
1141 731 1220 796 dicit
1243 730 1327 815 quod
1350 754 1433 794 ααινε

240 839 326 904 ciros
348 838 484 916 saciant,
508 857 570 902 non
594 836 677 922 quod
699 840 836 903 maiores
858 844 927 900 onte
948 838 1097 900 εοεοιιῖιιιιι
1119 837 1277 903 fecissent.
1317 837 1432 900 Adver-

238 966 289 1008 σια
311 943 493 1020 Corinthios,
513 945 636 1028 inquit,
657 949 685 1006 ct
704 943 897 1024 Μυραεοιιεοε
905 943 1011 1028 sortes
1030 942 1117 1017 estio,
1142 942 1280 1024 Philippi
1297 941 1433 1004 iniuriae

237 1071 312 1134 ρσαο
335 1055 413 1113 meta
435 1049 593 1114 decoretis.

283 1260 363 1346 Peg.
398 1257 473 1325 176.
500 1257 552 1322 16.
577 1261 648 1339 τρδς
673 1259 705 1324 δὲ
727 1259 843 1332 τούτοις
867 1259 927 1324 οὐδ’
950 1261 1013 1327 esic
1034 1261 1086 1338 ἐφ’
1112 1259 1183 1335 ὑμῖν
1206 1259 1267 1324 οὐδ’
1292 1257 1330 1324 άν
1351 1259 1436 1323 eiro-

240 1371 329 1436 τῆναι
368 1371 428 1428 τῶν
461 1369 647 1437 Ἑλληνικῶν
681 1364 845 1442 βούλησθε.
900 1363 1109 1430 Perturbatus
1144 1371 1192 1430 est
1225 1364 1362 1449 simplex
1397 1371 1435 1428 et

240 1475 372 1536 naturae
403 1470 466 1536 loni
501 1489 675 1557 congruens
704 1472 874 1536 verborum
906 1469 998 1545 ordo,
1032 1473 1087 1555 qui
1116 1470 1169 1538 hio
1201 1475 1266 1534 est:
1299 1468 1359 1534 οὐδ’
1392 1469 1435 1533 ἂν

241 1575 395 1655 βούλησθε
417 1578 570 1649 άτοεηναι
594 1581 653 1639 τῶν
676 1579 870 1650 Ἑλληνικῶν.
918 1575 1069 1642 Poterant
1091 1575 1314 1661 percommode
1333 1575 1435 1640 verba

241 1682 393 1755 άτοτηναι
417 1687 474 1745 τῶν
498 1683 682 1754 Ἑλληνικῶν
706 1684 804 1746 etism
824 1687 895 1766 post
915 1682 967 1762 ἐφ’
989 1682 1060 1757 ὑμῖν
1080 1680 1244 1757 collocari,
1266 1680 1435 1765 sedquem

241 1807 325 1852 nunc
348 1787 453 1854 sedem
478 1787 623 1852 obtinent
644 1789 728 1852 tueri
750 1792 921 1872 nequeunt.

288 1892 379 1972 Quod
401 1895 550 1958 continuo
573 1895 734 1978 sequitur:
759 1892 862 1956 πολλοὶ
885 1893 948 1972 γάρ
970 1892 1042 1968 ὑμῖν
1062 1894 1095 1956 ἐκ
1118 1892 1232 1960 παντὸς
1250 1895 1303 1954 τοῦ
1323 1889 1436 1969 χρόνον

242 1997 420 2078 τέσρακται
453 1997 563 2063 eodem
593 2019 686 2062 sensu
716 1998 839 2064 dictum
868 2004 915 2064 est
939 2019 1000 2083 quo
1023 1997 1156 2064 Fetialis
1180 1999 1375 2084 Argivorum
1398 1999 1437 2060 in

242 2103 405 2189 Euripidis
428 2104 614 2188 Suppliciter
637 2103 716 2168 dicit
739 2103 779 2169 ad
807 2102 967 2169 Theseum
989 2125 1036 2169 vs.
1063 2101 1137 2168 586.

472 2210 619 2290 πράσσειν
643 2208 681 2274 σὺ
706 2208 798 2274 πάλλ’
822 2207 928 2281 εῖιοάας
953 2207 971 2284 η’
993 2233 1028 2272 τε
1052 2209 1090 2282 σὴ
1115 2209 1214 2281 πόλις.

573 2427 668 2484 ΠΕΡΙ
693 2428 793 2486 ΤΩΝ
819 2428 1099 2486 (ΣΤΜΜΟΡΙΩΝ.

289 2629 369 2716 Pag.
395 2626 468 2696 179.
500 2627 531 2694 8.
560 2631 584 2694 εἰ
615 2630 672 2708 μὲν
693 2631 818 2710 ἐναργὲς
837 2639 883 2695 TI
903 2631 1020 2708 γένοντο
1041 2632 1091 2696 καὶ
1113 2630 1226 2712 σαφές.
1261 2630 1352 2696 Ferri
1372 2651 1439 2695 non

244 2741 348 2822 potest
379 2758 408 2798 τι
440 2735 597 2800 additum.
645 2735 724 2816 Quis
748 2737 853 2802 credat
876 2758 932 2822 pro
955 2737 1044 2810 δῆλον
1067 2740 1133 2802 sive
1157 2735 1289 2816 φανερὸν
1313 2735 1438 2814 ἐγένετο

243 2839 308 2905 diui
330 2860 420 2926 posse
445 2839 534 2914 διῖλάν
559 2864 588 2904 τι
612 2848 669 2907 aut
692 2841 823 2924 Φανερδν
848 2840 902 2906 τι1

290 3051 373 3140 Pag.
405 3049 479 3118 179.
512 3051 544 3118 8.
574 3055 711 3131 ἡγοῦμαι
736 3054 798 3133 γάρ
822 3055 890 3126 τοὺς
913 3055 1073 3128 Ἕλληνας
1098 3054 1123 3118 εἷ
1148 3054 1205 3129 μὲν
1230 3055 1355 3134 ἐναργὲς
1381 3055 1441 3130 γέ·

245 3163 321 3222 Ινοιτο
346 3195 386 3204 -
411 3161 449 3230 ee
472 3158 624 3236 βασιλεὺς
647 3161 752 3229 αὐτοῖς
776 3159 929 3240 ἐπιχειρεῖ
947 3158 999 3223 καὶ
1021 3160 1246 3239 συμμαχήσειν
1266 3161 1319 3223 καὶ
1343 3163 1440 3240 χάριν

244 3263 392 3340 μεγάλην
415 3261 506 3342 ἕξειν,
532 3263 574 3312 -’-
598 3265 623 3328 ei
649 3263 674 3328 δ’
700 3263 744 3327 ἔτι
768 3265 882 3338 eaesae
906 3267 1014 3330 cedrea
1035 3265 1235 3337 καάεςηκότος
1262 3288 1439 3342 τροατε-

246 3369 488 3451 χθησόριεάα
514 3373 601 3448 ἡμεῖς
628 3369 711 3434 δέδια
735 3373 779 3447 μη
803 3369 919 3441 τούτοις
941 3372 1011 3446 μετ’
1034 3372 1146 3434 ἐκείνου
1167 3379 1314 3447 πολεμεῖν
1335 3372 1441 3448 άναγ-

247 3477 416 3552 neeesse.
468 3473 543 3541 Sine
578 3477 790 3541 controversia
823 3475 1122 3555 τροατεχάησάμεάα
1158 3483 1342 3560 corruptum
1376 3482 1440 3541 est.

247 3579 331 3660 Quid
365 3583 427 3646 sibi
461 3581 533 3647 vult
563 3584 597 3645 in
628 3580 687 3645 tali
717 3602 750 3647 re
781 3581 1014 3662 άτεχάάνεσθαι
1047 3581 1100 3648 vel
1124 3579 1442 3660 recorrgdoiceodxr?

158 3763 161 3767 ,
246 3686 338 3752 Nihil
361 3685 463 3771 plane.
500 3683 649 3771 Suspicor
671 3685 920 3752 Demosthenem
944 3688 1082 3754 dedisse:
1105 3687 1441 3768 τροττλχθηοὸμεθα.

247 3789 403 3877 Compara
424 3812 497 3878 pag.
525 3789 599 3855 188.
626 3795 657 3854 4.
680 3791 748 3856 οὔτε
769 3793 938 3873 Φοβεῖσάαῖ
961 3799 1044 3875 φημι
1064 3794 1125 3858 δεῖν
1146 3795 1224 3874 τέρα
1241 3799 1294 3858 τοῦ
1314 3794 1442 3871 μετρίου

248 3898 306 3962 οὔθ’
340 3898 577 3976 ὑπαχθῆναι
602 3897 758 3978 προτέρους
784 3897 921 3978 ἐκφέρειν
947 3899 998 3962 τὸν
1021 3897 1171 3974 πόλεμον.
1212 3898 1364 3977 ’Ττάγειν
1389 3907 1443 3964 est

245 4009 278 4066 in
303 4003 453 4089 frondem
486 4003 643 4086 indecere,
679 4009 711 4068 et
746 4001 921 4081 ὑπάγεσθαι
955 4006 1123 4078 dicuntur,
1156 4007 1212 4089 qui
1242 4011 1298 4070 aut
1328 4005 1443 4070 fraude

247 4109 354 4193 aliqua
377 4113 432 4172 aut
457 4127 555 4192 prava
575 4109 750 4192 cupiditate
770 4111 810 4174 ad
830 4111 1020 4196 capiendum
1040 4110 1209 4176 consilium
1230 4113 1442 4176 temerarium

247 4211 468 4298 impelluntur.
509 4213 698 4298 Exspectare
718 4216 808 4280 iubet
827 4217 1034 4281 Athenienses
1056 4216 1152 4281 donec
1171 4217 1319 4281 omnibus
1339 4215 1444 4304 Regis

247 4318 383 4384 insidiae
412 4324 541 4404 pateant
571 4325 741 4404 monetque
772 4342 812 4387 ne
840 4327 931 4387 antea
954 4321 1182 4404 inconsiderate
1206 4328 1238 4386 et
1260 4322 1443 4388 inconsulto

250 4425 289 4505 ad
321 4444 409 4490 arma
435 4426 588 4490 sumenda
612 4425 828 4512 impellentur.
876 4427 1005 4493 Fefellit
1029 4447 1085 4492 nos
1110 4425 1216 4494 Oodex
1239 4427 1262 4494 S
1285 4450 1358 4518 pag.
1385 4428 1443 4496 59.
