3404 5192
169 569 258 654 quod
283 567 401 637 Graece
425 569 559 636 dixeris:

872 677 961 742 οἰλλοέ
984 701 1019 743 σε

443 783 509 846 ἀνθ’
533 778 570 846 ὦν
596 780 726 860 ἔδρασας
753 779 924 856 ἐξολέσειαν
948 785 973 848 oi
998 782 1065 848 έεοέ.

166 891 208 952 ut
232 889 266 950 in
289 887 380 950 Poro
403 908 449 952 rs.
476 887 552 953 592.

262 991 350 1056 ἀλλὰ
376 992 446 1071 ce'y'
473 995 486 1058 ὁ
511 995 588 1068 Ζεὺς
613 993 779 1072 ἐξολέσειεν
802 995 918 1060 κοτίνου
941 995 1067 1078 ςεφοένῳ
1091 997 1290 1079 ςεΦανιέσας.

217 1096 270 1162 Sic
293 1099 395 1184 igitur
417 1098 578 1168 Homerus
601 1121 724 1187 quoque
748 1101 887 1166 dixerat:

444 1206 521 1278 Ζεὺς
547 1214 603 1271 ΔΕ
626 1213 728 1287 σφεας
755 1207 867 1272 τίσαιέ’
892 1208 1053 1282 ἱκετήσιος.

169 1311 359 1397 planissime
390 1315 427 1375 ut
450 1311 627 1398 Xenophon
649 1316 683 1378 in
706 1315 840 1378 Anchari
864 1311 920 1378 ΙΠ.
946 1313 977 1380 2.
1004 1312 1057 1378 60.
1083 1316 1213 1379 ’ΛΛΛΛ
1237 1315 1362 1388 τούτους

171 1416 230 1494 μὲν
253 1416 278 1480 οἱ
304 1414 361 1479 θεοὶ
386 1416 597 1484 οὶτοτέσαιντο.
624 1425 654 1485 ei
677 1418 839 1486 Homerus
862 1423 929 1506 ipse
953 1419 1066 1508 Odyss
1091 1430 1129 1490 Δ.
1156 1419 1232 1486 667.

445 1524 557 1590 οὶλλοέ
585 1549 623 1591 τοι
649 1527 732 1606 αὐτῷ
757 1527 832 1599 Ζεὺς
858 1526 972 1592 ὀλέσειε
997 1527 1077 1605 βέκν.

219 1638 330 1717 Σφειις
367 1631 476 1698 eodem
509 1632 604 1699 modo
635 1635 669 1696 in
699 1653 797 1698 unam
828 1633 987 1718 syllabam
1016 1633 1213 1700 contrahitur
1238 1640 1270 1701 et
1292 1633 1363 1700 aliie

169 1747 250 1813 locis
274 1753 306 1813 et
330 1757 371 1814 Λ.
398 1740 472 1809 128.

356 1853 389 1917 ἐκ
412 1847 475 1928 yria
495 1849 598 1927 σφεας
622 1852 731 1924 χειρῶν
754 1845 858 1927 otyor
882 1846 951 1919 sivla
975 1844 1177 1924 σιγαλόεντα.

699 2157 832 2224 ΧΧῊΙ.

523 2385 704 2436 vocsrrrus
727 2385 787 2433 rao
809 2385 1017 2434 nemauso.

220 2578 445 2665 Compluribus
476 2578 560 2664 apud
590 2575 771 2643 Homerum
802 2576 881 2642 locis
910 2578 967 2643 nbi
1000 2581 1094 2662 poeta
1128 2580 1365 2647 nominativum

174 2685 303 2752 dederat
333 2690 474 2751 cantores
506 2689 538 2748 et
568 2683 701 2749 lectores
725 2683 758 2747 ἐκ
782 2691 836 2758 τῆς
861 2683 1017 2758 συνηθείας
1042 2686 1225 2750 vocativum
1250 2687 1366 2752 substi-

173 2797 304 2857 tuerunt
334 2797 366 2855 et
396 2793 441 2856 sic
472 2811 621 2856 numerus
651 2794 761 2873 poetae
791 2791 907 2854 misere
938 2796 1152 2876 corruperunt.
1201 2792 1238 2857 ln
1273 2793 1365 2858 Iliad.

176 2909 215 2964 Σ.
241 2895 305 2962 385
330 2900 362 2962 et
386 2894 462 2960 424.
486 2897 520 2960 in
546 2895 636 2961 libris
663 2896 811 2960 omnibns
834 2894 935 2959 fertur
957 2896 1034 2962 haec
1058 2900 1230 2982 scriptura:

365 3002 457 3067 τίπτε
482 2999 560 3066 ΘέτΙ
585 2999 779 3065 τανύτετλθ
803 2999 915 3070 ἱκάνεις
942 2999 1084 3080 ἡμέτερον
1109 3001 1169 3078 ich
1246 3053 1249 3058 .

174 3107 341 3174 Bellienus
365 3107 471 3172 Θέτις
494 3107 690 3172 esromae
712 3126 864 3192 reponens
886 3112 1009 3191 partem
1029 3112 1156 3172 tantum
1176 3110 1245 3174 reri
1264 3109 1365 3194 vidit,

175 3235 252 3279 nam
277 3234 389 3280 verum
414 3219 478 3278 est:

311 3319 405 3384 τέττε
431 3318 536 3383 &iric
558 3315 783 3383 τανύτετλΟΟ
806 3314 919 3389 ι’κοένεις
945 3315 1088 3398 ἡμέτερον
1111 3317 1171 3404 δῖος

174 3423 258 3490 nihil
289 3429 356 3489 erat
387 3426 566 3489 coniectura
596 3445 692 3509 opus,
725 3425 800 3509 qnia
830 3427 964 3508 utroque
995 3423 1064 3490 loco
1089 3424 1204 3490 diserte
1228 3444 1366 3490 comme-

172 3535 317 3596 moratur
340 3529 490 3596 Zenodoti
513 3528 608 3594 lectio
631 3529 709 3594 haec
732 3531 801 3614 ipsa
826 3529 917 3600 Θέτις
942 3528 1152 3600 σανύτετλος.
1199 3528 1365 3616 Sequiores

175 3637 231 3722 qui
266 3657 329 3701 non
364 3638 581 3722 cogitaverant
610 3635 740 3720 perinde
775 3635 839 3700 diei
875 3642 1070 3712 Θεμιςοκλῆς
1102 3633 1162 3710 ἥκω
1194 3638 1229 3701 iu
1261 3637 1367 3721 primu

173 3761 307 3827 persona
330 3745 424 3826 atque
449 3741 539 3813 Θέτις
564 3739 677 3812 ἱκάνεις
700 3744 734 3806 in
757 3741 911 3818 secunda,
933 3741 1040 3808 locum
1059 3741 1194 3808 Homeri
1213 3742 1253 3808 ad
1274 3763 1363 3808 suam

174 3847 323 3932 loquendi
342 3847 602 3913 consuetudinem
624 3847 869 3912 conformamnt.
903 3847 1116 3914 Pessumdant
1139 3869 1288 3913 numeros
1311 3848 1366 3914 sed

174 3955 209 4018 in
231 3954 430 4040 ignoratione
453 3957 506 4018 τοῦ
531 3953 682 4031 dirceus
708 3957 755 4019 tot
778 3955 869 4018 rimis
893 3956 1024 4040 antiqua
1047 3956 1189 4018 carmina
1215 3953 1364 4038 hiabant,

174 4064 212 4124 ut
235 4079 272 4124 ea
291 4081 341 4125 res
362 4061 524 4126 neminem
548 4059 734 4125 adverteret.
770 4059 945 4145 Postquam
968 4059 1045 4125 felix
1068 4059 1206 4125 Bentleii
1230 4080 1365 4124 acumen

174 4165 209 4228 τὸ
234 4162 385 4242 elyseus
407 4170 573 4250 tamquam
596 4187 634 4231 ex
659 4164 738 4230 Orco
759 4166 886 4230 reduxit
908 4170 939 4230 et
962 4168 1058 4230 metri
1081 4163 1246 4231 Homerici
1276 4185 1364 4250 prae·

175 4273 293 4336 stantia
317 4276 348 4335 et
372 4273 512 4336 suavitas
534 4272 609 4336 hinc
632 4271 749 4336 melius
772 4269 935 4336 intellecta
958 4275 1005 4336 est
1028 4276 1060 4336 et
1084 4271 1228 4359 cognita,
1254 4270 1364 4336 huius-

176 4376 265 4442 mo'di
289 4376 441 4442 molestae
466 4383 497 4442 et
521 4377 646 4444 odiosae
668 4377 852 4457 χασμωδέαι
875 4376 928 4443 rel
947 4379 1034 4462 ipsae
1053 4379 1202 4461 antiquae
1220 4375 1365 4443 lectionis

178 4481 283 4547 labem
309 4487 449 4570 arguunt
474 4489 505 4548 et
528 4485 584 4550 nbi
608 4484 707 4550 semel
730 4482 815 4549 lassa
836 4486 921 4548 auris
944 4484 1157 4568 suspicionem
1179 4484 1284 4550 movit
1302 4487 1364 4548 sta-
