3404 5192
742 381 809 454 att

634 576 709 649 θεοῖς
735 574 916 652 ὑσοεεθξσοιι.

226 677 254 754 ξ.
281 676 336 746 40.

316 785 369 848 καὶ
394 783 427 849 δέ
448 809 499 861 μοι
520 782 607 850 ἄλλοι
631 786 687 850 θεοὶ
713 784 805 851 θέσαν
827 784 936 863 ἄλγεά
959 809 995 848 σε
1019 781 1158 862 caraxata
1177 806 1230 861 σε,

319 891 454 955 οἳντιθέον
477 891 540 970 ριὶρ
563 892 710 964 εοὶνοικσοι
735 891 907 972 θδυρθρκενος
930 889 983 956 κοοθ
1008 885 1132 969 ἀχεύων

320 993 408 1074 ἦροοοι.

183 1101 334 1167 συνέθεσθε
357 1104 511 1168 sententia
534 1107 566 1168 ct
588 1107 691 1168 metro
713 1103 843 1168 iubente
865 1102 1015 1168 restitue:

566 1206 700 1272 ἀντιθέου
723 1215 782 1272 ΤΕ
804 1205 951 1279 εθνσικσος

186 1316 235 1386 „et
257 1311 320 1373 otia
342 1311 416 1374 miti
437 1313 516 1375 malo
538 1312 584 1375 Ia·
606 1313 751 1377 dederam
773 1331 814 1378 uu
835 1318 913 1394 reqir
935 1316 992 1375 νισι·
1012 1310 1103 1376 ον’σσιο
1125 1311 1217 1375 ἀοῖον.
1241 1307 1270 1386 ξ.
1291 1307 1368 1374 895.

363 1417 389 1480 εἷ
412 1414 469 1494 μέν
492 1441 543 1481 κεν
566 1418 675 1498 rorico
697 1417 793 1495 σθνσιξ
814 1416 882 1487 σεθι
907 1418 938 1491 ές
961 1416 1031 1481 σθθε
1056 1416 1156 1493 θῶκοι.

184 1541 293 1587 reram
316 1519 485 1588 lectionem
507 1523 589 1588 hano
612 1544 679 1589 asae
703 1524 855 1588 arbitror:
1140 1513 1148 1520 ’

500 1630 527 1693 εἷ
550 1628 607 1706 μέν
631 1628 793 1702 νοςθσΕΙΕ
814 1625 910 1704 rava}
930 1627 1010 1700 σεθι.

230 1729 259 1808 ξ.
286 1729 363 1797 438.

366 1842 497 1906 νώτοισιν
519 1839 547 1905 θ’
574 1839 715 1914 ’obertio
739 1839 921 1913 διηνεκέεσσι
945 1837 1083 1920 νέρσιιρεν

365 1945 555 2022 ἀργιόδοντος
579 1946 648 2021 ὑὸς,
672 1946 794 2011 κθδκινε
818 1945 849 2010 δέ
872 1948 964 2020 θυμὸν
987 1944 1147 2016 σθνοοκτος.

187 2052 343 2116 sententia
372 2050 528 2117 laboranti
556 2053 730 2136 scripturae
752 2051 813 2116 fert
835 2071 947 2136 opem,
970 2069 1050 2135 quae
1073 2068 1136 2114 non
1159 2047 1282 2112 κθδιιινε
1304 2067 1373 2132 poo-

186 2153 270 2220 tulat
301 2153 356 2220 aed
385 2157 565 2232 oblectabat,
597 2159 705 2241 itaque
730 2157 845 2230 Ἴσκε,
873 2175 937 2220 non
960 2154 1091 2219 κύδαινε.
1139 2151 1225 2217 Hinc
1247 2155 1374 2217 numeri

186 2258 335 2325 redeunt:
360 2260 450 2338 θυμὸν
475 2261 503 2327 δ’
522 2261 620 2326 Ἴοιινε
641 2260 799 2333 faraoni.

231 2386 267 2443 χ.
293 2363 370 2430 318.

368 2471 468 2553 σιθσθιρ
492 2473 553 2550 ἐγὼ
576 2472 662 2549 μετὰ
685 2479 763 2537 τοῖσι
784 2468 922 2544 θυσσκθος
946 2469 1027 2536 οὐδὲν
1051 2470 1173 2552 έιοργθς

368 2577 522 2656 κεθσορσσι.
1308 2619 1314 2636 t

188 2683 293 2762 έιορνιι
323 2682 405 2748 nibil
435 2688 483 2748 cat
511 2703 568 2769 pro
597 2682 735 2762 σέσορνοι,
769 2685 859 2769 quasi
889 2682 976 2748 dicas
1006 2679 1119 2763 έθρσρσοι
1148 2697 1206 2768 pro
1230 2680 1369 2760 θέδριμιι.

187 2787 284 2854 Recte
306 2788 456 2853 scribitur
478 2787 635 2854 celebrato
657 2788 746 2864 loco,

277 2891 405 2958 κθσθσιν’
431 2893 511 2970 θμῶι
536 2887 554 2957 θ
574 2896 603 2957 r’
626 2893 751 2970 οὶσεργθς
775 2895 847 2971 ciebo
871 2889 903 2970 θ’,
928 2916 963 2956 τε
987 2893 1093 2958 πολλοὶ
1116 2889 1264 2971 irrorate.

189 2997 242 3063 aad
272 2998 394 3075 εἐσργώς
425 2999 596 3063 barbarum
627 3006 683 3063 eat.
733 2998 818 3078 Quid
840 3001 943 3085 igitur
966 2993 1168 3063 faciendum?
1214 2995 1376 3062 Homerus

188 3123 243 3187 pro
264 3104 357 3174 οὐθείς
382 3110 549 3174 connector
572 3103 652 3174 σθσις
677 3103 801 3169 dicebat
824 3109 856 3168 et
878 3122 935 3188 pro
959 3102 1041 3166 roto
1065 3101 1245 3186 frequenter
1268 3103 1376 3168 admo-

190 3208 267 3273 dum
301 3208 375 3273 οὕτι.
423 3207 471 3274 En
493 3211 597 3296 igitur
619 3211 784 3292 antiquam
807 3213 839 3272 et
861 3225 970 3272 veram
992 3206 1162 3272 lectionem
1185 3204 1266 3270 co'Tl
1290 3230 1377 3287 εειορ-

190 3315 252 3392 ybc
276 3316 434 3389 κεθσοιισιι,
459 3321 497 3379 ut
519 3331 548 3378 Ρ.
574 3311 649 3378 661.
674 3315 748 3377 ἀλλ’
773 3312 807 3377 οὔ
830 3335 860 3376 τι
884 3311 1032 3390 πρήσσει,
1057 3317 1088 3376 et
1111 3309 1199 3376 alibi.

234 3417 333 3484 Plura
356 3419 394 3484 dc
417 3435 532 3504 genero
554 3417 665 3483 codam
688 3417 767 3482 aliae
789 3417 957 3502 proferam.

750 3651 808 3720 1x.

642 3847 924 3908 Fentccemeu.

236 4035 455 4119 Quamquam,
479 4035 529 4100 uti
551 4033 708 4118 diximus,
731 4039 784 4099 σοῦ
810 4034 962 4112 tircano
986 4037 1114 4101 omiaaic
1137 4040 1170 4102 ct
1199 4039 1375 4124 ignoratio,

189 4145 227 4203 ut
257 4138 435 4224 plurimum
458 4138 544 4205 lavia
566 4144 690 4204 tantum
716 4139 832 4206 menda
855 4145 887 4204 et
910 4139 977 4204 leni
998 4159 1096 4204 manu
1120 4142 1304 4228 corrigenda
1325 4165 1375 4228 pc

190 4245 285 4329 perit,
319 4249 424 4308 tamen
458 4264 696 4329 nonnumquam
727 4265 765 4309 ea
793 4265 844 4310 rea
874 4244 1004 4332 linguae
1035 4244 1224 4312 Homericae
1253 4251 1378 4336 insigna

191 4349 419 4414 detrimentum
453 4348 563 4414 attulit
594 4355 626 4414 et
649 4355 791 4414 monstra
815 4370 850 4414 ac
872 4353 1018 4435 portenta
1039 4349 1210 4416 lectionum
1237 4355 1283 4419 oio
1304 4361 1380 4424 nota

191 4459 282 4532 aunt,
307 4473 388 4537 quac
411 4473 505 4520 namo
530 4453 633 4518 adhuc
656 4456 854 4538 procuravit,
878 4457 953 4540 qnia
975 4473 1070 4520 nemo
1089 4455 1231 4522 fraudem
1253 4457 1380 4524 aubeoaa
