3208 5158
897 368 961 444 rel

331 563 365 629 in
394 558 578 632 huiusmodi
607 570 834 653 compositione
864 571 1050 632 muscetum
1082 571 1129 632 est
1155 565 1277 650 dicere,
1303 573 1336 634 et
1358 565 1502 634 Homerus
1573 567 1574 584 ¹

331 673 400 756 ipss
422 671 517 736 dixit:

603 771 631 844 oi
654 777 773 858 Κρήτην
796 775 1006 853 ἑκατθμπολιν
1029 775 1259 856 ἀμφενέμοντο.

376 881 607 951 Graeculorum
640 887 756 950 vitiosa
789 884 929 957 συνήθεια
964 885 998 948 in
1032 886 1214 969 compositis
1248 903 1306 969 pro
1336 884 1439 950 ἕκατον
1468 922 1502 934 -
1574 911 1575 932 ³

330 989 544 1056 substituebat
573 990 741 1055 ἑααπονΤΛ
774 1027 834 1062 -.
866 989 950 1056 unde
978 989 1077 1054 multi
1108 995 1254 1054 veterum
1289 989 1351 1056 loci
1381 994 1503 1076 corrupti

330 1095 606 1162 circumleumtur.
653 1095 712 1162 mc
742 1095 860 1162 Iuliani
893 1095 1026 1181 epistola
1059 1093 1178 1172 XXIV,
1215 1099 1249 1162 in
1278 1117 1341 1182 qua
1370 1097 1502 1164 luditis

330 1220 463 1267 numero
487 1206 664 1269 centenario
687 1210 719 1268 et
741 1208 972 1268 commemorat
995 1205 1049 1276 rio
1074 1201 1370 1268 incovenienter
1388 1203 1501 1280 circle,

331 1308 383 1370 τὸν
405 1308 668 1388 έκατονΤΛχειρα
693 1309 858 1389 Βριάρεων,
882 1311 934 1374 τὸν
958 1309 1102 1386 glycera
1123 1309 1173 1372 τὸν
1194 1308 1501 1386 incremententur,

333 1411 446 1490 Θήβας
478 1414 782 1506 έιιατονΤΑτύλσυς,
807 1415 897 1488 ναοὺς
921 1415 1221 1490 ἕκατονΤΑπέδουο,
1246 1416 1374 1495 ἀρούρας
1398 1415 1504 1482 ἑκατον-

330 1518 554 1600 ΤΑποιὲθρους,
585 1541 665 1606 quae
695 1540 805 1586 omnes
828 1527 903 1586 sunt
925 1520 1094 1587 mendosae
1117 1521 1238 1586 formae
1261 1526 1293 1586 et
1316 1522 1356 1588 od
1379 1529 1502 1588 voteun

330 1625 590 1692 consuetudinem
618 1624 827 1714 retingendae.
873 1625 936 1690 Vix
964 1647 1069 1691 unum
1099 1629 1201 1693 evasit
1231 1627 1358 1706 βωμοὺς
1389 1628 1502 1705 ἑκατον-

331 1729 489 1809 ιιριὶπιδας.
515 1731 565 1797 Ne
583 1739 724 1797 metrum
747 1732 877 1818 quidem
895 1731 1122 1798 homunciones
1142 1733 1290 1800 advertit.
1317 1732 1355 1798 In
1368 1732 1500 1820 Aeschyli

330 1833 506 1902 Prometheo
528 1858 575 1904 vs.
601 1835 677 1902 353.
700 1836 865 1904 Mediceus
893 1837 1039 1904 exhibet:

558 1950 835 2039 έιιατονταιιοθρῆνον
860 1961 931 2041 πρὸς
955 1960 1032 2038 βίαν
1055 1959 1258 2040 χειρούμενον.

376 2061 539 2132 Licentins
571 2069 668 2131 etiam
690 2069 725 2131 in
749 2069 881 2132 eneceris
903 2066 1144 2154 grassabantur,
1168 2066 1222 2132 sed
1245 2066 1331 2152 apud
1353 2069 1501 2151 scriptores

329 2169 524 2255 probatiores
546 2179 668 2238 certum
692 2172 846 2238 mendum
868 2179 940 2238 tuto
963 2174 1141 2260 corrigitur.

375 2411 455 2502 Pag.
481 2410 557 2478 480.
581 2421 645 2484 τοῖς
668 2415 788 2494 ῥυθμοῖς
812 2450 855 2462 -
876 2407 924 2484 οὓς
950 2411 1093 2486 θθλντΛ
1120 2410 1306 2489 ἈΝευρεῖν,
1332 2405 1353 2491 ᾦ
1374 2407 1499 2478 καὶτοὺς

331 2523 467 2591 παιᾶνας
500 2519 551 2584 καὶ
585 2520 643 2592 τὰς
677 2517 782 2590 ἄλλαι
807 2520 864 2593 τὰς
886 2519 1064 2598 ἐπιχωρίους
1085 2516 1164 2598 ᾠδὰς
1185 2515 1391 2582 ἀνατιθέασιν.
1422 2511 1500 2582 Cena

330 2629 378 2692 est
407 2623 544 2692 Meursii
576 2627 726 2691 eorrectio
757 2627 931 2702 ΘαλθτΛΝ
967 2625 1069 2702 εὑρεῖν.
1119 2623 1323 2708 Quamquam
1352 2626 1433 2690 eninr
1457 2638 1501 2684 no

329 2751 421 2807 men,
455 2737 493 2796 ut
521 2731 667 2810 videtur,
697 2731 884 2810 διφορεῑται,
912 2736 944 2796 et
966 2730 1053 2795 idem
1077 2731 1116 2795 ab
1140 2728 1211 2795 aliis
1236 2731 1361 2805 Θσθλιμ,
1383 2729 1420 2794 ab
1442 2725 1501 2792 aliis

332 2836 485 2910 θαλιὶτας
520 2839 699 2920 (emanuele)
734 2836 927 2924 appellatur,
965 2843 1074 2902 tamen
1109 2839 1184 2922 quia
1219 2838 1250 2901 h.
1274 2835 1297 2900 l.
1335 2836 1501 2914 ἀνευρίσκειν

331 2945 484 3008 vitiosum
516 2951 581 3018 est,
613 2946 687 3028 quia
711 2943 879 3010 derorum
903 2944 1124 3009 inventoribus
1148 2943 1293 3018 εὑρίσκειν
1316 2961 1422 3009 omnes
1442 2959 1500 3004 oon·

330 3051 450 3112 stanter
480 3048 643 3127 dicebant,
674 3049 889 3137 intelligimus
922 3086 962 3098 —
996 3056 1057 3112 AN
1088 3068 1127 3113 ex
1157 3047 1361 3132 praecedente
1390 3047 1501 3111 nomine

332 3151 518 3220 adhaesisse.
576 3153 688 3240 ltaque
721 3157 821 3220 etiam
856 3175 929 3241 pag.
967 3153 1033 3218 482
1068 3154 1287 3220 scribendum:
1325 3153 1445 3218 ἐιθθντα
1475 3147 1499 3211 ll

329 3259 504 3333 πλησιάσαι
541 3260 700 3334 ΘαλήτΑΙ
735 3262 908 3342 peronne,
943 3264 976 3324 et
998 3263 1125 3326 omnino
1149 3259 1252 3326 forma
1275 3260 1424 3334 Θαλήτας
1442 3254 1501 3342 plu·

328 3385 379 3430 ree
403 3371 435 3431 et
458 3364 606 3432 meliores
629 3370 728 3431 testes
749 3365 854 3431 habet.

373 3605 453 3695 Peg.
479 3604 556 3672 489.
580 3605 697 3678 παῖδας
721 3605 751 3672 δὲ
773 3605 956 3688 γράμματά
976 3631 1012 3672 τε
1030 3604 1195 3685 μανθθνειν
1214 3606 1268 3672 καὶ
1289 3606 1349 3680 τας
1374 3603 1431 3694 [la]
1450 3605 1499 3666 τῶν

328 3714 426 3792 νθμισν
449 3711 539 3794 ᾠδάς.
579 3711 666 3791 Quae
689 3715 754 3778 sint
773 3716 896 3780 cantica
915 3715 949 3778 ἐκ
968 3719 1028 3778 τῶν
1049 3711 1144 3790 νόμον
1165 3732 1259 3778 ιιοιιιο
1279 3711 1371 3780 facile
1389 3707 1498 3778 dixerit.

326 3817 446 3885 Reseca
464 3821 680 3903 importunam
699 3821 963 3905 praepositionem
986 3825 1018 3885 et
1036 3825 1199 3886 memento
1212 3819 1301 3907 leges
1317 3815 1498 3886 Cretensium

326 3926 470 3992 versibus
502 3929 667 4012 conceptas
690 3925 786 3991 luisse
809 3931 842 3991 et
866 3929 986 3992 cantari
1009 3925 1126 3992 solitas.
1175 3923 1261 3990 Hine
1282 3944 1398 3991 nomen
1416 3917 1499 3985 habet

326 4030 341 4096 t
365 4029 514 4113 νιμιρδθο,
540 4025 571 4102 ὅς
596 4030 658 4100 έτιν
682 4029 835 4110 ἐξηγητὴς
859 4039 917 4098 τῶν
937 4033 1050 4112 νόμιον,
1071 4037 1151 4098 teste
1171 4029 1325 4096 Strabone
1345 4051 1414 4118 pag.
1434 4017 1497 4089 539.

330 4331 331 4334 ,
371 4281 451 4372 Peg.
476 4282 551 4350 483.
578 4284 616 4351 ἂν
638 4285 694 4363 μέν
717 4292 775 4350 τῶν
795 4284 865 4351 ioca
887 4285 904 4362 ἦ
923 4292 982 4352 τῶν
1003 4285 1211 4368 ὑπερεχόντων
1231 4311 1278 4360 τις
1300 4285 1318 4370 ᾖ
1338 4325 1381 4338 -
1400 4275 1499 4356 terret·

324 4413 430 4456 τουσιν
453 4389 544 4467 tyro
567 4392 768 4470 χαίροντεο,
789 4394 857 4457 imo
877 4413 965 4472 vero,
985 4400 1023 4459 ut
1042 4415 1091 4460 rea
1108 4393 1324 4481 ipsaclamat,
1344 4389 1500 4477 χαθριντΑ·

323 4497 458 4574 Amator
481 4497 567 4561 enim
591 4498 694 4579 χαθρει
718 4503 750 4562 et
772 4499 888 4579 χαθριον
913 4497 1005 4579 ἄχει,
1029 4521 1090 4568 uon
1114 4503 1140 4567 ol
1164 4497 1399 4586 ἐπιτρέψαντες.
