3208 5158
876 305 940 382 198

311 499 511 587 δνομοίζεοίαι
532 503 648 586 ζῶντας
671 505 700 570 ἐν
719 511 790 577 ταῖς
812 501 902 576 ὕλαις
922 505 986 570 ρὶπδ
1005 505 1134 587 Φύλλων
1154 505 1208 570 καί
1230 515 1353 585 καρπῶν
1367 503 1490 597 ἀγρίων,

311 611 332 650 *
362 613 483 686 ἐσθῆτος
516 618 630 694 φλοιῶν
661 610 808 690 δειδρείων
832 611 1015 690 ἀφροδισίων
1037 612 1132 694 χωρίς
1156 613 1208 676 καί
1234 611 1320 678 νίνου.
1367 610 1493 698 Supple-

311 721 429 784 verim:
457 717 615 804 (ἔχοντας)
642 719 789 791 εὀίιῖτΑΟ
815 717 876 798 (ἐκ)
901 721 1015 798 Φλοιῶν
1037 718 1198 798 δενδρείων.

358 823 518 891 Similiter
549 845 621 912 pag.
661 822 735 890 714.
766 821 824 886 ὅσα
855 823 937 888 δοκεῖ
965 824 1037 902 πρὸς
1068 824 1231 902 εὐσέβειαν
1265 825 1318 888 καί
1344 823 1491 899 δοιίτορτιι.

313 929 479 996 Sententia
501 951 564 995 non
587 937 634 995 ost
658 928 818 994 absoluta:
839 928 1036 994 addendum:
1061 925 1120 994 ὅσα
1145 931 1229 995 δοκεῖ
1252 929 1406 1017 (ὠφελεῖν)
1426 931 1493 1010 πρὸς

313 1037 491 1117 εὐσέβειαν,
515 1041 553 1101 ut
576 1035 661 1121 apud
684 1034 946 1118 Aristophanem:

500 1143 533 1207 τί
556 1139 589 1204 δέ
612 1143 649 1218 μ’
673 1140 863 1222 ιδφελιίοουο’
888 1141 913 1204 οἱ
936 1142 1038 1220 ρὐίμοί
1061 1142 1133 1221 πρὸς
1157 1141 1323 1224 τᾶλφιτας

357 1354 438 1441 Peg.
471 1349 548 1420 714.
579 1355 686 1415 namot
717 1347 830 1414 Strabo
861 1348 939 1413 duos
959 1349 1111 1414 Indorum
1135 1351 1293 1433 sophistas
1318 1351 1493 1437 (Brachma

314 1466 384 1540 nas)
414 1455 659 1538 παρερχομένους
691 1454 763 1532 πρὸς
794 1456 849 1528 τὴν
880 1453 1083 1533 Ἀλεξάνδρου
1113 1455 1271 1536 τροίποζαυ
1295 1458 1493 1536 παραεοίντας

315 1567 453 1631 δειπνεῖν.
492 1562 572 1649 [καί]
603 1562 763 1640 καρτερίαν
787 1560 938 1624 διδάσκειν
961 1568 1224 1643 παραχωροῦντας
1249 1562 1292 1635 είς
1317 1587 1386 1628 τινα
1409 1564 1495 1626 τόποι

316 1671 463 1745 πλησίον,
486 1664 561 1732 ὅπου
582 1667 634 1730 τίν
657 1669 713 1743 μὲν
737 1665 941 1746 πρεσβύτερον
967 1668 1102 1732 πεσόντα
1126 1667 1230 1732 ὕπτιον
1255 1669 1420 1749 ἀνέχεσθαι
1443 1675 1494 1731 τῶν

318 1780 430 1854 ἡλίων,
464 1811 505 1824 -
538 1775 589 1838 τδν
617 1774 643 1837 δ’
673 1771 781 1839 trauan
811 1779 980 1850 μουοοκελιῖ
1006 1771 1096 1848 ξύλον
1121 1775 1285 1853 ἐπηρμένον
1309 1775 1495 1855 ἀμφοτέραις

317 1891 388 1954 ταῖς
418 1881 524 1962 χεροῖν
556 1875 622 1944 ὅσον
653 1879 802 1958 τρίπηχυ.
849 1879 885 1942 In
915 1880 965 1943 his
988 1881 1041 1944 καί
1065 1885 1138 1946 ante
1161 1883 1323 1962 καρτερίαν
1353 1883 1495 1946 διδιίοκειι

317 1987 432 2057 Corsis
455 1985 577 2052 addidit
599 1987 633 2048 in
647 1983 770 2048 eiioiter
792 1984 974 2049 admodum.
1022 1985 1152 2050 Vitium
1176 1993 1224 2052 eet
1246 1991 1333 2053 enim
1351 1992 1384 2052 in
1402 1989 1494 2052 διδαο·

318 2119 390 2161 κειν.
438 2091 600 2176 Scriptum
624 2097 691 2154 erat
715 2099 1146 2158 KAPTePIANAACKelN
1171 2100 1204 2159 et
1226 2095 1329 2159 futilis
1352 2101 1496 2160 corrector

318 2201 478 2280 καρτερίαν
502 2197 670 2261 Διδοίοκειν
695 2196 880 2272 substituit,
905 2218 1006 2281 quum
1029 2207 1110 2263 esset
1129 2203 1291 2278 καρτερίαν
1312 2203 1351 2264 Δ’
1371 2203 1496 2266 ’Δοκεῖν
1593 2221 1594 2266 ι

318 2310 422 2375 Nemo
445 2309 479 2370 in
503 2325 535 2368 re
559 2310 627 2366 tam
650 2300 806 2386 simplici,
832 2303 942 2386 oredo,
967 2311 1062 2370 testes
1086 2307 1155 2370 dari
1178 2307 1351 2391 postulabit
1358 2328 1367 2384 ;
1392 2305 1496 2392 produ·

319 2436 390 2480 eam
421 2421 529 2476 tamen
559 2427 676 2490 unum,
707 2409 759 2470 oui
791 2411 852 2471 erit
874 2429 998 2475 necesso
1022 2411 1162 2484 erodere,
1187 2411 1374 2478 Strabonem
1397 2416 1495 2498 ipsum

318 2541 393 2607 pag.
417 2515 494 2585 719.
513 2516 583 2587 τοὺς
608 2514 639 2577 δὲ
664 2514 828 2590 γυμνήτας
855 2513 945 2602 (Lag.
967 2517 1144 2602 γυμνῆτας)
1165 2520 1249 2580 κατὰ
1270 2519 1404 2594 τοῦνομα
1421 2541 1495 2596 γυμ·
1593 2535 1594 2548 ’

320 2628 384 2697 τοὺς
403 2621 508 2703 διαζῆν
528 2657 571 2668 -
592 2627 832 2684 supremas
857 2618 1141 2694 'saxorosso
1164 2615 1197 2696 ἣν
1213 2623 1494 2704 §exterminas

319 2749 433 2815 nempe
459 2728 519 2793 hoo
549 2729 618 2811 ipso
647 2724 733 2808 loeo,
766 2745 828 2809 quo
852 2725 890 2790 de
914 2729 1051 2814 agimus.
1099 2727 1295 2794 simillimus
1318 2731 1393 2796 huic
1417 2731 1497 2797 locus

320 2843 368 2904 est
390 2856 463 2921 pag.
489 2830 565 2898 713.
588 2832 696 2896 οὶοκεῖν
721 2833 752 2895 δὲ
775 2832 826 2895 καί
847 2833 971 2904 τούτους
996 2836 1152 2905 κάκείνους
1175 2835 1347 2916 καρτερίαν.

364 3027 459 3132 Apud
493 3040 688 3109 samsonis
722 3063 792 3130 pag.
832 3041 907 3110 718.
965 3044 1143 3110 Alexander
1178 3046 1354 3112 Mandanin
1388 3046 1496 3112 Indum

318 3158 412 3222 vocat
432 3151 471 3216 ad
495 3169 561 3214 sese
584 3150 743 3232 proposito
765 3151 793 3212 si
815 3152 939 3214 venerit
961 3154 1115 3234 praemio,
1140 3154 1190 3216 sin
1212 3156 1321 3217 minus
1340 3153 1496 3239 supplicio.

318 3257 499 3344 Respondet
533 3254 614 3330 μήτε
649 3253 733 3330 αὑτῷ
769 3255 827 3317 δεῖν
863 3263 921 3318 τῶν
954 3258 1028 3334 παρ’
1059 3257 1168 3322 ἐκείνου
1194 3258 1323 3335 δωρεῶν,
1348 3255 1386 3324 ὧν
1412 3258 1497 3327 οὐδεὶς
1592 3335 1593 3344 ¹

320 3365 421 3445 κάρος,
453 3361 535 3440 μήτε
565 3359 590 3424 δ’
623 3360 755 3433 ἀπειλῆς
787 3355 863 3426 εἶναι
896 3361 996 3440 φόβον
1025 3357 1046 3442 ᾧ
1080 3363 1165 3442 ζῶντι
1197 3365 1254 3441 μὲν
1285 3366 1419 3444 ἀρκοῦσα
1457 3361 1496 3435 rin

319 3473 430 3552 τροφὸς
463 3469 480 3542 ἡ
511 3466 641 3540 Ἰνδική,
670 3466 825 3530 οὶποίαυίου
850 3466 882 3529 δὲ
905 3466 1168 3543 οὶπαλλοίξΑΙΤΟ
1191 3478 1247 3544 τῆς
1271 3469 1496 3551 τετρυχωμέναι

319 3582 418 3644 ’Ano
441 3577 540 3653 γήρως
560 3570 680 3650 σαρκός.
706 3569 882 3636 Barbarum
902 3579 950 3636 est
969 3573 1193 3651 οίπαλλοίξαιτο
1214 3596 1270 3660 pro
1285 3575 1496 3654 ἀπαλλαγείς.

320 3684 447 3749 Bonum
470 3678 591 3742 iactum
615 3675 699 3761 quod
721 3679 767 3740 rei
789 3683 903 3741 natura
911 3679 1059 3762 sotorum
1079 3680 1218 3764 postulat
1231 3682 1496 3758 ἀπαλλάξοιτο.

366 3787 534 3851 Praeterea
563 3782 665 3847 scribo
697 3781 793 3846 'isso
819 3784 918 3862 γήρως
942 3805 997 3868 pro
1020 3786 1093 3849 ατί.
1142 3785 1289 3852 Sescenti
1313 3789 1397 3874 apud
1422 3787 1499 3852 stra

321 3897 437 3962 bonam
459 3891 522 3955 looi
544 3889 604 3953 hoo
628 3890 707 3954 vitio
733 3887 843 3952 insecti
865 3889 968 3953 adhue
991 3891 1185 3957 inemendati
1209 3895 1478 3959 circumferuntur.

369 4103 450 4190 Peg.
484 4097 561 4166 725.
593 4135 636 4146 -
666 4095 926 4176 ἀπεργαζομένων
958 4137 999 4148 -
1031 4101 1137 4181 οίχλὺν
1167 4098 1223 4169 ι’ίςε
1255 4104 1298 4167 τοδ
1331 4105 1386 4181 πρδ
1413 4101 1497 4166 ποδοῖν

329 4209 432 4296 [μέρος]
463 4206 507 4282 μὴ
537 4204 673 4279 optatas.
720 4202 876 4290 Expunge
906 4203 1005 4281 μέρη,
1035 4207 1119 4289 quod
1149 4207 1242 4291 plene
1269 4231 1362 4276 sensu
1385 4223 1498 4276 cassum

326 4320 384 4380 ost.
429 4311 467 4374 in
490 4309 591 4374 simili
614 4329 648 4372 re
671 4307 713 4372 τοὶ
737 4309 790 4385 πρὸ
816 4309 912 4373 ποδῶν
935 4311 1081 4376 dicebant
1104 4331 1223 4378 omues.

423 4415 509 4496 Quod
530 4421 599 4500 αοιο
616 4415 707 4496 pedes
729 4436 810 4478 asmo
832 4421 959 4500 spectat,
984 4417 1059 4481 οοοίι·
1080 4425 1253 4484 sanantur
1273 4421 1387 4505 ρίοροι.
