3404 5192
861 381 927 452 252

410 575 460 657 ίίψ
484 573 634 645 Ὀδυσεὺς
657 575 743 639 sard
767 579 869 653 ιιροῖτοι
892 575 1116 653 nervosusne
1141 572 1213 660 (Od.
1239 585 1276 640 Θ.
1303 573 1371 660 92.)

342 679 431 745 iliad.
456 701 490 746 A.
512 678 587 746 567.
612 674 707 744 οἶσσον
727 679 808 744 ίόνό’;
829 679 874 747 ότι
896 681 1055 756 Ζηνόδοτος
1076 679 1194 761 γράφει
1219 676 1340 745 οἶσσον
1365 679 1483 744 ίόντε.

296 787 350 849 οὐκ
369 783 413 853 ἔτι
434 786 465 850 δὲ
485 786 560 850 ἀλλ’
578 785 646 849 οίντί
667 791 720 848 τοῦ
749 785 876 860 ίόντος.
908 795 1028 865 συγχεῖ
1044 787 1074 852 δὲ
1095 785 1147 849 κοί
1167 785 1202 850 τό
1222 785 1294 856 διόο.
1325 785 1482 850 Emendat

297 890 365 956 όντί
388 896 441 956 τοῦ
468 890 570 955 ίόντλ.
595 900 717 970 συγχεῖ
738 892 768 956 δὲ
792 893 844 957 ιιοοί
867 895 901 958 τό
934 892 1087 975 δνϊκόν,
1119 911 1194 956 cum
1217 891 1369 956 Bckkcro.

341 995 448 1062 Facile
476 1001 605 1082 apparet
627 1017 736 1062 omnes
758 997 816 1062 has
838 995 989 1063 Zenodoti
1012 1000 1184 1081 scripturas
1207 997 1339 1061 vitiosas
1362 1015 1429 1060 esse
1452 999 1485 1060 et

295 1121 471 1187 perversas,
504 1101 557 1166 sed
587 1122 650 1167 non
681 1104 743 1187 ipsi
772 1101 930 1169 Zenodoto
961 1103 1181 1188 imputandas,
1214 1101 1267 1167 sed
1291 1100 1383 1166 libris
1407 1119 1485 1185 quos

296 1206 502 1291 sequebatur,
534 1206 568 1271 id
597 1225 721 1292 qnoque
750 1211 827 1272 satis
858 1228 1006 1294 apparere
1030 1208 1174 1273 arbitror.
1221 1207 1295 1272 Non
1316 1205 1372 1270 ills
1394 1206 1485 1270 bonis

296 1311 487 1377 lectionibus
518 1311 619 1377 malas
648 1314 873 1397 anteponebat,
898 1314 953 1378 sed
975 1335 1038 1378 non
1061 1313 1198 1378 hahebat
1221 1311 1378 1377 meliores.
1424 1310 1485 1375 Re·

296 1417 488 1504 prehendero
517 1426 627 1482 autem
657 1417 853 1484 Zenodotum
884 1419 968 1504 quod
994 1419 1052 1484 ills
1073 1425 1201 1485 vetusta
1223 1418 1380 1483 librorum
1403 1418 1486 1483 vitis

296 1543 360 1589 non
383 1523 514 1589 sustulit
537 1524 665 1608 perinde
689 1529 737 1589 est
760 1544 796 1589 so
818 1526 846 1589 si
869 1527 940 1609 quis
962 1524 1060 1591 vellet
1083 1523 1277 1590 Zenodotum
1305 1527 1485 1607 vituperare

297 1629 380 1714 qnod
403 1648 465 1693 non
488 1636 570 1694 esset
592 1629 803 1694 Aristarchus.
839 1629 950 1715 ltaque
970 1629 1131 1705 Ζηνόδοτος
1151 1630 1269 1709 γρόφει
1291 1627 1374 1692 nihil
1396 1626 1484 1693 aliud
1556 1675 1563 1684 .

296 1731 455 1820 significet
485 1753 583 1818 quam
611 1734 655 1798 sic
677 1735 817 1818 οοτίριίοοοι
840 1759 900 1800 ease
922 1739 957 1800 in
979 1736 1131 1802 Zenodoti
1153 1735 1290 1800 editione
1313 1755 1351 1799 ex
1373 1732 1482 1810 libris,

298 1841 353 1923 qui
380 1838 438 1904 illa
467 1845 570 1904 aetate
600 1839 824 1924 suppetebant,
848 1845 1032 1928 composita.
1081 1841 1196 1907 Omnis
1219 1841 1296 1906 hacc
1319 1839 1484 1903 οινοιιόοοὶί

296 1944 500 2010 Aristarchus
531 1949 563 2009 et
593 1944 684 2010 libris
713 1945 808 2033 longe
840 1946 985 2032 pluribus
1015 1953 1047 2013 et
1076 1945 1263 2012 melicrihus
1293 1944 1422 2011 adiutus
1453 1949 1485 2008 et

297 2070 374 2115 usus
404 2049 462 2115 illa
491 2049 673 2116 admirabili
700 2052 871 2136 οίγχινοίρι,
903 2053 1005 2138 qualis
1028 2057 1249 2138 praeterquam
1271 2053 1305 2115 in
1328 2066 1484 2117 narrumc

296 2158 332 2220 in
354 2154 444 2222 nullo
467 2155 529 2221 alio
553 2176 706 2240 umquam
731 2156 804 2223 fuit.

342 2260 379 2326 ln
408 2281 471 2326 uno
495 2266 621 2326 tantum
645 2259 721 2326 libri
744 2265 843 2347 primi
865 2262 934 2329 loco
956 2261 1158 2329 Aristarchus
1180 2262 1374 2328 Zenodotcae
1396 2263 1483 2328 leoti-

297 2370 365 2432 cnis
398 2366 652 2432 emendationem
685 2370 848 2459 ingeniose
883 2374 915 2432 et
950 2377 1041 2435 acuto
1074 2371 1216 2434 instituit
1251 2371 1356 2456 magis
1387 2388 1483 2454 quam

297 2471 438 2557 perfecit.
485 2471 576 2538 Iliad.
600 2491 632 2537 A.
661 2469 736 2538 129.

921 2581 950 2648 εί
970 2581 1005 2648 ιιέ
1029 2584 1094 2646 τοόι
1120 2581 1196 2654 Ζειίς

523 2685 594 2764 δῷσι
620 2685 707 2750 σόλον
730 2687 842 2778 Τροίην
864 2689 1019 2770 εὐτείχεον
1042 2685 1254 2764 tranantem.

344 2791 429 2858 Audi
459 2791 697 2857 Aristarchum:
729 2794 759 2868 ίὴ
784 2795 877 2869 διπλῆ
901 2793 1131 2873 τεριεςιγμένη)
1154 2790 1198 2857 ότι
1224 2791 1385 2864 Ζηνόδοτος
1407 2791 1484 2872 γνοί-

297 2904 352 2978 Φει
385 2895 549 2976 Τροίην,
579 2898 616 2968 ὥς
644 2897 694 2960 tet
719 2899 774 2972 την
793 2897 888 2963 Ἴλιον
910 2898 1094 2977 βουλόμενος
1120 2899 1261 2975 γειίσόονι
1287 2899 1341 2968 την
1365 2898 1484 2978 doado·

297 3003 363 3083 ροίν.
395 3000 558 3074 οίτιίοίνως.
592 3001 703 3076 ἄδηλον
733 3004 796 3081 γὰρ
820 2998 853 3076 ἦν
878 3005 903 3068 εί
928 3005 1045 3068 ἑλοῦσιν
1070 3003 1177 3078 οιότην.
1202 3001 1262 3070 ἔςιν
1287 2999 1335 3068 οὖν
1355 3003 1369 3067 ό
1391 3000 1484 3080 λόγος

299 3107 366 3187 περὶ
397 3109 473 3184 areis
508 3107 626 3179 πόλεως
655 3115 713 3173 τῶν
743 3109 906 3188 περιοίκων.
931 3108 1052 3180 τούτοις
1076 3109 1138 3186 γὰρ
1162 3109 1277 3186 ἐσόρόει
1301 3106 1484 3188 Ἀχιλλεύς.

298 3212 341 3278 διὸ
373 3213 424 3276 κοιί
456 3213 487 3276 όν
511 3221 620 3280 TPlCl
645 3213 826 3291 orthodixis
853 3213 1110 3291 dispersionem.
1158 3213 1247 3280 Haec
1271 3215 1483 3297 Aristonicus,

299 3319 354 3402 qui
379 3318 467 3384 addit
489 3318 529 3384 ad
554 3339 600 3384 vs.
628 3317 703 3386 164.

925 3425 1039 3492 irro'r'
1065 3427 1192 3506 Ἀχοιιοί

522 3531 630 3610 Τρώιον
652 3532 815 3610 sarriens·
838 3534 1029 3610 εόνοιιόροενον
1053 3534 1235 3612 ττολίεόρον.

300 3634 331 3724 (οἱ
356 3636 463 3719 διοτλιῑ)
493 3634 539 3700 ότι
566 3637 697 3718 φοινερόν
721 3638 756 3701 ἐκ
778 3639 886 3702 τούτου
910 3641 948 3710 ὥς
973 3641 1025 3703 κοί
1051 3641 1080 3703 ἐν
1104 3647 1166 3710 τοῖς
1192 3637 1292 3704 irriso
1317 3638 1385 3718 τερί
1406 3659 1483 3708 τινος

298 3750 356 3808 τῶν
380 3743 553 3822 περιχώρων
577 3743 621 3810 ε’ςί
646 3743 762 3808 σόλεοιν
786 3743 800 3806 ό
823 3743 927 3822 λόγος.
974 3744 1148 3810 Aristarchi
1172 3747 1397 3810 correctionem
1415 3762 1485 3828 prc-

299 3848 389 3914 havit
418 3852 451 3912 et
475 3867 558 3913 novo
582 3855 772 3936 argumento
794 3849 953 3915 stabilivit
975 3849 1176 3915 Herodianus
1200 3850 1239 3915 ad
1262 3870 1310 3916 vs.
1336 3847 1411 3914 129.
1434 3847 1485 3912 his

298 3953 421 4019 verbis:
454 3954 615 4032 Τροίηςε
643 3952 736 4026 οὕτως
762 3953 946 4036 Ἀρίτοιρχος
978 3956 1272 4036 τρισολλοόβιος
1304 3956 1356 4020 κοιί
1382 3952 1485 4018 ἕνόιίδε

299 4059 350 4123 nal
377 4060 407 4122 ἐν
431 4067 469 4139 τῇ
494 4069 523 4124 Λ
548 4069 603 4134 τῆς
626 4058 810 4130 Ὀδυσσείας
836 4060 940 4146 (510.)

435 4165 498 4240 ἤτοι
522 4160 569 4229 ὅτ’
592 4165 678 4246 οίμφί
704 4166 792 4230 πόλιν
816 4168 960 4246 Τροίην
983 4167 1177 4248 φροιζοίμεόοο
1200 4166 1330 4246 βουλάς.

299 4267 351 4331 κοί
383 4267 505 4342 ἐτείσόη
539 4273 621 4349 αὐτῷ
654 4273 671 4345 ἡ
706 4271 884 4350 τοιροίδοσις.
917 4270 961 4339 ἔτι
993 4275 1024 4338 δὲ
1055 4278 1108 4338 xxi
1133 4273 1166 4337 τό
1190 4282 1245 4348 τῆς
1267 4276 1406 4355 χρήσεως
1431 4277 1485 4344 ric

300 4375 467 4452 Ὁμηρικῆς
492 4375 605 4453 ίδίιοροοο
629 4375 860 4456 οτοιροοφνλοίξοιι
885 4374 978 4449 οὕτως
998 4380 1035 4449 ὥς
1056 4375 1102 4442 ότι
1123 4377 1209 4444 εἶτον
1228 4381 1316 4458 λέγει
1335 4381 1370 4444 τὸ
1389 4385 1418 4442 Τ
1421 4376 1486 4458 pola

302 4476 410 4570 (Τροίηι
430 4476 507 4572 leg.)
534 4479 732 4560 δισυλλάβως
755 4483 897 4548 οὐδέποτε
923 4483 1061 4567 ἐπιφέρει
1084 4485 1119 4549 τό
1151 4485 1268 4560 πόλις
1299 4480 1373 4551 olor·
