3404 5192
417 585 433 660 ἤ
457 609 527 650 τινα
549 585 652 670 πέφνη
676 585 802 665 Ἀνδρῶν
826 585 844 660 ἢ
869 583 962 659 αύτές
988 583 1122 668 φθίεται.

190 697 222 757 et
245 703 279 761 Ξ.
306 691 362 760 85.

348 799 488 882 ὤφελλες
502 838 543 848 -
558 799 632 877 μηδ’
656 798 740 877 οίμμι
765 797 955 876 σανασσέμεν
980 794 1053 864 οἷσιν
1075 798 1137 879 οίρα
1162 798 1238 872 Ζεύς

419 909 451 971 ἐκ
477 907 612 982 νεότητος
637 904 729 970 ἔδακε
756 905 806 969 καί
833 907 862 978 ἐς
887 914 984 985 γῆρας
1008 905 1187 970 τολυπεύειν

418 1014 589 1092 ἀργαλέους
614 1011 766 1089 πολέμους
790 1011 872 1094 ὄφρα
895 1011 1068 1092 φίιίμεσία
1092 1013 1227 1084 σέκαςος.

238 1115 328 1196 Quod
353 1116 517 1184 Bekherus
541 1117 629 1183 dedit
652 1115 703 1182 ίτε
727 1126 792 1184 κεΝ
818 1116 1019 1196 ξομβλησεαι
1042 1138 1099 1202 pro
1123 1127 1176 1182 ΚΕ
1198 1123 1322 1206 pugnat
1345 1125 1377 1185 et

192 1241 266 1284 cum
297 1219 426 1309 linguae
458 1222 581 1289 Ionicae
613 1223 839 1289 consuetudine
870 1229 902 1288 et
933 1245 1006 1289 cum
1035 1224 1160 1288 disertis
1183 1221 1375 1291 Oriticorum

191 1331 337 1392 veterum
369 1331 561 1394 testimoniis
592 1351 627 1395 ac
658 1332 841 1416 praeceptis.
889 1328 1016 1394 Scholia
1040 1327 1160 1394 Veneta
1182 1330 1222 1394 ad
1244 1349 1273 1395 a.
1300 1329 1375 1398 756.

192 1428 307 1512 ἦρχες
337 1432 430 1513 χωρίς
462 1441 514 1499 τοῦ
546 1443 576 1500 Ν
607 1435 642 1500 τί
673 1432 748 1516 ἦρχε
780 1434 831 1499 δια
855 1434 889 1499 τέ
913 1432 1108 1516 ἐπιφέρεσθαι
1133 1435 1183 1500 δύο
1207 1435 1373 1518 σύμφωνα.

192 1545 223 1604 et
256 1538 295 1603 ad
326 1550 359 1602 B.
392 1537 469 1606 671.
501 1537 595 1618 o'cys:
626 1542 721 1622 χωρίς
745 1546 799 1604 τοῦ
823 1549 853 1605 Ν
876 1540 911 1604 τὸ
936 1539 999 1618 ἄγε
1024 1541 1076 1606 καί
1099 1539 1239 1606 ’ὍΛΩΟ
1263 1544 1315 1623 ἐφ’
1339 1542 1376 1609 ὦν

191 1643 234 1708 τοὶ
268 1643 477 1725 ἐπιφερόμενα
514 1646 596 1732 (add.
633 1647 698 1731 δύο)
733 1645 890 1728 ούμφιονοί
926 1649 970 1715 ἐςι
1005 1648 1039 1711 τὸ
1076 1648 1108 1711 ἐκ
1144 1655 1199 1722 τῆς
1231 1650 1376 1730 προτέρας

191 1749 300 1826 λέξεως
334 1749 496 1832 σύμφωνον
526 1751 738 1832 περιαιρετέον.
785 1752 838 1818 Sic
869 1750 975 1818 Codex
999 1755 1037 1818 A.
1085 1752 1167 1818 Item
1191 1754 1228 1818 B.
1253 1752 1304 1818 ὅτε
1329 1755 1378 1820 δύο

190 1855 345 1936 σύμφωνα
391 1859 407 1932 ἡ
449 1859 596 1942 ονλλαβίρ
633 1858 790 1937 ἐπαίρεται
823 1858 1046 1937 περιγραπτέον
1081 1862 1174 1940 (αὐτῇ
1211 1860 1286 1940 del.)
1321 1869 1375 1936 τῆς

191 1961 338 2041 προτέρας
368 1961 403 2024 τὸ
435 1962 609 2044 σύμφωνον.
658 1963 813 2028 Similiter
836 1967 986 2047 sequente
1010 1973 1030 2026 P
1059 1965 1184 2028 inutilis
1207 1985 1378 2032 consonans

191 2074 222 2131 N
245 2068 493 2133 transcribenda
516 2069 698 2134 Aristarcho
722 2073 848 2134 auctore
872 2068 911 2133 ad
934 2067 1026 2134 Iliad.
1051 2076 1090 2131 T.
1118 2068 1170 2132 90.
1195 2067 1251 2145 ἐξω
1275 2077 1327 2137 τοῦ
1347 2080 1377 2136 Ν

192 2173 225 2237 αί
257 2171 443 2254 ’λριςοίρχοο
477 2175 586 2252 »ἄλλα
618 2175 649 2240 τί
673 2184 726 2240 ΚΕ
749 2173 900 2255 idiotas?
946 2170 1036 2239 Oonf.
1062 2175 1101 2239 ad
1125 2186 1158 2244 Ξ.
1183 2174 1258 2240 456.
1285 2173 1376 2250 οὕτως

192 2274 235 2341 κέ
244 2277 316 2358 μιζ
323 2303 337 2342 ε
371 2277 443 2344 ίίνεν
467 2283 520 2345 τοῦ
544 2289 585 2344 N.
611 2286 642 2347 et
666 2290 710 2346 Ω.
739 2279 813 2344 565.
838 2281 872 2344 ού
896 2279 958 2359 ροίρ
984 2289 1037 2344 ΚΕ
1060 2281 1154 2354 τλαίη
1181 2279 1375 2362 Ἀρίταρχος.

192 2383 274 2463 Quia
301 2384 381 2450 duae
405 2392 608 2452 consonantes
632 2386 793 2472 quaehhet
818 2390 849 2450 et
873 2397 893 2450 P
920 2387 1003 2472 apud
1026 2386 1116 2451 Iones
1139 2388 1378 2472 praecedentem

191 2489 321 2555 brevem
344 2491 523 2577 producunt
546 2513 741 2578 supervacua
764 2495 811 2556 est
832 2499 862 2556 N
887 2493 921 2555 in
944 2491 995 2556 his
1020 2493 1177 2557 omnibus.
1214 2493 1378 2559 Bekkerns

192 2600 364 2662 sexcenties
395 2601 546 2662 adversus
574 2599 651 2664 haec
682 2600 826 2684 peccavit
857 2601 894 2661 ut
927 2600 961 2661 in
983 2593 1035 2662 ίτε
1059 2607 1142 2663 ΚΕΝ
1165 2596 1378 2676 ξυμβλησεαι.

192 2701 340 2769 Indicabo
374 2703 510 2789 paucula
545 2704 582 2769 de
622 2704 753 2782 multis;
792 2703 905 2790 Odyss.
942 2728 975 2781 ν.
1015 2701 1068 2770 53.
1103 2705 1195 2769 δῶκεν
1229 2706 1377 2788 χρύσειον.

193 2807 220 2888 ζ.
248 2807 322 2874 159.
347 2809 482 2875 ἐέδνοισιν
506 2810 626 2889 βρίσας.
655 2826 686 2875 λ.
714 2809 787 2876 106.
814 2833 864 2874 κεν
888 2816 1015 2889 πρῶτον,
1040 2833 1064 2874 ο.
1092 2809 1168 2875 524.
1188 2810 1217 2876 εί
1236 2813 1269 2876 ιιέ
1290 2817 1380 2894 σφιΝ

194 2914 248 2995 πρὸ
276 2915 400 2992 γοίμοιο.
434 2939 461 2979 σ.
495 2914 572 2980 255.
605 2941 656 2980 κεν
688 2915 785 2988 κλέος.
832 2916 875 2980 ht
905 2921 977 2981 ante
1002 2927 1035 2979 P.
1061 2915 1171 3003 Odyss.
1197 2917 1223 2982 δ.
1249 2915 1325 2983 659.
1349 2923 1381 2984 τί

193 3043 244 3084 ιιεν
273 3018 376 3100 ρ’έξειε.
410 3047 436 3095 η.
467 3017 521 3086 63.
546 3020 648 3085 ἔτεκεν
671 3020 849 3099 Ῥηξήνορο,
876 3045 911 3098 μ.
939 3019 1013 3086 107.
1039 3045 1089 3086 κεν
1113 3024 1245 3102 ρ’ύσαιτο.
1293 3025 1381 3090 Haeo

192 3127 293 3213 igitur
312 3132 344 3192 et
363 3127 485 3212 reliqua
506 3128 736 3193 eiusdemmodi
761 3129 868 3191 omnia
891 3127 931 3190 ad
954 3125 1077 3191 Ionicae
1099 3127 1229 3215 linguae
1252 3151 1380 3197 consue-

192 3231 335 3296 tudinem
360 3238 433 3297 sunt
457 3217 692 3298 conformanda.

237 3335 285 3400 Hx
311 3337 371 3402 hac
392 3338 581 3404 Homericae
604 3339 734 3427 linguae
758 3340 864 3422 copia,
890 3339 984 3404 utin
1008 3336 1080 3402 aliis
1104 3338 1231 3416 multis,
1256 3341 1379 3406 videbis

192 3463 308 3528 paucas
339 3445 491 3528 quasdam
521 3443 669 3529 reliquias
699 3445 733 3506 in
764 3463 907 3508 sermone
930 3445 1038 3508 Attico
1060 3446 1256 3509 remansisse.
1304 3450 1380 3523 Ἐμ-

193 3548 358 3625 πίμπλημι
390 3553 421 3614 et
453 3549 627 3625 ἐνεπλίμην
656 3550 774 3613 Atticis
805 3571 880 3613 cum
910 3548 1051 3613 Homero
1083 3553 1265 3615 communia
1296 3557 1377 3616 sunt.

193 3653 417 3739 Aristophanes
449 3655 546 3720 habet
568 3653 730 3739 ἔμπλησο,
755 3656 944 3737 ἐμπλῄμην,
970 3655 1126 3736 ἐμπλῑρτο,
1151 3653 1203 3742 (ex
1225 3655 1382 3741 palmaria

193 3757 330 3824 Darresii
354 3761 574 3826 emendatione
596 3763 630 3825 in
653 3761 822 3846 Ιροίειοοίο
844 3783 891 3826 rs.
917 3759 993 3826 235.

419 3867 444 3930 εί
469 3866 499 3930 δέ
522 3866 704 3946 παραβαίην
728 3865 838 3940 ὕδατος
864 3867 999 3949 ἐμπλῇθ’
1024 3869 1040 3943 ἡ
1065 3865 1166 3944 κύλιξ.

192 3991 249 4057 pro
280 3971 442 4055 ἐμπλησίῇ
467 3972 582 4054 κύλιξ.)
607 3973 804 4050 ἐμπλῆσίαι,
831 3974 1038 4051 ἐμπλήμενος.
1076 3973 1273 4050 Ἐνεπλιίμην
1298 3977 1381 4061 apud

192 4076 312 4143 multos
331 4077 466 4166 legitur,
487 4079 571 4144 unde
590 4079 705 4166 Lysias
724 4079 937 4143 reddidimus:
959 4077 1065 4153 ἐπειδὴ
1081 4079 1205 4156 τοίχιςα
1218 4078 1381 4156 ἐνέπληντο

193 4203 250 4268 pro
280 4183 483 4260 ἐνεπέπληντο
515 4187 549 4249 in
580 4185 657 4249 Νοο.
689 4185 783 4249 Lectt.
815 4204 888 4272 pag.
922 4181 999 4249 226.
1033 4189 1069 4248 ut
1096 4184 1180 4270 apud
1201 4183 1381 4254 Homerum

196 4295 233 4352 Φ.
259 4287 336 4354 607.

510 4393 609 4460 πύλαι
633 4395 658 4460 δ’
684 4391 842 4472 ἔμπληντο
866 4393 1026 4460 εαλένταν.

239 4497 361 4566 Vitiosa
395 4500 573 4566 scribarum
608 4501 802 4568 consuetudo
839 4507 871 4566 et
906 4502 989 4588 opud
1025 4501 1204 4569 Homerum
1235 4512 1266 4570 et
1298 4507 1381 4596 apud
