3410 5180
734 375 799 451 489

219 569 299 664 Peg.
333 572 410 642 372.
443 571 496 640 10.
528 574 625 654 είριίνη
658 572 713 652 μὲν
743 569 792 639 ούυ
815 572 853 638 δι’
877 571 1023 648 ἐκείνους,
1048 567 1229 640 ἐπικίνδυνος
1254 561 1285 632 δέ
1310 557 1361 630 καί

174 681 324 766 σφαλεροὶ
348 679 400 746 καί
425 677 537 752 όπιςος
561 678 612 745 διὰ
632 679 756 751 τούτους
776 678 889 759 γέγονε
910 675 1212 763 [δοροδοκιίσοιντας].
1250 671 1365 758 Super·

174 807 313 856 vacuum
344 793 377 852 et
408 783 582 850 molestum
609 784 873 865 δωροδοκήσαντας
895 789 928 849 et
951 781 1053 848 alieno
1076 780 1146 846 loco
1168 781 1310 866 positum
1334 782 1365 843 et

174 893 346 962 verborum
371 891 619 956 concinnitatem
641 892 761 958 vitians
784 889 966 955 delendum.

221 998 297 1083 Ipsa
326 997 482 1082 oppositio
509 998 592 1062 inter
615 996 653 1061 δι’
677 994 805 1069 ἐκείνους
830 1001 863 1061 et
884 994 935 1060 διόι
958 993 1082 1068 τούτους
1107 992 1363 1060 additamentum

101 1159 105 1164 .
176 1102 236 1169 hoc
260 1103 368 1188 arguit
391 1103 424 1166 et
446 1102 577 1185 respuit.

222 1310 303 1399 Pag.
328 1308 405 1375 409.
429 1307 484 1376 28.
531 1308 703 1376 Aeschines
723 1310 763 1375 ad
781 1309 1029 1376 Demosthenem
1050 1309 1165 1390 ἐφοβοῦ
1188 1307 1254 1388 περί
1276 1330 1367 1372 σεαυ-

176 1423 245 1496 τοῦ,
272 1418 327 1482 ait.
375 1414 573 1501 Respondet:
598 1417 622 1481 εί
648 1416 701 1498 ἐφ’
726 1411 768 1489 οἷς
793 1417 807 1482 ό
831 1415 905 1496 μηδ’
932 1418 1029 1483 ότιούν
1053 1416 1163 1482 ἀδικῶν
1188 1413 1367 1497 ἐφοβούμην

179 1525 239 1602 ἐγώ
269 1521 327 1610 [μὴ
350 1520 401 1586 διόι
425 1523 550 1592 τούτους
575 1519 778 1607 antiopae,
801 1523 835 1589 τί
858 1522 982 1596 τούτους
1006 1525 1149 1603 προσύκει
1169 1523 1278 1586 παίεῖν
1297 1519 1368 1590 τοὺς

178 1628 291 1701 αύτούς
328 1627 524 1707 ηδικηκότοις;
560 1627 680 1694 Reseoa
712 1648 855 1714 pannum
890 1627 1018 1695 aliunde
1053 1633 1216 1713 assutum,
1251 1629 1306 1713 qui
1340 1627 1368 1690 si

179 1756 274 1822 quam
304 1737 447 1801 maxime
476 1736 650 1800 sententiae
683 1737 883 1820 conveniret,
910 1741 1101 1801 tamennon
1126 1735 1369 1820 poteratinter·

178 1843 253 1927 poni
282 1841 367 1905 inter
396 1842 421 1906 εί
446 1840 625 1924 ἐφοβούμην
650 1841 766 1920 ’em
790 1841 824 1907 τί
846 1849 1053 1907 TOTTOTC
1078 1843 1218 1922 προσήκει
1243 1838 1367 1914 retain

223 2051 303 2138 Peg.
335 2047 412 2115 421.
445 2048 500 2116 22.
531 2049 569 2116 όου
594 2051 723 2117 πιλίδιον
747 2049 854 2128 λαβὼν
878 2049 929 2115 ἐπί
954 2051 1010 2126 την
1033 2050 1176 2133 κεφαλην
1202 2058 1368 2130 περινοςῇς.

178 2155 283 2222 Nemo
313 2158 348 2221 in
378 2157 509 2240 antiqua
538 2153 672 2222 Graecia
702 2158 766 2222 sio·
780 2155 986 2240 loquebatur:
1019 2159 1074 2242 qui
1111 2157 1209 2242 capiti
1244 2155 1368 2238 imponit

179 2260 327 2348 galeam,
352 2279 517 2338 coronam,
541 2261 663 2346 pileum
688 2262 806 2327 dicitur
828 2262 895 2340 περί
920 2262 974 2336 την
998 2263 1140 2344 κεφαλὴν
1164 2259 1367 2339 περιτίίεσόοιι

180 2367 450 2448 περικεφαλαίαν,
480 2367 633 2449 ςέφοινον,
657 2374 767 2445 πίλου,
792 2367 941 2445 πιλίδιον,
967 2371 1054 2434 etin
1077 2367 1214 2453 perfecto
1238 2366 1367 2446 περίκει·

179 2498 238 2552 μοι
271 2473 405 2552 ςέφανον
429 2474 558 2539 etaim.
608 2469 725 2540 Contra
748 2476 804 2560 qui
827 2474 903 2560 quid
928 2476 962 2539 in
986 2476 1089 2561 capite
1112 2477 1217 2562 gestat
1237 2472 1287 2536 ἐπὶ
1312 2481 1367 2547 τῆς

180 2585 322 2663 κεφαλῆς
356 2578 458 2661 φέρειν
490 2579 624 2659 dieitur,
657 2586 695 2646 ut
726 2579 775 2644 ἐπί
801 2586 859 2645 τῶν
882 2579 978 2659 ὤμων.
1027 2578 1194 2666 Sequiores
1217 2575 1368 2646 Graeculi

179 2705 236 2770 pro
260 2686 430 2764 περιόέσόοοι
454 2687 562 2751 minus
584 2689 710 2772 proprie
736 2685 890 2752 ἐπιόίσόοιι
914 2686 1018 2752 dicere
1041 2691 1210 2772 coeperunt
1236 2684 1368 2751 ethaeo

179 2792 319 2866 συνύίειοι
343 2792 428 2857 facta
452 2797 507 2856 est
556 2792 783 2878 Aristophanes
811 2793 976 2877 Theonopt.
1002 2788 1079 2859 380.

429 2897 547 2978 περίόου
573 2898 730 2964 νυυ·τόνδε
754 2903 868 2979 πρῶτον
894 2897 963 2979 πρίν
986 2896 1103 2976 λέγειν.

179 3003 234 3068 ubi
252 2999 443 3068 Scholiasta:
462 3003 532 3068 ύντί
550 3008 603 3068 τοῦ
622 3003 767 3084 ςέφανον.
789 3003 852 3076 ἐίος
870 3004 933 3086 ρόιρ
950 2998 983 3078 ἦν
1003 3013 1065 3077 τοῖς
1079 3002 1203 3082 λέγουσι
1218 3005 1371 3083 ςεφανού·

179 3109 247 3174 σόαι
268 3115 396 3188 πρῶτον.
419 3107 454 3173 τό
469 3107 501 3174 δέ
521 3117 706 3174 nemeen
732 3105 804 3191 όπερ
824 3113 897 3189 ἡμῖν
916 3109 1038 3185 τύνηίες
1059 3109 1230 3176 ἘΠΙΘΟΤ
1251 3108 1366 3188 λέγειν.

224 3214 314 3280 Idem
338 3215 465 3304 Ιιροόιόσ.
491 3213 570 3280 533.

430 3324 504 3401 παρ’
528 3323 603 3399 ἐμοῦ
627 3321 712 3388 τουτί
735 3323 771 3389 τό
794 3321 954 3403 κοίλυμμα
977 3320 1086 3401 λαβοίν

433 3423 490 3508 ἐχε
515 3428 568 3492 καί
592 3429 710 3508 περίόου
735 3428 802 3510 περί
826 3430 881 3505 την
905 3429 1059 3510 κεφαλιίν.

179 3535 211 3598 et
241 3534 287 3597 sio
317 3535 497 3598 constanter
526 3532 656 3600 Veteres
679 3554 788 3600 omnes
812 3533 850 3600 ut
873 3537 907 3601 in
930 3533 1155 3616 οέμπέχεσόοοι,
1178 3533 1371 3617 περιβοίλλε-

180 3641 269 3716 σίαι,
312 3639 504 3721 περιδεῖσίοιι.
578 3639 688 3726 ltaque
721 3639 929 3709 Demostheni
964 3640 1059 3707 redde
1093 3661 1206 3707 suum:
1241 3643 1370 3708 πιλίδιον

180 3744 290 3822 λαβὼν
314 3753 409 3810 ΠΕΡΙ
434 3747 490 3821 την
513 3747 669 3828 κεφαλήν.

226 3951 306 4041 Ρας,
341 3952 417 4020 426.
453 3953 506 4021 13.
532 3955 600 4036 πρίν
624 3953 757 4034 ἐξελθεῖν
782 3958 918 4024 ἐνιαυτόν
942 3964 995 4024 τοῦ
1021 3957 1157 4036 πολέριου
1182 3959 1239 4032 τὰς
1266 3959 1372 4034 πόλεις

181 4058 312 4132 οίπιίτας
336 4059 585 4128 ἀπολωλέκεσαν
610 4061 647 4148 (oi
672 4063 836 4152 Ὀλύνόιοι)
862 4065 921 4138 τοὶς
948 4066 978 4130 ἐν
1001 4075 1039 4147 τῇ
1065 4068 1236 4150 Χαλκιδικῇ
1261 4068 1371 4151 [προδο

179 4163 293 4238 δύντες.
328 4163 383 4231 alii
413 4168 439 4231 οί
469 4166 669 4254 προδιδόντες]
703 4169 756 4234 καί
789 4173 942 4244 Φίλιππος
971 4171 1072 4237 οὐκέτ’
1097 4167 1184 4254 εἶχεν
1209 4174 1373 4241 ύπακούειν

176 4280 240 4346 τοῖς
276 4271 463 4351 προδιδοῦσιν
491 4273 554 4338 οὐδ’
587 4269 673 4357 εἶχεν
708 4273 739 4354 ό,
778 4298 809 4340 τι
844 4283 958 4357 πρῶτον
994 4277 1091 4361 λοίβη.
1137 4279 1209 4346 Non
1246 4285 1374 4347 tantum

175 4377 364 4460 προδιδόντες
397 4381 437 4465 (οἱ
471 4379 669 4469 προδιδόντες)
702 4381 849 4448 additum
881 4382 982 4449 laedit
1012 4404 1123 4451 aurem
1157 4386 1197 4451 ob
1229 4389 1374 4454 vicinum

176 4492 240 4558 τοῖς
273 4485 475 4572 προδιδοῦσιν,
500 4489 555 4556 sed
579 4491 679 4556 etiam
703 4509 778 4556 cum
802 4489 865 4557 loci
888 4493 1044 4558 sannatia
1066 4499 1199 4580 pugnat.
1247 4493 1372 4582 Nempe
