3410 5180
917 363 984 432 468

356 549 434 635 quid
452 553 494 616 sit
515 551 571 617 ύτδ
592 549 719 617 τίλετιν
737 554 828 619 οίκεῖν
848 553 994 639 expediet
1014 561 1046 620 te
1064 557 1132 640 ipse
1150 553 1302 621 Isocrates
1321 576 1395 643 pag.
1419 554 1493 621 108.
1513 576 1549 621 s.

357 661 497 736 προσήκει
520 695 560 706 -
582 668 645 730 τοῖς
678 659 707 723 ἐν
739 669 964 725 ΠΟΛΙΤΕΙΑΙ
997 661 1049 725 ιιιιδ
1078 659 1176 738 νίμοις
1201 660 1404 738 ἐνδεδεμένους
1429 661 1550 736 ἐκείνην

355 765 410 837 τὴν
434 763 523 828 πόλιν
547 761 666 844 τέμνειν
691 767 721 829 ἐν
747 763 765 848 ᾗ
787 765 981 847 τυγχοίνουτι
1005 771 1232 841 κατοικοῦντες.

402 865 647 935 Consunduntur
677 874 837 944 πολιτείοις
866 879 898 938 et
921 873 1039 946 πόλεως
1062 894 1137 961 pcg.
1165 871 1240 942 174.
1267 871 1322 940 27.
1346 872 1491 956 πολιτείᾳ
1515 881 1551 938 et

358 975 447 1040 τίλει
470 996 545 1062 pag.
572 975 648 1044 585.
672 976 727 1042 25.
753 987 786 1044 et
808 978 881 1044 eliis
903 978 991 1044 locis.

401 1187 492 1268 Quod
527 1209 622 1256 nemo
655 1190 842 1256 mortalium
874 1195 943 1278 ipse
978 1191 1110 1257 dixisset
1145 1192 1254 1276 oequis
1287 1193 1404 1256 animis
1435 1211 1550 1256 omnes

355 1291 461 1358 ienmt
500 1294 584 1381 apud
623 1295 870 1362 Demosthenem
910 1317 983 1384 pcg.
1018 1295 1093 1362 123.
1128 1295 1181 1362 10.
1211 1297 1311 1362 καίτοι
1344 1299 1396 1361 τὸν
1426 1295 1549 1362 ἅποιτιν

357 1398 500 1478 ιίπελγῶς
525 1398 601 1466 οίίτιι
624 1401 779 1481 χρώμενον
803 1410 847 1466 Ti
871 1404 987 1478 οίεσίε,
1012 1401 1135 1467 ἒπειδίιν
1158 1403 1227 1467 καθ’
1250 1399 1303 1466 ἕνον
1328 1403 1411 1479 ἡμῶν
1433 1402 1549 1472 ἕκοίςου

356 1505 453 1585 κύριος
484 1506 631 1584 γε’νντιιι,
668 1507 727 1590 [τί]
755 1511 890 1583 ποιήσειν
898 1529 907 1587 ;
932 1507 996 1575 Sed
1018 1527 1081 1573 non
1105 1513 1152 1573 est
1174 1507 1253 1574 haec
1275 1507 1438 1596 eleganter
1460 1529 1549 1574 com·

355 1614 461 1697 posito
490 1613 649 1697 periodus.
699 1613 823 1694 Quanto
855 1617 1053 1682 numerosior
1082 1614 1237 1680 accideret
1267 1615 1307 1679 od
1330 1634 1421 1679 sures
1444 1617 1549 1680 cretio

354 1720 400 1782 sic
423 1727 586 1804 concepta:
611 1719 644 1785 τί
667 1722 800 1797 ποιήσειν
823 1720 940 1798 οίετίε,
967 1721 1090 1786 ἕπειδίου
1114 1757 1156 1768 -
1181 1721 1278 1799 κύριος
1303 1718 1448 1804 phorom

399 1926 478 2015 Peg.
514 1927 587 1994 125.
622 1927 673 1996 17.
706 1933 738 1996 οὐ
770 1931 868 1996 τοίνυν
895 1932 983 2010 πιιριδ
1005 1933 1123 2002 τούτοις
1146 1929 1266 2006 μίνΟΝ
1291 1931 1350 2010 (sic
1372 1929 1404 1994 S.
1430 1933 1549 1996 caeteri

355 2033 471 2119 μίνυις)
502 2034 537 2100 τὸ
562 2035 624 2109 ἔθος
647 2041 738 2102 τοῦτο
762 2037 869 2102 πιίντιι
893 2037 978 2103 ιιιιιιιὶ
1001 2037 1190 2121 είργοίοιιτο,
1215 2035 1323 2102 ἄλλοθι
1347 2036 1374 2100 δ’
1398 2037 1545 2112 οὐδαμοῦ.

357 2141 581 2208 Demosthenis
612 2144 806 2210 consuetudo
831 2143 972 2230 postulet
995 2143 1081 2224 τιρίι
1104 2142 1221 2214 τούτοις
1246 2149 1340 2206 ΜΕΝ
1365 2161 1422 2227 pro
1445 2142 1547 2219 μόνον.

355 2246 515 2332 Frequens
546 2249 719 2315 admodum
750 2254 798 2316 est
830 2249 914 2336 apud
944 2249 1192 2316 Demosthenem
1223 2254 1256 2312 ot
1288 2247 1434 2332 aequales
1467 2247 1549 2313 haec

355 2353 564 2439 componendi
587 2355 705 2420 forma:
729 2357 781 2421 ιιυί
807 2357 861 2419 οὐκ
884 2355 1012 2435 ἔγραψα
1036 2363 1130 2421 ΜΕΝ
1154 2355 1208 2419 οὔκ
1232 2353 1427 2434 ἐπρέσβευσα
1452 2363 1521 2418 ΔΕ.

398 2458 566 2524 Praeterea
595 2463 623 2524 si
653 2464 725 2544 quis
755 2461 814 2526 hoe
847 2467 922 2550 eget
947 2481 1039 2547 saepe
1062 2461 1186 2526 videbit
1209 2457 1268 2538 μέν
1292 2465 1324 2524 et
1348 2459 1438 2535 μόνον
1461 2461 1549 2526 inter

353 2586 386 2630 sc
416 2567 610 2650 permisceri.
659 2565 739 2652 Peg.
775 2565 847 2634 174.
883 2565 935 2633 17.
968 2566 1056 2631 οὶλλιὶ
1090 2567 1123 2639 νὴ
1156 2566 1220 2630 Δίιι
1252 2570 1359 2630 τοῦτον
1382 2573 1546 2630 MONON

353 2670 419 2737 τότ’
443 2666 512 2749 εἶχε
536 2669 660 2748 βέλτιον
684 2673 702 2747 ἢ
726 2677 793 2752 νῦν,
815 2674 859 2737 τίο
883 2673 908 2737 δ’
933 2672 1021 2738 ἄλλοι
1044 2679 1156 2753 χεῖρον.
1181 2691 1255 2760 pag.
1280 2669 1357 2736 614.
1380 2669 1435 2736 28.
1454 2671 1546 2735 ιίλλιὶ

308 2855 312 2864 Ι
356 2779 389 2850 νίς
416 2775 479 2839 Δίιι
503 2781 610 2841 τιοῡτοι
633 2787 727 2844 ΜΕΝ
751 2778 885 2850 τοιοῦτός
910 2781 972 2847 ε’ςιν
997 2817 1038 2828 -
1061 2777 1149 2843 ι’ίλλοι
1173 2779 1198 2842 δ’
1223 2777 1285 2841 ἔσθ’
1306 2767 1328 2841 ίι
1351 2783 1452 2848 καλῶς
1481 2776 1548 2856 διῴ-

355 2905 455 2954 κηκεν.
489 2887 521 2947 et
551 2903 625 2970 pag.
660 2883 735 2951 755.
762 2887 791 2952 3.
825 2887 917 2951 ιίλλοδ
949 2887 982 2962 νίς
1014 2887 1078 2950 Δίυ
1102 2888 1208 2949 τιιῦτιο
1232 2890 1393 2948 MONON
1417 2888 1546 2948 τοιοῦτον

354 2987 523 3065 peroraro
544 3025 585 3036 -
606 2987 695 3054 ιίλλοι
726 2991 753 3056 δ’
782 2991 843 3056 ἔσθ’
876 2984 1023 3064 ίικιιλῶς
1044 2991 1236 3072 διῳκήκασιν.
1283 2989 1385 3055 Viden
1408 2989 1465 3066 μέν
1487 3011 1546 3075 pro

353 3091 443 3171 μόνον
467 3093 547 3159 olim
570 3098 727 3182 scriptum
750 3093 865 3163 fuisse?

398 3304 477 3392 Peg.
506 3304 580 3371 127.
608 3304 637 3374 7.
662 3306 696 3372 τί
718 3303 767 3372 οὖν
790 3311 860 3373 ποτ’
884 3306 980 3374 υίτιον
1006 3345 1048 3357 -
1068 3307 1104 3373 τὸ
1127 3309 1179 3373 καί
1205 3309 1275 3380 τοὺς
1296 3307 1471 3380 Ὀλυνθίους
1490 3308 1545 3372 xci

351 3411 421 3482 τοὺς
453 3409 616 3492 Ἐρετριεῖς
648 3413 754 3496 (scrib.
787 3413 957 3500 Ἐρετριᾶς)
982 3414 1034 3478 καί
1059 3413 1128 3485 τοὺς
1157 3412 1308 3490 Ὠοείτοις
1332 3410 1410 3488 ἥδιον
1432 3421 1545 3478 nroc

354 3516 425 3586 τοὺς
456 3517 529 3597 ὑπὲρ
554 3519 710 3582 Φιλίππου
736 3519 890 3595 λέγοντος
915 3517 999 3600 ἔχειν
1024 3519 1040 3594 ἣ
1066 3519 1136 3592 τοὺς
1161 3519 1233 3599 ὑπὲρ
1256 3518 1376 3596 utrem
1400 3517 1546 3585 Scriben-

356 3622 434 3686 dum
470 3623 486 3697 si
523 3631 632 3688 ssPoc
667 3625 736 3696 τοὺς
774 3627 849 3705 ὑπὲρ
883 3627 994 3691 αὐτῶν.
1044 3625 1291 3711 Praepositionis
1325 3625 1397 3705 τρίς
1432 3633 1546 3691 notum

354 3729 579 3813 compendium
608 3733 643 3796 in
674 3751 769 3797 consa
799 3731 862 3796 suit
892 3753 948 3796 cur
970 3735 1094 3818 saepius
1116 3735 1291 3798 necessarie
1312 3731 1427 3799 vocula
1450 3735 1546 3798 omit-

353 3841 482 3901 teretur.

397 3939 505 4006 Multa
527 3941 625 4007 huius
648 3944 694 4006 rei
718 3943 865 4029 exempla
887 3954 960 4010 ante
984 3943 1131 4010 dedimus
1153 3944 1235 4010 infra
1258 3943 1351 4030 plura
1373 3944 1488 4010 doturi

398 4149 476 4236 Peg.
511 4147 585 4216 127.
619 4149 674 4215 25.
704 4158 776 4237 post
801 4153 915 4218 verba:
940 4154 1065 4218 ἐπειδὰν
1090 4153 1190 4227 είδῆτε
1214 4155 1249 4217 ἐκ
1273 4157 1427 4233 λογισμοῦ
1450 4153 1546 4232 μηδὲν

354 4257 425 4332 ὑμῖν
458 4254 537 4332 ε’νίν,
568 4277 682 4322 manus
711 4262 864 4324 recentior
894 4261 927 4323 in
951 4261 1098 4346 margn‘ne
1121 4255 1247 4326 Oodicis
1270 4257 1293 4324 S
1316 4260 1394 4326 hoec
1417 4281 1456 4325 ex
1480 4259 1545 4326 clio

353 4359 436 4425 libro
460 4361 599 4426 addidit:
623 4363 675 4427 νιιιί
700 4363 770 4434 τοὺς
790 4366 833 4436 είς
853 4365 942 4430 τοῦθ’
963 4365 1144 4442 ὑπάγοντος
1167 4365 1250 4443 ὑμᾶς
1272 4365 1340 4445 δρῶν
1360 4367 1414 4430 οὐκ
1434 4368 1545 4444 ὀρρωδῶ

352 4467 441 4530 ιίλλοδ
474 4467 689 4545 δυσωποῦμιιι·
722 4472 738 4546 ἢ
771 4471 834 4551 γὰρ
866 4467 1042 4546 ἐξεπίτηδες
1075 4472 1092 4546 ἢ
1117 4472 1154 4537 δι’
1179 4468 1308 4549 ἄγνοιαν
1332 4473 1375 4544 είς
1398 4473 1545 4552 χυλεπδυ
