3208 5158
636 333 703 408 208

85 529 190 596 dicitnr
222 529 426 597 Ptolemaeus
459 528 691 614 Philadelphus
721 549 822 615 quum
857 550 952 617 aeger
985 529 1189 599 decumberet
1222 553 1261 600 ex

84 635 140 702 alta
166 639 253 724 regia
276 640 471 722 prospexisse
494 639 529 700 in
552 635 751 720 plebeculam
775 634 972 715 οἱκτοίζονσαν
996 643 1028 702 et
1050 637 1259 706 exclamasse:

84 739 219 814 ὦτόλας
244 743 324 820 ἐγώ,
347 743 382 806 τὸ
406 743 452 820 μὴ
475 742 530 819 ἐμὲ
555 741 668 805 τούτων
692 739 745 806 ἕνα
769 741 922 819 γενέσθαι.

122 847 284 914 Habemus
319 851 421 936 igitur
455 868 494 912 ex
529 853 614 913 certa
648 846 885 914 Hemstorhnsii
919 849 1139 916 emendatione
1172 853 1262 918 verbi

84 957 227 1020 rarissimi
247 975 369 1021 novum
389 952 583 1039 exemplum.

124 1193 199 1281 Peg.
223 1191 300 1257 800.
332 1193 410 1264 τινὲς
434 1197 492 1256 τῶν
514 1192 573 1262 τοὶς
601 1191 758 1271 προσόδους
783 1192 967 1257 ἐπεκτείνειν
987 1195 1181 1274 βουλομένων
1202 1222 1261 1274 με·

86 1303 228 1378 τήνεγκαν
251 1301 306 1374 τὴν
329 1297 497 1372 Ἰουδαίκθςν
524 1295 755 1378 ἘΝτρίχειαν,
782 1289 814 1370 ἣν
839 1299 940 1364 ἐκεῖνοι
965 1305 1111 1381 παρεῦοον
1135 1301 1184 1367 θπί
1208 1307 1260 1368 τοῦ

87 1391 218 1486 Φοίνικος.
247 1443 291 1453 -
316 1406 349 1469 οὐ
377 1404 439 1482 γὰρ
465 1405 532 1467 ἐῶσι
557 1407 723 1482 πολλαχοῦ
747 1404 899 1482 φύεσθαι,
923 1415 961 1486 τῇ
986 1407 1016 1470 δὲ
1040 1409 1150 1472 σποίνει
1171 1412 1263 1486 τιμὴν

88 1511 257 1583 ἐπιτιθέντες
293 1513 348 1586 τὴν
383 1508 523 1588 πρόσοδον
554 1505 646 1580 οὕτως
682 1507 829 1586 αὔξουσι,
867 1511 921 1584 τὴν
956 1511 987 1574 δὲ
1023 1516 1120 1588 κοινὴν
1154 1516 1263 1595 χρείαν

88 1616 341 1692 θιαλυμαίνονται.
389 1615 581 1680 Mendosum
613 1619 660 1680 est
695 1615 887 1695 ε’ντοθχειαν,
923 1619 1072 1700 quoniam
1108 1621 1261 1702 ε’ντρεχεῒς

88 1743 188 1787 ιιιιιιιιε
216 1743 326 1787 omnes
357 1729 413 1786 ent
444 1741 511 1786 esse
542 1719 694 1786 debemus
725 1726 756 1786 et
777 1719 890 1786 Strabo
913 1724 1082 1786 manifesto
1104 1726 1264 1807 improbam

81 1827 200 1910 seciam
221 1827 389 1892 Iudaicum
410 1825 668 1911 indignabundus
691 1827 902 1911 reprehendit.
951 1827 1037 1916 Lege
1061 1833 1114 1902 τὴν
1137 1829 1264 1896 Ἰουδαϊ-

89 1935 136 2008 uto
157 1933 427 2014 ΚΑΚεντρέχειαν.
455 1933 494 1999 af.
517 1953 590 2018 pag.
617 1930 693 1996 301.
719 1933 935 2003 adunaverimus
956 1934 1019 2012 γαρ
1039 1935 1151 2008 αὐτοὺς
1174 1933 1264 2022 (Scy-

89 2040 164 2120 thas)
186 2040 343 2120 νομίζομεν
366 2039 418 2103 καί
443 2035 534 2114 larsa
559 2046 786 2118 κακεντρεχεῒς.

129 2279 202 2368 Peg.
237 2277 313 2345 813.
351 2279 456 2343 πολλοὶ
491 2277 519 2343 δ’
556 2277 704 2357 εἰρηκότες
740 2276 806 2356 περί
841 2282 895 2341 τοῦ
926 2279 1092 2354 Ἄμμωνος
1123 2283 1264 2344 τοσοῦτον

93 2393 190 2450 Είπεῐν
218 2385 410 2465 βουλόμεθα,
440 2387 595 2449 sententia
625 2383 766 2469 postulat
796 2391 834 2447 ut
870 2382 1034 2449 ἘΠειπεῒν
1069 2387 1263 2474 corrigatur,

91 2492 188 2555 addere
208 2493 306 2556 dictio.

129 2596 200 2662 Post
221 2617 322 2684 pauca
344 2617 418 2684 pag.
444 2593 510 2660 814
534 2595 663 2681 supple:
689 2595 842 2680 (γενέσθαι
866 2595 911 2680 δὲ)
933 2596 994 2677 οὐχ
1013 2592 1112 2677 όόσπερ
1133 2597 1162 2660 ἐν
1185 2608 1263 2662 Δελ·

91 2708 152 2782 Φοῖς
175 2741 213 2752 -
237 2706 297 2778 τοὶς
322 2703 539 2776 οἱποόεσπίσεις
561 2703 612 2767 διοὶ
635 2709 747 2782 λόγων.

131 2941 204 3030 Peg.
239 2941 317 3009 819.
354 2949 479 3018 σημεῖον
515 2941 564 3005 δέ·
599 2941 676 3023 τρισί
712 2951 827 3007 ΓΟΤΝ
863 2943 1003 3023 σπείραις
1037 2943 1102 3008 οὐδὲ
1131 2945 1263 3018 ταύταις

93 3045 229 3114 ἐντελέσιν
253 3051 363 3120 ἱκανῶς
385 3049 442 3112 ὑπὸ
462 3054 520 3112 τῶν
544 3049 701 3124 Ῥωμαίων
725 3049 741 3122 ἡ
765 3051 853 3128 χώρα
877 3055 1067 3128 Φρουρεῖται.
1115 3048 1209 3116 Certa
1233 3057 1265 3116 et

93 3161 231 3240 perpetua
260 3155 385 3221 dicendi
414 3156 607 3222 cousuetudo
631 3154 772 3240 postulet
795 3161 832 3220 ut
855 3157 916 3235 γάρ
940 3175 996 3240 pro
1020 3160 1094 3233 γοῦν
1117 3157 1266 3220 rescriba-

96 3261 148 3322 tur.
191 3259 392 3346 Ubicumque
415 3263 501 3326 enim
524 3261 683 3346 praeeedit
706 3270 830 3336 σημεῖον
853 3263 884 3326 δέ
908 3260 962 3327 vel
984 3261 1192 3340 crepitaculi
1213 3261 1267 3327 vel

96 3365 242 3444 μαρτύριον
273 3367 305 3431 δέ
333 3372 511 3432 constanter
535 3369 597 3447 γάρ
620 3370 773 3452 sequitur.
821 3365 935 3433 Strabo
958 3389 1031 3454 pag.
1058 3365 1134 3432 304.
1157 3373 1212 3440 τῆς
1236 3364 1263 3430 δ’

94 3469 247 3545 εὐπειθείας
272 3481 416 3551 σημεῖον·
443 3473 626 3547 ἐπείσθησαν
649 3482 727 3538 ΓΛΡ
754 3471 885 3554 ἐκκόψαι
909 3474 964 3548 τὴν
988 3473 1143 3552 οίμπελον.

131 3696 204 3786 Peg.
232 3697 310 3764 828.
344 3702 447 3779 μικρὸν
479 3702 536 3778 μὲν
566 3697 615 3767 οὖν
647 3703 701 3780 ποθ
735 3703 818 3778 ἡμῶν
847 3701 872 3766 ci
905 3701 971 3779 περί
1004 3699 1099 3778 Βόγον
1121 3700 1267 3778 βασιλεῖς

96 3803 138 3865 καί
168 3806 280 3886 Βόκχον
304 3815 455 3886 κατεῖχον
478 3809 575 3882 αὐτὴν
600 3807 854 3892 (Mauritaniam)
880 3807 965 3888 Φίλοι
991 3805 1146 3882 Ῥωμαίων
1167 3804 1262 3878 θντες.

95 3907 264 3977 ἐκλιπόντων
298 3911 330 3975 δὲ
365 3915 479 3978 τούτων
515 3912 640 3992 Ἰοόβας
676 3913 841 3992 παρέλαβε
877 3914 931 3986 τὴν
966 3911 1077 3989 alexin.
1125 3911 1219 3988 Bo'yoc
1249 3932 1269 3976 a

96 4018 285 4102 scriptoribus
312 4017 466 4086 Romanis
495 4038 601 4086 nocuo
628 4020 781 4107 appellari
813 4018 912 4096 solet,
937 4023 969 4082 et
992 4017 1090 4082 multi
1113 4017 1269 4082 Maurita-

96 4123 156 4188 niae
177 4147 265 4214 reges
289 4131 358 4194 eins
379 4127 520 4192 nominis
539 4126 676 4204 inerunt.
713 4123 826 4190 Strabo
843 4145 916 4211 pag.
939 4123 1003 4188 100
1023 4143 1061 4188 ex
1081 4121 1266 4190 Posidonio:

97 4230 215 4293 σωθέντα
245 4233 275 4298 δὲ
299 4235 342 4304 είς
366 4235 421 4304 τὴν
445 4235 642 4313 Μαυρουσίαν
667 4269 707 4280 -
733 4233 911 4306 κομισθῆναι
935 4229 1006 4309 πρὸς
1029 4229 1080 4292 τὸν
1106 4227 1211 4304 Βόγον.
1237 4233 1270 4294 et

98 4349 161 4419 pag.
188 4335 259 4403 359.
290 4339 472 4419 ’Δγρίππας
495 4338 546 4404 πθν
569 4346 628 4404 τῶν
652 4337 851 4420 Μαυρουσίων
875 4336 1015 4414 βασιλέα
1040 4371 1081 4384 -
1105 4333 1201 4416 Βόγον
1226 4371 1267 4386 -

100 4435 257 4526 θιθΦθειρεν.
