<?xml version="1.0" encoding="UTF-8"?>
<!DOCTYPE html PUBLIC "-//W3C//DTD XHTML 1.0 Transitional//EN"
    "http://www.w3.org/TR/xhtml1/DTD/xhtml1-transitional.dtd">
<html xmlns="http://www.w3.org/1999/xhtml" xml:lang="en" lang="en">
 <head>
  <title>
</title>
<meta http-equiv="Content-Type" content="text/html;charset=utf-8" />
  <meta name='ocr-system' content='tesseract 3.04.00' />
  <meta name='ocr-capabilities' content='ocr_page ocr_carea ocr_par ocr_line ocrx_word'/>
</head>
<body>
  <div class='ocr_page' id='page_1' title='image "./miscellaneacrit01cobegoog_0490.png"; bbox 0 0 3410 5180; ppageno 0'>
   <div class='ocr_carea' id='block_1_1' title="bbox 732 387 800 457">
    <p class='ocr_par' dir='ltr' id='par_1_1' title="bbox 732 387 800 457">
     <span class='ocr_line' id='line_1_1' title="bbox 732 387 800 457; baseline 0.015 -1"><span class='ocrx_word' id='word_1_1' title='bbox 732 387 800 457; x_wconf 71' lang='grc'><strong><em>465</em></strong></span> 
     </span>
    </p>
   </div>
   <div class='ocr_carea' id='block_1_2' title="bbox 168 579 1355 1283">
    <p class='ocr_par' dir='ltr' id='par_1_2' title="bbox 168 579 1355 980">
     <span class='ocr_line' id='line_1_2' title="bbox 168 579 1352 666; baseline -0.002 -20"><span class='ocrx_word' id='word_1_2' title='bbox 168 579 202 646; x_wconf 91' lang='lat' dir='ltr'><strong><em>in</em></strong></span> <span class='ocrx_word' id='word_1_3' title='bbox 225 579 247 645; x_wconf 82' lang='lat' dir='ltr'>S</span> <span class='ocrx_word' id='word_1_4' title='bbox 269 581 422 647; x_wconf 88' lang='lat' dir='ltr'><strong>lectiones</strong></span> <span class='ocrx_word' id='word_1_5' title='bbox 441 582 589 657; x_wconf 79' lang='lat' dir='ltr'><strong>vitiosae,</strong></span> <span class='ocrx_word' id='word_1_6' title='bbox 610 600 690 666; x_wconf 88' lang='lat' dir='ltr'><strong>quae</strong></span> <span class='ocrx_word' id='word_1_7' title='bbox 708 585 836 666; x_wconf 88' lang='lat' dir='ltr'><strong>propter</strong></span> <span class='ocrx_word' id='word_1_8' title='bbox 853 579 929 646; x_wconf 88' lang='lat' dir='ltr'>libri</span> <span class='ocrx_word' id='word_1_9' title='bbox 947 583 1168 648; x_wconf 88' lang='lat' dir='ltr'><strong>auctoritatem</strong></span> <span class='ocrx_word' id='word_1_10' title='bbox 1188 599 1352 665; x_wconf 79' lang='lat' dir='ltr'>perperam</span> 
     </span>
     <span class='ocr_line' id='line_1_3' title="bbox 168 685 1355 773; baseline -0.003 -21"><span class='ocrx_word' id='word_1_11' title='bbox 168 694 311 773; x_wconf 74' lang='lat' dir='ltr'><strong>receptae</strong></span> <span class='ocrx_word' id='word_1_12' title='bbox 341 699 433 766; x_wconf 88' lang='lat' dir='ltr'><strong>sunt,</strong></span> <span class='ocrx_word' id='word_1_13' title='bbox 457 693 494 752; x_wconf 92' lang='lat' dir='ltr'><strong>ut</strong></span> <span class='ocrx_word' id='word_1_14' title='bbox 516 687 548 752; x_wconf 89' lang='lat' dir='ltr'><strong><em>h.</em></strong></span> <span class='ocrx_word' id='word_1_15' title='bbox 561 686 582 751; x_wconf 88' lang='lat' dir='ltr'><strong><em>l.</em></strong></span> <span class='ocrx_word' id='word_1_16' title='bbox 619 685 805 771; x_wconf 88' lang='lat' dir='ltr'><strong>Requiritur</strong></span> <span class='ocrx_word' id='word_1_17' title='bbox 827 686 988 770; x_wconf 70' lang='grc' dir='ltr'><strong><em>ἀφέντας,</em></strong></span> <span class='ocrx_word' id='word_1_18' title='bbox 1014 687 1128 750; x_wconf 60' lang='lat' dir='ltr'><strong>masia</strong></span> <span class='ocrx_word' id='word_1_19' title='bbox 1150 687 1275 751; x_wconf 70' lang='lat' dir='ltr'><strong>caeteris</strong></span> <span class='ocrx_word' id='word_1_20' title='bbox 1297 709 1355 750; x_wconf 84' lang='grc' dir='ltr'><strong><em>οια-</em></strong></span> 
     </span>
     <span class='ocr_line' id='line_1_4' title="bbox 168 791 1353 878; baseline 0.001 -23"><span class='ocrx_word' id='word_1_21' title='bbox 168 793 273 871; x_wconf 73' lang='lat' dir='ltr'><strong>aiem,</strong></span> <span class='ocrx_word' id='word_1_22' title='bbox 305 799 337 859; x_wconf 84' lang='lat' dir='ltr'><strong>et</strong></span> <span class='ocrx_word' id='word_1_23' title='bbox 365 796 410 858; x_wconf 88' lang='lat' dir='ltr'><strong>sic</strong></span> <span class='ocrx_word' id='word_1_24' title='bbox 437 798 485 858; x_wconf 86' lang='lat' dir='ltr'><strong><em>est</em></strong></span> <span class='ocrx_word' id='word_1_25' title='bbox 505 796 540 857; x_wconf 88' lang='lat' dir='ltr'><strong><em>in</em></strong></span> <span class='ocrx_word' id='word_1_26' title='bbox 564 793 711 858; x_wconf 90' lang='lat' dir='ltr'><strong>omnibus</strong></span> <span class='ocrx_word' id='word_1_27' title='bbox 734 791 826 857; x_wconf 88' lang='lat' dir='ltr'><strong>libris</strong></span> <span class='ocrx_word' id='word_1_28' title='bbox 847 799 1066 878; x_wconf 80' lang='lat' dir='ltr'><strong>praeterquam</strong></span> <span class='ocrx_word' id='word_1_29' title='bbox 1091 794 1125 856; x_wconf 87' lang='lat' dir='ltr'><strong><em>in</em></strong></span> <span class='ocrx_word' id='word_1_30' title='bbox 1147 813 1211 859; x_wconf 90' lang='lat' dir='ltr'><strong>unc</strong></span> <span class='ocrx_word' id='word_1_31' title='bbox 1226 791 1273 868; x_wconf 68' lang='lat' dir='ltr'><strong><em>S,</em></strong></span> <span class='ocrx_word' id='word_1_32' title='bbox 1297 793 1353 877; x_wconf 90' lang='lat' dir='ltr'><strong>qui</strong></span> 
     </span>
     <span class='ocr_line' id='line_1_5' title="bbox 168 898 777 980; baseline -0.003 -16"><span class='ocrx_word' id='word_1_33' title='bbox 168 918 271 964; x_wconf 84' lang='lat' dir='ltr'><strong>errore</strong></span> <span class='ocrx_word' id='word_1_34' title='bbox 292 900 413 965; x_wconf 87' lang='lat' dir='ltr'><strong>scribae</strong></span> <span class='ocrx_word' id='word_1_35' title='bbox 434 898 613 980; x_wconf 71' lang='grc' dir='ltr'><strong><em>ἀφελόντας</em></strong></span> <span class='ocrx_word' id='word_1_36' title='bbox 637 899 777 963; x_wconf 89' lang='lat' dir='ltr'><strong>exhibet.</strong></span> 
     </span>
    </p>

    <p class='ocr_par' dir='ltr' id='par_1_3' title="bbox 169 1002 1353 1283">
     <span class='ocr_line' id='line_1_6' title="bbox 213 1002 1352 1092; baseline 0.001 -23"><span class='ocrx_word' id='word_1_37' title='bbox 213 1003 372 1071; x_wconf 70' lang='lat' dir='ltr'><strong>Similiter</strong></span> <span class='ocrx_word' id='word_1_38' title='bbox 401 1025 475 1092; x_wconf 92' lang='lat' dir='ltr'><strong>pag.</strong></span> <span class='ocrx_word' id='word_1_39' title='bbox 505 1003 560 1069; x_wconf 83' lang='grc'><strong><em>92.</em></strong></span> <span class='ocrx_word' id='word_1_40' title='bbox 584 1002 638 1069; x_wconf 80' lang='lat'><strong><em>20.</em></strong></span> <span class='ocrx_word' id='word_1_41' title='bbox 661 1008 745 1069; x_wconf 84' lang='lat' dir='ltr'><strong>recte</strong></span> <span class='ocrx_word' id='word_1_42' title='bbox 768 1006 802 1067; x_wconf 90' lang='lat' dir='ltr'><strong><em>in</em></strong></span> <span class='ocrx_word' id='word_1_43' title='bbox 825 1005 973 1069; x_wconf 87' lang='lat' dir='ltr'><strong>omnibus</strong></span> <span class='ocrx_word' id='word_1_44' title='bbox 996 1005 1146 1070; x_wconf 77' lang='lat' dir='ltr'><strong>scribitur</strong></span> <span class='ocrx_word' id='word_1_45' title='bbox 1167 1004 1210 1070; x_wconf 77' lang='grc' dir='ltr'><strong><em>τὰ</em></strong></span> <span class='ocrx_word' id='word_1_46' title='bbox 1235 1021 1352 1085; x_wconf 85' lang='grc' dir='ltr'><strong><em>παρελ-</em></strong></span> 
     </span>
     <span class='ocr_line' id='line_1_7' title="bbox 170 1108 1353 1191; baseline 0.003 -17"><span class='ocrx_word' id='word_1_47' title='bbox 170 1109 260 1176; x_wconf 82' lang='grc' dir='ltr'><strong><em>θόντα</em></strong></span> <span class='ocrx_word' id='word_1_48' title='bbox 284 1108 464 1191; x_wconf 73' lang='grc' dir='ltr'><strong><em>πράγματα</em></strong></span> <span class='ocrx_word' id='word_1_49' title='bbox 488 1109 604 1177; x_wconf 72' lang='grc' dir='ltr'><strong><em>ἅπαντ’</em></strong></span> <span class='ocrx_word' id='word_1_50' title='bbox 626 1109 833 1188; x_wconf 78' lang='grc' dir='ltr'><strong><em>οὶπύλυλΕΝ,</em></strong></span> <span class='ocrx_word' id='word_1_51' title='bbox 857 1110 963 1175; x_wconf 83' lang='lat' dir='ltr'><strong>editur</strong></span> <span class='ocrx_word' id='word_1_52' title='bbox 984 1130 1068 1175; x_wconf 87' lang='lat' dir='ltr'><strong>nuno</strong></span> <span class='ocrx_word' id='word_1_53' title='bbox 1091 1112 1205 1178; x_wconf 82' lang='lat' dir='ltr'><strong>vitiose</strong></span> <span class='ocrx_word' id='word_1_54' title='bbox 1229 1132 1268 1177; x_wconf 82' lang='lat' dir='ltr'><strong>ex</strong></span> <span class='ocrx_word' id='word_1_55' title='bbox 1290 1133 1353 1177; x_wconf 88' lang='lat' dir='ltr'><strong>uno</strong></span> 
     </span>
     <span class='ocr_line' id='line_1_8' title="bbox 169 1215 1221 1283; baseline 0.004 -1"><span class='ocrx_word' id='word_1_56' title='bbox 169 1215 193 1282; x_wconf 83' lang='lat' dir='ltr'>S</span> <span class='ocrx_word' id='word_1_57' title='bbox 214 1218 469 1283; x_wconf 76' lang='grc' dir='ltr'><strong><em>ύπολῶλΕΚΕΝ.</em></strong></span> <span class='ocrx_word' id='word_1_58' title='bbox 1219 1237 1221 1242; x_wconf 80' lang='grc'><strong>“</strong></span> 
     </span>
    </p>
   </div>
   <div class='ocr_carea' id='block_1_3' title="bbox 170 1426 1358 2364">
    <p class='ocr_par' dir='ltr' id='par_1_4' title="bbox 170 1426 1358 2242">
     <span class='ocr_line' id='line_1_9' title="bbox 215 1426 1355 1517; baseline 0 -23"><span class='ocrx_word' id='word_1_59' title='bbox 215 1429 297 1517; x_wconf 86' lang='lat' dir='ltr'><strong>Peg.</strong></span> <span class='ocrx_word' id='word_1_60' title='bbox 321 1427 374 1493; x_wconf 84' lang='lat'><strong><em>93.</em></strong></span> <span class='ocrx_word' id='word_1_61' title='bbox 402 1426 454 1493; x_wconf 85' lang='lat'><strong><em>14.</em></strong></span> <span class='ocrx_word' id='word_1_62' title='bbox 477 1427 574 1494; x_wconf 85' lang='grc' dir='ltr'><strong><em>οίεοθε</em></strong></span> <span class='ocrx_word' id='word_1_63' title='bbox 597 1429 667 1502; x_wconf 82' lang='grc' dir='ltr'><strong><em>τοὺς</em></strong></span> <span class='ocrx_word' id='word_1_64' title='bbox 691 1426 873 1508; x_wconf 71' lang='grc' dir='ltr'><strong><em>Βυζαντίους</em></strong></span> <span class='ocrx_word' id='word_1_65' title='bbox 896 1434 999 1506; x_wconf 86' lang='grc' dir='ltr'><strong><em>μενεῖν</em></strong></span> <span class='ocrx_word' id='word_1_66' title='bbox 1023 1427 1073 1493; x_wconf 77' lang='grc' dir='ltr'><strong><em>ἐπὶ</em></strong></span> <span class='ocrx_word' id='word_1_67' title='bbox 1097 1437 1153 1503; x_wconf 76' lang='grc' dir='ltr'><strong><em>τῆς</em></strong></span> <span class='ocrx_word' id='word_1_68' title='bbox 1174 1429 1277 1502; x_wconf 80' lang='grc' dir='ltr'><strong><em>ύνοίας</em></strong></span> <span class='ocrx_word' id='word_1_69' title='bbox 1299 1435 1355 1504; x_wconf 72' lang='grc' dir='ltr'><strong><em>τοῖς</em></strong></span> 
     </span>
     <span class='ocr_line' id='line_1_10' title="bbox 171 1533 1355 1615; baseline -0.001 -15"><span class='ocrx_word' id='word_1_70' title='bbox 171 1536 268 1610; x_wconf 78' lang='grc' dir='ltr'><strong><em>αύτνῐς</em></strong></span> <span class='ocrx_word' id='word_1_71' title='bbox 302 1533 400 1615; x_wconf 85' lang='grc' dir='ltr'><strong><em>ῶσπερ</em></strong></span> <span class='ocrx_word' id='word_1_72' title='bbox 436 1539 486 1598; x_wconf 90' lang='grc' dir='ltr'><strong><em>νῦν</em></strong></span> <span class='ocrx_word' id='word_1_73' title='bbox 516 1535 583 1610; x_wconf 44' lang='grc' dir='ltr'><strong><em>καίῚ</em></strong></span> <span class='ocrx_word' id='word_1_74' title='bbox 600 1535 670 1599; x_wconf 88' lang='grc' dir='ltr'><strong><em>ούτε</em></strong></span> <span class='ocrx_word' id='word_1_75' title='bbox 702 1541 978 1614; x_wconf 74' lang='grc' dir='ltr'><strong><em>παρακαλΕΕΕΙΝ</em></strong></span> <span class='ocrx_word' id='word_1_76' title='bbox 1013 1533 1096 1609; x_wconf 85' lang='grc' dir='ltr'><strong><em>ύμῶς</em></strong></span> <span class='ocrx_word' id='word_1_77' title='bbox 1131 1533 1201 1598; x_wconf 88' lang='grc' dir='ltr'><strong><em>ούτε</em></strong></span> <span class='ocrx_word' id='word_1_78' title='bbox 1235 1535 1355 1612; x_wconf 71' lang='grc' dir='ltr'><strong><em>βοηθεῖν</em></strong></span> 
     </span>
     <span class='ocr_line' id='line_1_11' title="bbox 171 1639 1358 1721; baseline 0 -16"><span class='ocrx_word' id='word_1_79' title='bbox 171 1642 279 1716; x_wconf 76' lang='grc' dir='ltr'><strong><em>αὐτοῖς’</em></strong></span> <span class='ocrx_word' id='word_1_80' title='bbox 309 1641 457 1721; x_wconf 82' lang='grc' dir='ltr'><strong><em>οὶξιύσειν.</em></strong></span> <span class='ocrx_word' id='word_1_81' title='bbox 504 1641 586 1707; x_wconf 85' lang='lat' dir='ltr'><strong>Vivo</strong></span> <span class='ocrx_word' id='word_1_82' title='bbox 609 1641 821 1707; x_wconf 85' lang='lat' dir='ltr'><strong>Demosthene</strong></span> <span class='ocrx_word' id='word_1_83' title='bbox 844 1639 1074 1720; x_wconf 70' lang='grc' dir='ltr'><strong><em>παρακαλέσειν</em></strong></span> <span class='ocrx_word' id='word_1_84' title='bbox 1097 1641 1269 1706; x_wconf 71' lang='grc' dir='ltr'><strong><em>κυδίστοιο</em></strong></span> <span class='ocrx_word' id='word_1_85' title='bbox 1292 1643 1358 1705; x_wconf 85' lang='lat' dir='ltr'><strong>bur·</strong></span> 
     </span>
     <span class='ocr_line' id='line_1_12' title="bbox 171 1745 1354 1833; baseline 0.001 -22"><span class='ocrx_word' id='word_1_86' title='bbox 171 1750 261 1811; x_wconf 80' lang='lat' dir='ltr'><strong>bara:</strong></span> <span class='ocrx_word' id='word_1_87' title='bbox 291 1754 394 1832; x_wconf 86' lang='grc' dir='ltr'><strong><em>καλῶ,</em></strong></span> <span class='ocrx_word' id='word_1_88' title='bbox 427 1749 571 1831; x_wconf 77' lang='grc' dir='ltr'><strong><em>ἐγκαλῶ,</em></strong></span> <span class='ocrx_word' id='word_1_89' title='bbox 604 1755 777 1826; x_wconf 77' lang='grc' dir='ltr'><strong><em>παρακαλῶ</em></strong></span> <span class='ocrx_word' id='word_1_90' title='bbox 799 1747 912 1832; x_wconf 77' lang='lat' dir='ltr'><strong>futuri</strong></span> <span class='ocrx_word' id='word_1_91' title='bbox 941 1745 1061 1811; x_wconf 87' lang='lat' dir='ltr'><strong>formae</strong></span> <span class='ocrx_word' id='word_1_92' title='bbox 1092 1752 1167 1811; x_wconf 91' lang='lat' dir='ltr'><strong>sunt</strong></span> <span class='ocrx_word' id='word_1_93' title='bbox 1196 1752 1234 1810; x_wconf 94' lang='lat' dir='ltr'><strong>ut</strong></span> <span class='ocrx_word' id='word_1_94' title='bbox 1257 1753 1354 1833; x_wconf 84' lang='grc' dir='ltr'><strong><em>τελῶ,</em></strong></span> 
     </span>
     <span class='ocr_line' id='line_1_13' title="bbox 171 1836 1355 1936; baseline 0 -18"><span class='ocrx_word' id='word_1_95' title='bbox 171 1853 319 1924; x_wconf 77' lang='grc' dir='ltr'><strong><em>διατελῶ,</em></strong></span> <span class='ocrx_word' id='word_1_96' title='bbox 354 1857 460 1932; x_wconf 74' lang='grc' dir='ltr'><strong><em>γαμῶ.</em></strong></span> <span class='ocrx_word' id='word_1_97' title='bbox 507 1852 628 1918; x_wconf 74' lang='lat' dir='ltr'><strong>Eadem</strong></span> <span class='ocrx_word' id='word_1_98' title='bbox 658 1856 706 1918; x_wconf 89' lang='lat' dir='ltr'><strong><em>est</em></strong></span> <span class='ocrx_word' id='word_1_99' title='bbox 737 1836 872 1918; x_wconf 33' lang='lat' dir='ltr'><strong>Codicis*</strong></span> <span class='ocrx_word' id='word_1_100' title='bbox 891 1851 914 1916; x_wconf 82' lang='lat' dir='ltr'>S</span> <span class='ocrx_word' id='word_1_101' title='bbox 935 1853 1016 1916; x_wconf 86' lang='lat' dir='ltr'><strong>ratio</strong></span> <span class='ocrx_word' id='word_1_102' title='bbox 1044 1855 1138 1936; x_wconf 91' lang='lat' dir='ltr'><strong>atque</strong></span> <span class='ocrx_word' id='word_1_103' title='bbox 1160 1850 1355 1936; x_wconf 86' lang='lat' dir='ltr'><strong>reliquorum</strong></span> 
     </span>
     <span class='ocr_line' id='line_1_14' title="bbox 170 1953 1358 2044; baseline 0 -20"><span class='ocrx_word' id='word_1_104' title='bbox 170 1961 326 2024; x_wconf 90' lang='lat' dir='ltr'><strong>omnium.</strong></span> <span class='ocrx_word' id='word_1_105' title='bbox 373 1957 437 2024; x_wconf 92' lang='lat' dir='ltr'><strong><em>Ubi</em></strong></span> <span class='ocrx_word' id='word_1_106' title='bbox 467 1978 530 2024; x_wconf 90' lang='lat' dir='ltr'><strong><em>non</em></strong></span> <span class='ocrx_word' id='word_1_107' title='bbox 559 1961 670 2023; x_wconf 89' lang='lat' dir='ltr'><strong>statim</strong></span> <span class='ocrx_word' id='word_1_108' title='bbox 702 1962 832 2044; x_wconf 88' lang='lat' dir='ltr'><strong>apparet</strong></span> <span class='ocrx_word' id='word_1_109' title='bbox 852 1958 1000 2042; x_wconf 66' lang='lat' dir='ltr'><strong>futuam</strong></span> <span class='ocrx_word' id='word_1_110' title='bbox 1023 1977 1106 2032; x_wconf 86' lang='lat' dir='ltr'><strong>asse.</strong></span> <span class='ocrx_word' id='word_1_111' title='bbox 1133 1953 1253 2022; x_wconf 79' lang='lat' dir='ltr'><strong>sermea</strong></span> <span class='ocrx_word' id='word_1_112' title='bbox 1277 1962 1358 2024; x_wconf 91' lang='lat' dir='ltr'><strong>anti-</strong></span> 
     </span>
     <span class='ocr_line' id='line_1_15' title="bbox 171 2062 1357 2149; baseline 0.003 -21"><span class='ocrx_word' id='word_1_113' title='bbox 171 2085 250 2149; x_wconf 83' lang='lat' dir='ltr'><strong>quae</strong></span> <span class='ocrx_word' id='word_1_114' title='bbox 281 2063 388 2130; x_wconf 87' lang='lat' dir='ltr'><strong>salvae</strong></span> <span class='ocrx_word' id='word_1_115' title='bbox 411 2069 501 2140; x_wconf 89' lang='lat' dir='ltr'><strong>sunt,</strong></span> <span class='ocrx_word' id='word_1_116' title='bbox 526 2065 583 2128; x_wconf 90' lang='lat' dir='ltr'><strong>ubi</strong></span> <span class='ocrx_word' id='word_1_117' title='bbox 606 2067 714 2128; x_wconf 89' lang='lat' dir='ltr'><strong>autem</strong></span> <span class='ocrx_word' id='word_1_118' title='bbox 738 2063 828 2128; x_wconf 90' lang='lat' dir='ltr'><strong>nulla</strong></span> <span class='ocrx_word' id='word_1_119' title='bbox 850 2066 898 2127; x_wconf 88' lang='lat' dir='ltr'><strong><em>est</em></strong></span> <span class='ocrx_word' id='word_1_120' title='bbox 922 2062 1080 2128; x_wconf 86' lang='lat' dir='ltr'><strong>dubitatio</strong></span> <span class='ocrx_word' id='word_1_121' title='bbox 1105 2066 1182 2148; x_wconf 92' lang='lat' dir='ltr'><strong>quin</strong></span> <span class='ocrx_word' id='word_1_122' title='bbox 1204 2066 1247 2128; x_wconf 88' lang='lat' dir='ltr'><strong>sit</strong></span> <span class='ocrx_word' id='word_1_123' title='bbox 1270 2063 1357 2131; x_wconf 86' lang='lat' dir='ltr'><strong>futu·</strong></span> 
     </span>
     <span class='ocr_line' id='line_1_16' title="bbox 170 2167 945 2242; baseline -0.003 -8"><span class='ocrx_word' id='word_1_124' title='bbox 170 2191 243 2234; x_wconf 86' lang='lat' dir='ltr'><strong>rum</strong></span> <span class='ocrx_word' id='word_1_125' title='bbox 268 2167 417 2237; x_wconf 82' lang='lat' dir='ltr'><strong>Graeculi</strong></span> <span class='ocrx_word' id='word_1_126' title='bbox 440 2189 532 2235; x_wconf 85' lang='lat' dir='ltr'><strong>auam</strong></span> <span class='ocrx_word' id='word_1_127' title='bbox 556 2169 712 2242; x_wconf 74' lang='grc' dir='ltr'><strong><em>συνήθειαν</em></strong></span> <span class='ocrx_word' id='word_1_128' title='bbox 735 2169 945 2234; x_wconf 85' lang='lat' dir='ltr'><strong>substituunt.</strong></span> 
     </span>
    </p>

    <p class='ocr_par' dir='ltr' id='par_1_5' title="bbox 215 2275 692 2364">
     <span class='ocr_line' id='line_1_17' title="bbox 215 2275 692 2364; baseline -0.008 -21"><span class='ocrx_word' id='word_1_129' title='bbox 215 2275 341 2343; x_wconf 84' lang='lat' dir='ltr'><strong>Revoca</strong></span> <span class='ocrx_word' id='word_1_130' title='bbox 362 2277 465 2364; x_wconf 85' lang='lat' dir='ltr'><strong>igitur</strong></span> <span class='ocrx_word' id='word_1_131' title='bbox 488 2283 692 2356; x_wconf 64' lang='lat' dir='ltr'><strong>reprimatis.</strong></span> 
     </span>
    </p>
   </div>
   <div class='ocr_carea' id='block_1_4' title="bbox 171 2479 1359 3943">
    <p class='ocr_par' dir='ltr' id='par_1_6' title="bbox 171 2479 1359 3412">
     <span class='ocr_line' id='line_1_18' title="bbox 216 2479 1359 2572; baseline 0.003 -23"><span class='ocrx_word' id='word_1_132' title='bbox 216 2484 295 2572; x_wconf 90' lang='lat' dir='ltr'><strong>Pag.</strong></span> <span class='ocrx_word' id='word_1_133' title='bbox 329 2483 383 2551; x_wconf 84' lang='grc'><strong><em>93.</em></strong></span> <span class='ocrx_word' id='word_1_134' title='bbox 414 2482 469 2551; x_wconf 82' lang='grc'><strong><em>23.</em></strong></span> <span class='ocrx_word' id='word_1_135' title='bbox 503 2487 537 2560; x_wconf 67' lang='lat' dir='ltr'><strong>air</strong></span> <span class='ocrx_word' id='word_1_136' title='bbox 567 2485 631 2551; x_wconf 92' lang='grc' dir='ltr'><strong><em>Δία</em></strong></span> <span class='ocrx_word' id='word_1_137' title='bbox 660 2485 911 2562; x_wconf 75' lang='grc' dir='ltr'><strong><em>κακοδαιμονοῦσι</em></strong></span> <span class='ocrx_word' id='word_1_138' title='bbox 935 2483 1000 2565; x_wconf 63' lang='lat' dir='ltr'><strong>sap</strong></span> <span class='ocrx_word' id='word_1_139' title='bbox 1024 2479 1169 2565; x_wconf 81' lang='grc' dir='ltr'><strong><em>θίνθραποι</em></strong></span> <span class='ocrx_word' id='word_1_140' title='bbox 1194 2487 1246 2551; x_wconf 87' lang='grc' dir='ltr'><strong><em>καί</em></strong></span> <span class='ocrx_word' id='word_1_141' title='bbox 1272 2489 1359 2568; x_wconf 87' lang='grc' dir='ltr'><strong><em>ύπερ-</em></strong></span> 
     </span>
     <span class='ocr_line' id='line_1_19' title="bbox 171 2589 1356 2674; baseline 0.004 -21"><span class='ocrx_word' id='word_1_142' title='bbox 171 2589 346 2668; x_wconf 71' lang='grc' dir='ltr'><strong><em>βάλλουσιν</em></strong></span> <span class='ocrx_word' id='word_1_143' title='bbox 365 2591 462 2673; x_wconf 78' lang='grc' dir='ltr'><strong><em>ιίνοία.</em></strong></span> <span class='ocrx_word' id='word_1_144' title='bbox 498 2591 727 2657; x_wconf 78' lang='lat' dir='ltr'><strong>Demosthenes</strong></span> <span class='ocrx_word' id='word_1_145' title='bbox 747 2589 875 2656; x_wconf 87' lang='lat' dir='ltr'><strong>dederat</strong></span> <span class='ocrx_word' id='word_1_146' title='bbox 894 2591 1149 2670; x_wconf 82' lang='grc' dir='ltr'><strong><em>κακοδαιμονΩοι</em></strong></span> <span class='ocrx_word' id='word_1_147' title='bbox 1169 2592 1233 2673; x_wconf 74' lang='grc' dir='ltr'><strong><em>γὰρ</em></strong></span> <span class='ocrx_word' id='word_1_148' title='bbox 1250 2590 1356 2674; x_wconf 79' lang='grc' dir='ltr'><strong><em>ύνθρα-</em></strong></span> 
     </span>
     <span class='ocr_line' id='line_1_20' title="bbox 171 2693 1358 2777; baseline 0.004 -16"><span class='ocrx_word' id='word_1_149' title='bbox 171 2720 233 2762; x_wconf 89' lang='grc' dir='ltr'><strong><em>ποι.</em></strong></span> <span class='ocrx_word' id='word_1_150' title='bbox 281 2697 514 2774; x_wconf 80' lang='grc' dir='ltr'><strong><em>Κακοδαιμονῶν</em></strong></span> <span class='ocrx_word' id='word_1_151' title='bbox 547 2699 632 2762; x_wconf 87' lang='lat' dir='ltr'><strong>enim</strong></span> <span class='ocrx_word' id='word_1_152' title='bbox 657 2697 806 2762; x_wconf 89' lang='lat' dir='ltr'><strong>dicuntur</strong></span> <span class='ocrx_word' id='word_1_153' title='bbox 827 2693 875 2768; x_wconf 82' lang='grc' dir='ltr'><strong><em>οὓς</em></strong></span> <span class='ocrx_word' id='word_1_154' title='bbox 899 2699 992 2770; x_wconf 82' lang='grc' dir='ltr'><strong><em>κακὸς</em></strong></span> <span class='ocrx_word' id='word_1_155' title='bbox 1016 2697 1132 2774; x_wconf 82' lang='grc' dir='ltr'><strong><em>δαίμων</em></strong></span> <span class='ocrx_word' id='word_1_156' title='bbox 1156 2699 1295 2777; x_wconf 76' lang='grc' dir='ltr'><strong><em>ἐλαύνει,</em></strong></span> <span class='ocrx_word' id='word_1_157' title='bbox 1320 2707 1358 2766; x_wconf 84' lang='lat' dir='ltr'><strong>ut</strong></span> 
     </span>
     <span class='ocr_line' id='line_1_21' title="bbox 173 2803 1357 2892; baseline 0.005 -26"><span class='ocrx_word' id='word_1_158' title='bbox 173 2803 394 2881; x_wconf 68' lang='grc' dir='ltr'><strong><em>κακοδαιμονία</em></strong></span> <span class='ocrx_word' id='word_1_159' title='bbox 424 2808 472 2869; x_wconf 90' lang='lat' dir='ltr'><strong><em>est</em></strong></span> <span class='ocrx_word' id='word_1_160' title='bbox 508 2803 653 2866; x_wconf 79' lang='lat' dir='ltr'><strong>vecordia.</strong></span> <span class='ocrx_word' id='word_1_161' title='bbox 700 2803 747 2867; x_wconf 81' lang='grc'><strong><em>110</em></strong></span> <span class='ocrx_word' id='word_1_162' title='bbox 782 2823 875 2867; x_wconf 89' lang='lat' dir='ltr'><strong>sensu</strong></span> <span class='ocrx_word' id='word_1_163' title='bbox 910 2803 1136 2887; x_wconf 73' lang='grc' dir='ltr'><strong><em>κακοδαιμονᾷς</em></strong></span> <span class='ocrx_word' id='word_1_164' title='bbox 1169 2803 1291 2892; x_wconf 89' lang='lat' dir='ltr'><strong>legitur</strong></span> <span class='ocrx_word' id='word_1_165' title='bbox 1322 2809 1357 2872; x_wconf 94' lang='lat' dir='ltr'><strong><em>in</em></strong></span> 
     </span>
     <span class='ocr_line' id='line_1_22' title="bbox 171 2906 1359 2995; baseline 0.005 -22"><span class='ocrx_word' id='word_1_166' title='bbox 171 2910 391 2995; x_wconf 87' lang='lat' dir='ltr'><strong>Aristophanis</strong></span> <span class='ocrx_word' id='word_1_167' title='bbox 410 2909 501 2986; x_wconf 81' lang='lat' dir='ltr'><strong>Pluto</strong></span> <span class='ocrx_word' id='word_1_168' title='bbox 522 2906 596 2974; x_wconf 81' lang='lat'><strong>372.</strong></span> <span class='ocrx_word' id='word_1_169' title='bbox 618 2911 703 2973; x_wconf 90' lang='lat' dir='ltr'><strong>etin</strong></span> <span class='ocrx_word' id='word_1_170' title='bbox 722 2907 942 2993; x_wconf 88' lang='lat' dir='ltr'><strong>Xenophontis</strong></span> <span class='ocrx_word' id='word_1_171' title='bbox 961 2910 1206 2974; x_wconf 71' lang='lat' dir='ltr'><strong>Memorabilium</strong></span> <span class='ocrx_word' id='word_1_172' title='bbox 1225 2909 1268 2977; x_wconf 93' lang='grc' dir='ltr'><strong><em>Π.</em></strong></span> <span class='ocrx_word' id='word_1_173' title='bbox 1283 2912 1312 2976; x_wconf 95' lang='grc'><strong><em>1.</em></strong></span> <span class='ocrx_word' id='word_1_174' title='bbox 1327 2912 1359 2980; x_wconf 86' lang='grc'><strong><em>5.</em></strong></span> 
     </span>
     <span class='ocr_line' id='line_1_23' title="bbox 172 3012 1357 3093; baseline 0.001 -14"><span class='ocrx_word' id='word_1_175' title='bbox 172 3019 262 3080; x_wconf 86' lang='grc' dir='ltr'><strong><em>τοῦτο</em></strong></span> <span class='ocrx_word' id='word_1_176' title='bbox 292 3016 479 3079; x_wconf 80' lang='grc' dir='ltr'><strong><em>παντθπασι</em></strong></span> <span class='ocrx_word' id='word_1_177' title='bbox 510 3012 787 3093; x_wconf 79' lang='grc' dir='ltr'><strong><em>κακοδαιμονῶντός</em></strong></span> <span class='ocrx_word' id='word_1_178' title='bbox 821 3016 900 3092; x_wconf 74' lang='grc' dir='ltr'><strong><em>ἕσιν,</em></strong></span> <span class='ocrx_word' id='word_1_179' title='bbox 933 3019 965 3079; x_wconf 89' lang='lat' dir='ltr'><strong>et</strong></span> <span class='ocrx_word' id='word_1_180' title='bbox 987 3014 1166 3080; x_wconf 88' lang='lat' dir='ltr'><strong>Dinarchus</strong></span> <span class='ocrx_word' id='word_1_181' title='bbox 1188 3018 1272 3080; x_wconf 74' lang='grc' dir='ltr'><strong><em>κατὰ</em></strong></span> <span class='ocrx_word' id='word_1_182' title='bbox 1296 3027 1357 3093; x_wconf 76' lang='grc' dir='ltr'><strong><em>Δη-</em></strong></span> 
     </span>
     <span class='ocr_line' id='line_1_24' title="bbox 171 3117 1359 3206; baseline 0.001 -21"><span class='ocrx_word' id='word_1_183' title='bbox 171 3119 331 3198; x_wconf 78' lang='grc' dir='ltr'><strong><em>μοσθένους</em></strong></span> <span class='ocrx_word' id='word_1_184' title='bbox 362 3119 457 3206; x_wconf 65' lang='lat' dir='ltr'><strong><em>§DL</em></strong></span> <span class='ocrx_word' id='word_1_185' title='bbox 490 3121 514 3184; x_wconf 88' lang='grc' dir='ltr'><strong><em>εί</em></strong></span> <span class='ocrx_word' id='word_1_186' title='bbox 547 3121 592 3183; x_wconf 82' lang='grc' dir='ltr'><strong><em>ἔτι</em></strong></span> <span class='ocrx_word' id='word_1_187' title='bbox 626 3118 675 3184; x_wconf 88' lang='grc' dir='ltr'><strong><em>δεῖ</em></strong></span> <span class='ocrx_word' id='word_1_188' title='bbox 702 3121 756 3194; x_wconf 69' lang='grc' dir='ltr'><strong><em>τὴν</em></strong></span> <span class='ocrx_word' id='word_1_189' title='bbox 787 3117 875 3184; x_wconf 80' lang='grc' dir='ltr'><strong><em>πόλιν</em></strong></span> <span class='ocrx_word' id='word_1_190' title='bbox 903 3127 957 3193; x_wconf 77' lang='grc' dir='ltr'><strong><em>τῆς</em></strong></span> <span class='ocrx_word' id='word_1_191' title='bbox 983 3121 1192 3200; x_wconf 70' lang='grc' dir='ltr'><strong><em>Δημοσθένους</em></strong></span> <span class='ocrx_word' id='word_1_192' title='bbox 1215 3122 1359 3203; x_wconf 79' lang='grc' dir='ltr'><strong><em>πονηρίας</em></strong></span> 
     </span>
     <span class='ocr_line' id='line_1_25' title="bbox 172 3223 1357 3310; baseline 0.003 -20"><span class='ocrx_word' id='word_1_193' title='bbox 172 3225 355 3304; x_wconf 80' lang='grc' dir='ltr'><strong><em>οίπολαύειν,</em></strong></span> <span class='ocrx_word' id='word_1_194' title='bbox 376 3223 424 3290; x_wconf 75' lang='grc' dir='ltr'><strong><em>ἵνα</em></strong></span> <span class='ocrx_word' id='word_1_195' title='bbox 445 3224 537 3291; x_wconf 75' lang='grc' dir='ltr'><strong><em>πλέον</em></strong></span> <span class='ocrx_word' id='word_1_196' title='bbox 561 3225 931 3303; x_wconf 79' lang='grc' dir='ltr'><strong><em>κακοδαιμονῶμεν</em></strong></span> <span class='ocrx_word' id='word_1_197' title='bbox 956 3225 1034 3310; x_wconf 79' lang='grc' dir='ltr'><strong><em>(οῦδὲ</em></strong></span> <span class='ocrx_word' id='word_1_198' title='bbox 1058 3227 1120 3306; x_wconf 74' lang='grc' dir='ltr'><strong><em>γὰρ</em></strong></span> <span class='ocrx_word' id='word_1_199' title='bbox 1141 3224 1205 3306; x_wconf 77' lang='grc' dir='ltr'><strong><em>ἔχει</em></strong></span> <span class='ocrx_word' id='word_1_200' title='bbox 1225 3228 1258 3292; x_wconf 86' lang='grc' dir='ltr'><strong><em>τί</em></strong></span> <span class='ocrx_word' id='word_1_201' title='bbox 1276 3227 1357 3294; x_wconf 78' lang='grc' dir='ltr'><strong><em>ἄλλο</em></strong></span> 
     </span>
     <span class='ocr_line' id='line_1_26' title="bbox 172 3329 1001 3412; baseline -0.001 -16"><span class='ocrx_word' id='word_1_202' title='bbox 172 3331 270 3412; x_wconf 74' lang='grc' dir='ltr'><strong><em>εἶπεν).</em></strong></span> <span class='ocrx_word' id='word_1_203' title='bbox 295 3337 328 3398; x_wconf 90' lang='lat' dir='ltr'><strong>et</strong></span> <span class='ocrx_word' id='word_1_204' title='bbox 350 3333 569 3410; x_wconf 83' lang='grc' dir='ltr'><strong><em>κακοδαιμονία</em></strong></span> <span class='ocrx_word' id='word_1_205' title='bbox 593 3332 730 3396; x_wconf 77' lang='lat' dir='ltr'><strong>vecordia</strong></span> <span class='ocrx_word' id='word_1_206' title='bbox 752 3335 787 3397; x_wconf 84' lang='lat' dir='ltr'><strong><em>ln</em></strong></span> <span class='ocrx_word' id='word_1_207' title='bbox 810 3333 901 3396; x_wconf 75' lang='lat' dir='ltr'><strong>Pluto</strong></span> <span class='ocrx_word' id='word_1_208' title='bbox 926 3329 1001 3396; x_wconf 86' lang='lat'><strong>501.</strong></span> 
     </span>
    </p>

    <p class='ocr_par' dir='ltr' id='par_1_7' title="bbox 217 3435 1310 3520">
     <span class='ocr_line' id='line_1_27' title="bbox 217 3435 1310 3520; baseline 0.003 -19"><span class='ocrx_word' id='word_1_209' title='bbox 217 3440 264 3511; x_wconf 84' lang='grc' dir='ltr'><strong><em>τίς</em></strong></span> <span class='ocrx_word' id='word_1_210' title='bbox 289 3438 327 3504; x_wconf 82' lang='grc' dir='ltr'><strong><em>θον</em></strong></span> <span class='ocrx_word' id='word_1_211' title='bbox 350 3441 410 3520; x_wconf 75' lang='grc' dir='ltr'><strong><em>οὐχ</em></strong></span> <span class='ocrx_word' id='word_1_212' title='bbox 435 3441 535 3516; x_wconf 75' lang='grc' dir='ltr'><strong><em>ἡγοῖτ’</em></strong></span> <span class='ocrx_word' id='word_1_213' title='bbox 560 3435 635 3504; x_wconf 80' lang='grc' dir='ltr'><strong><em>εἶναι</em></strong></span> <span class='ocrx_word' id='word_1_214' title='bbox 658 3439 775 3516; x_wconf 92' lang='grc' dir='ltr'><strong><em>μανίαν</em></strong></span> <span class='ocrx_word' id='word_1_215' title='bbox 799 3437 1035 3515; x_wconf 87' lang='grc' dir='ltr'><strong><em>κακοδαιμονίαν</em></strong></span> <span class='ocrx_word' id='word_1_216' title='bbox 1056 3441 1087 3503; x_wconf 91' lang='grc' dir='ltr'><strong><em>τ’</em></strong></span> <span class='ocrx_word' id='word_1_217' title='bbox 1110 3436 1155 3504; x_wconf 78' lang='grc' dir='ltr'><strong><em>ἔτι</em></strong></span> <span class='ocrx_word' id='word_1_218' title='bbox 1179 3442 1310 3518; x_wconf 76' lang='grc' dir='ltr'><strong><em>μᾶλλον.</em></strong></span> 
     </span>
    </p>

    <p class='ocr_par' dir='ltr' id='par_1_8' title="bbox 171 3541 1358 3943">
     <span class='ocr_line' id='line_1_28' title="bbox 217 3541 1358 3631; baseline 0.006 -23"><span class='ocrx_word' id='word_1_219' title='bbox 217 3543 337 3609; x_wconf 78' lang='lat' dir='ltr'><strong>uocem</strong></span> <span class='ocrx_word' id='word_1_220' title='bbox 369 3567 462 3610; x_wconf 90' lang='lat' dir='ltr'><strong>sensu</strong></span> <span class='ocrx_word' id='word_1_221' title='bbox 491 3545 721 3612; x_wconf 86' lang='lat' dir='ltr'><strong>Demosthenes</strong></span> <span class='ocrx_word' id='word_1_222' title='bbox 753 3543 835 3610; x_wconf 79' lang='lat' dir='ltr'><strong>dixit</strong></span> <span class='ocrx_word' id='word_1_223' title='bbox 865 3565 937 3631; x_wconf 91' lang='lat' dir='ltr'><strong>pag.</strong></span> <span class='ocrx_word' id='word_1_224' title='bbox 972 3541 1025 3608; x_wconf 82' lang='lat'><strong><em>23.</em></strong></span> <span class='ocrx_word' id='word_1_225' title='bbox 1050 3542 1104 3609; x_wconf 81' lang='lat'><strong><em>26.</em></strong></span> <span class='ocrx_word' id='word_1_226' title='bbox 1129 3544 1229 3611; x_wconf 90' lang='grc' dir='ltr'><strong><em>καίτοι</em></strong></span> <span class='ocrx_word' id='word_1_227' title='bbox 1251 3552 1358 3614; x_wconf 87' lang='grc' dir='ltr'><strong><em>ταῦτα</em></strong></span> 
     </span>
     <span class='ocr_line' id='line_1_29' title="bbox 171 3649 1357 3732; baseline 0.006 -20"><span class='ocrx_word' id='word_1_228' title='bbox 171 3649 224 3712; x_wconf 82' lang='grc' dir='ltr'><strong><em>καί</em></strong></span> <span class='ocrx_word' id='word_1_229' title='bbox 257 3651 282 3713; x_wconf 87' lang='grc' dir='ltr'><strong><em>εί</em></strong></span> <span class='ocrx_word' id='word_1_230' title='bbox 314 3650 412 3730; x_wconf 83' lang='grc' dir='ltr'><strong><em>μικροί</em></strong></span> <span class='ocrx_word' id='word_1_231' title='bbox 438 3675 483 3722; x_wconf 86' lang='grc' dir='ltr'><strong><em>τις</em></strong></span> <span class='ocrx_word' id='word_1_232' title='bbox 517 3654 640 3729; x_wconf 69' lang='grc' dir='ltr'><strong><em>ἡγεῖται</em></strong></span> <span class='ocrx_word' id='word_1_233' title='bbox 672 3649 806 3730; x_wconf 75' lang='grc' dir='ltr'><strong><em>μεγθλα</em></strong></span> <span class='ocrx_word' id='word_1_234' title='bbox 832 3649 994 3729; x_wconf 74' lang='grc' dir='ltr'><strong><em>δείγματα</em></strong></span> <span class='ocrx_word' id='word_1_235' title='bbox 1018 3656 1073 3723; x_wconf 78' lang='grc' dir='ltr'><strong><em>τῆς</em></strong></span> <span class='ocrx_word' id='word_1_236' title='bbox 1097 3652 1208 3716; x_wconf 78' lang='grc' dir='ltr'><strong><em>ἐκείνου</em></strong></span> <span class='ocrx_word' id='word_1_237' title='bbox 1231 3658 1357 3732; x_wconf 76' lang='grc' dir='ltr'><strong><em>γνῶμκς</em></strong></span> 
     </span>
     <span class='ocr_line' id='line_1_30' title="bbox 172 3752 1358 3844; baseline 0.007 -26"><span class='ocrx_word' id='word_1_238' title='bbox 172 3753 224 3818; x_wconf 84' lang='grc' dir='ltr'><strong><em>καί</em></strong></span> <span class='ocrx_word' id='word_1_239' title='bbox 257 3757 579 3833; x_wconf 87' lang='grc' dir='ltr'><strong><em>κακοδαιμονίας</em></strong></span> <span class='ocrx_word' id='word_1_240' title='bbox 611 3757 656 3826; x_wconf 76' lang='grc' dir='ltr'><strong><em>ἐς)</em></strong></span> <span class='ocrx_word' id='word_1_241' title='bbox 688 3765 750 3829; x_wconf 90' lang='grc' dir='ltr'><strong><em>τοῖς</em></strong></span> <span class='ocrx_word' id='word_1_242' title='bbox 775 3752 809 3822; x_wconf 85' lang='grc' dir='ltr'><strong><em>εῦ</em></strong></span> <span class='ocrx_word' id='word_1_243' title='bbox 834 3760 1000 3838; x_wconf 83' lang='grc' dir='ltr'><strong><em>φρονοῦσιν.</em></strong></span> <span class='ocrx_word' id='word_1_244' title='bbox 1025 3761 1057 3820; x_wconf 91' lang='lat' dir='ltr'><strong>et</strong></span> <span class='ocrx_word' id='word_1_245' title='bbox 1079 3777 1153 3844; x_wconf 91' lang='lat' dir='ltr'><strong>pag.</strong></span> <span class='ocrx_word' id='word_1_246' title='bbox 1180 3755 1277 3823; x_wconf 83' lang='lat'><strong>1435.</strong></span> <span class='ocrx_word' id='word_1_247' title='bbox 1305 3759 1358 3827; x_wconf 94' lang='grc'><strong><em>11.</em></strong></span> 
     </span>
     <span class='ocr_line' id='line_1_31' title="bbox 172 3859 1255 3943; baseline 0.003 -18"><span class='ocrx_word' id='word_1_248' title='bbox 172 3860 227 3934; x_wconf 73' lang='grc' dir='ltr'><strong><em>τὴν</em></strong></span> <span class='ocrx_word' id='word_1_249' title='bbox 250 3859 363 3925; x_wconf 79' lang='grc' dir='ltr'><strong><em>τούτων</em></strong></span> <span class='ocrx_word' id='word_1_250' title='bbox 386 3860 562 3943; x_wconf 75' lang='grc' dir='ltr'><strong><em>θρασύτητα</em></strong></span> <span class='ocrx_word' id='word_1_251' title='bbox 588 3863 639 3927; x_wconf 83' lang='grc' dir='ltr'><strong><em>καί</em></strong></span> <span class='ocrx_word' id='word_1_252' title='bbox 665 3861 991 3941; x_wconf 89' lang='grc' dir='ltr'><strong><em>κακοδαιμονίαν</em></strong></span> <span class='ocrx_word' id='word_1_253' title='bbox 1015 3863 1255 3943; x_wconf 83' lang='grc' dir='ltr'><strong><em>ἐπανορθοῦντες.</em></strong></span> 
     </span>
    </p>
   </div>
   <div class='ocr_carea' id='block_1_5' title="bbox 172 4061 1361 4477">
    <p class='ocr_par' dir='ltr' id='par_1_9' title="bbox 172 4061 1361 4477">
     <span class='ocr_line' id='line_1_32' title="bbox 217 4061 1360 4157; baseline 0.007 -24"><span class='ocrx_word' id='word_1_254' title='bbox 217 4071 294 4157; x_wconf 87' lang='lat' dir='ltr'><strong>Pag.</strong></span> <span class='ocrx_word' id='word_1_255' title='bbox 326 4069 379 4136; x_wconf 88' lang='grc'><strong><em>99.</em></strong></span> <span class='ocrx_word' id='word_1_256' title='bbox 413 4069 445 4136; x_wconf 87' lang='grc'><strong><em>2.</em></strong></span> <span class='ocrx_word' id='word_1_257' title='bbox 478 4071 566 4149; x_wconf 80' lang='grc' dir='ltr'><strong><em>ὑμεῖς</em></strong></span> <span class='ocrx_word' id='word_1_258' title='bbox 590 4071 616 4136; x_wconf 80' lang='grc' dir='ltr'><strong><em>δ’</em></strong></span> <span class='ocrx_word' id='word_1_259' title='bbox 645 4070 709 4136; x_wconf 76' lang='grc' dir='ltr'><strong><em>οῦδὲ</em></strong></span> <span class='ocrx_word' id='word_1_260' title='bbox 740 4069 832 4135; x_wconf 83' lang='grc' dir='ltr'><strong><em>ταῦτ’</em></strong></span> <span class='ocrx_word' id='word_1_261' title='bbox 862 4071 1083 4148; x_wconf 68' lang='grc' dir='ltr'><strong><em>ἀπελύσασθε,</em></strong></span> <span class='ocrx_word' id='word_1_262' title='bbox 1113 4071 1139 4134; x_wconf 84' lang='grc' dir='ltr'><strong><em>εί</em></strong></span> <span class='ocrx_word' id='word_1_263' title='bbox 1162 4061 1257 4149; x_wconf 77' lang='grc' dir='ltr'><strong><em>μηδὲν</em></strong></span> <span class='ocrx_word' id='word_1_264' title='bbox 1280 4072 1360 4142; x_wconf 78' lang='grc' dir='ltr'><strong><em>ἄλλο</em></strong></span> 
     </span>
     <span class='ocr_line' id='line_1_33' title="bbox 172 4170 1361 4261; baseline 0.005 -21"><span class='ocrx_word' id='word_1_265' title='bbox 172 4175 355 4253; x_wconf 74' lang='grc' dir='ltr'><strong><em>ἐβούλεσθε,</em></strong></span> <span class='ocrx_word' id='word_1_266' title='bbox 387 4178 462 4243; x_wconf 74' lang='grc' dir='ltr'><strong><em>αλλ’</em></strong></span> <span class='ocrx_word' id='word_1_267' title='bbox 492 4176 634 4260; x_wconf 77' lang='grc' dir='ltr'><strong><em>[είύκατε</em></strong></span> <span class='ocrx_word' id='word_1_268' title='bbox 667 4178 736 4261; x_wconf 84' lang='grc' dir='ltr'><strong><em>καί]</em></strong></span> <span class='ocrx_word' id='word_1_269' title='bbox 769 4176 915 4257; x_wconf 78' lang='grc' dir='ltr'><strong><em>οίφίςατε</em></strong></span> <span class='ocrx_word' id='word_1_270' title='bbox 948 4175 1036 4252; x_wconf 77' lang='grc' dir='ltr'><strong><em>δῆλον</em></strong></span> <span class='ocrx_word' id='word_1_271' title='bbox 1066 4170 1112 4240; x_wconf 84' lang='grc' dir='ltr'><strong><em>ῦτι</em></strong></span> <span class='ocrx_word' id='word_1_272' title='bbox 1136 4178 1231 4259; x_wconf 77' lang='grc' dir='ltr'><strong><em>αύτῷ.</em></strong></span> <span class='ocrx_word' id='word_1_273' title='bbox 1278 4179 1361 4248; x_wconf 77' lang='lat' dir='ltr'><strong>Ins</strong></span> 
     </span>
     <span class='ocr_line' id='line_1_34' title="bbox 172 4279 1358 4377; baseline -0.001 -22"><span class='ocrx_word' id='word_1_274' title='bbox 172 4288 294 4377; x_wconf 88' lang='lat' dir='ltr'><strong>legitur</strong></span> <span class='ocrx_word' id='word_1_275' title='bbox 311 4281 439 4349; x_wconf 85' lang='grc' dir='ltr'><strong><em>είιίκατε</em></strong></span> <span class='ocrx_word' id='word_1_276' title='bbox 459 4282 604 4363; x_wconf 80' lang='grc' dir='ltr'><strong><em>οῖφίςατε</em></strong></span> <span class='ocrx_word' id='word_1_277' title='bbox 624 4285 740 4348; x_wconf 86' lang='lat' dir='ltr'><strong>omissa</strong></span> <span class='ocrx_word' id='word_1_278' title='bbox 758 4281 872 4368; x_wconf 92' lang='lat' dir='ltr'><strong>copula</strong></span> <span class='ocrx_word' id='word_1_279' title='bbox 892 4281 955 4348; x_wconf 90' lang='grc' dir='ltr'><strong><em>καί.</em></strong></span> <span class='ocrx_word' id='word_1_280' title='bbox 992 4279 1159 4350; x_wconf 82' lang='lat' dir='ltr'><strong>Glossema</strong></span> <span class='ocrx_word' id='word_1_281' title='bbox 1171 4283 1358 4354; x_wconf 72' lang='grc' dir='ltr'><strong><em>οεοεῖιίκατε</em></strong></span> 
     </span>
     <span class='ocr_line' id='line_1_35' title="bbox 174 4389 1232 4477; baseline -0.013 -16"><span class='ocrx_word' id='word_1_282' title='bbox 174 4397 214 4461; x_wconf 88' lang='lat' dir='ltr'><strong>ad</strong></span> <span class='ocrx_word' id='word_1_283' title='bbox 237 4391 383 4474; x_wconf 78' lang='grc' dir='ltr'><strong><em>θφέςατε</em></strong></span> <span class='ocrx_word' id='word_1_284' title='bbox 408 4389 487 4456; x_wconf 92' lang='lat' dir='ltr'><strong>clim</strong></span> <span class='ocrx_word' id='word_1_285' title='bbox 512 4389 716 4477; x_wconf 88' lang='lat' dir='ltr'><strong>adscriptum.</strong></span> <span class='ocrx_word' id='word_1_286' title='bbox 1230 4389 1232 4393; x_wconf 81' lang='grc'><strong>’</strong></span> 
     </span>
    </p>
   </div>
   <div class='ocr_carea' id='block_1_6' title="bbox 219 4493 1365 4651">
    <p class='ocr_par' dir='ltr' id='par_1_10' title="bbox 219 4493 1365 4651">
     <span class='ocr_line' id='line_1_36' title="bbox 219 4493 1365 4586; baseline 0.002 -22"><span class='ocrx_word' id='word_1_287' title='bbox 219 4500 297 4566; x_wconf 92' lang='lat' dir='ltr'><strong>Post</strong></span> <span class='ocrx_word' id='word_1_288' title='bbox 327 4519 428 4586; x_wconf 87' lang='lat' dir='ltr'><strong>pauca</strong></span> <span class='ocrx_word' id='word_1_289' title='bbox 458 4517 531 4585; x_wconf 84' lang='lat' dir='ltr'><strong>pag.</strong></span> <span class='ocrx_word' id='word_1_290' title='bbox 565 4495 618 4562; x_wconf 92' lang='grc'><strong><em>99.</em></strong></span> <span class='ocrx_word' id='word_1_291' title='bbox 651 4495 684 4562; x_wconf 83' lang='grc'><strong><em>8.</em></strong></span> <span class='ocrx_word' id='word_1_292' title='bbox 719 4493 757 4560; x_wconf 74' lang='grc' dir='ltr'><strong><em>ῶν</em></strong></span> <span class='ocrx_word' id='word_1_293' title='bbox 788 4500 892 4560; x_wconf 86' lang='grc' dir='ltr'><strong><em>ταῦτα</em></strong></span> <span class='ocrx_word' id='word_1_294' title='bbox 918 4495 1034 4576; x_wconf 73' lang='grc' dir='ltr'><strong><em>λέγωσι</em></strong></span> <span class='ocrx_word' id='word_1_295' title='bbox 1059 4497 1091 4562; x_wconf 95' lang='grc' dir='ltr'><strong><em>τί</em></strong></span> <span class='ocrx_word' id='word_1_296' title='bbox 1114 4497 1236 4578; x_wconf 77' lang='grc' dir='ltr'><strong><em>ἐροῦμεν</em></strong></span> <span class='ocrx_word' id='word_1_297' title='bbox 1259 4501 1307 4582; x_wconf 76' lang='grc' dir='ltr'><strong><em>[ῖςΙ</em></strong></span> <span class='ocrx_word' id='word_1_298' title='bbox 1332 4504 1365 4568; x_wconf 91' lang='grc' dir='ltr'><strong><em>τί</em></strong></span> 
     </span>
     <span class='ocr_line' id='line_1_37' title="bbox 1190 4607 1223 4651; baseline 0.03 -1"><span class='ocrx_word' id='word_1_299' title='bbox 1190 4607 1223 4651; x_wconf 87' lang='lat' dir='ltr'><strong><em>ae</em></strong></span> 
     </span>
    </p>
   </div>
   <div class='ocr_carea' id='block_1_7' title="bbox 0 0 1716 5180">
    <p class='ocr_par' dir='ltr' id='par_1_11' title="bbox 0 0 1716 5180">
     <span class='ocr_line' id='line_1_38' title="bbox 0 0 1716 5180; baseline 0 0"><span class='ocrx_word' id='word_1_300' title='bbox 0 0 1716 5180; x_wconf 95' lang='lat' dir='ltr'><strong><em> </em></strong></span> 
     </span>
    </p>
   </div>
  </div>
 </body>
</html>
