3404 5192
872 335 938 406 248

309 529 392 620 quod
421 529 516 619 plane
546 529 632 594 idem
657 533 704 593 est
729 533 824 614 atque
850 528 935 614 apud
960 527 1215 613 Theophrastum
1240 529 1272 593 τί
1295 528 1440 610 είρίσιιει;
1464 535 1502 597 ut

309 638 492 718 νίτοκιιριίξει
517 632 548 720 ί,
571 659 601 699 τι
625 633 663 700 διν
689 633 818 712 ιίλφιίνρ
845 639 892 698 est
915 632 1110 698 νίτοδιίσεται
1135 637 1188 698 τοῦ
1213 633 1358 713 εὑρόντος.

356 743 513 822 Quoniam
542 743 646 828 igitur
669 737 844 804 solemnem
869 760 905 804 ac
929 738 1079 804 stabilem
1102 741 1135 803 iu
1158 759 1195 803 ea
1219 760 1251 805 re
1273 741 1381 808 sedem
1405 743 1501 808 habet

309 849 445 916 verbum
464 847 619 927 οίλΦιίνειν
640 846 844 929 consequitur
865 844 1077 923 νίλφεσιβιίας
1098 844 1162 909 dici
1182 845 1335 913 formosas
1357 847 1501 934 puellas,

311 949 356 1020 έσι
379 959 680 1020 ΠΩΛΟΤΜΕΝΑΙ
705 953 747 1032 τῷ
772 950 866 1030 πατρί
887 941 968 1028 βίας
995 948 1202 1029 ιίλφιίνουσιν,
1240 993 1244 998 -

671 1057 751 1142 qaod
775 1062 840 1120 crat
863 1057 1142 1132 ammirandum,

311 1171 349 1232 ut
370 1163 545 1250 loquuntur
568 1162 801 1229 mathematici.

357 1267 510 1354 Sequitur
533 1290 573 1334 ex
595 1271 664 1354 ipsa
687 1271 802 1333 natura
826 1268 859 1332 cd
883 1275 1108 1347 γεωμετρικαῖς
1132 1267 1208 1331 οίλλ·
1229 1267 1385 1347 ἐρωτικαῖς
1404 1269 1504 1350 ιίνοίγ-

313 1397 383 1449 καις
417 1376 468 1459 (ut
496 1372 590 1440 Plato
622 1375 746 1439 iocatur
775 1373 812 1436 de
845 1373 920 1454 Rep.
952 1392 1025 1459 pag.
1058 1369 1135 1436 458.
1171 1373 1217 1456 a.)
1239 1394 1349 1458 procos
1371 1376 1505 1462 puellis,

314 1502 449 1568 quarum
479 1482 609 1566 nuptias
642 1479 815 1555 ambirent,
849 1478 931 1543 dona
962 1498 997 1543 ac
1025 1498 1159 1544 munera
1192 1480 1330 1545 mittere.
1377 1479 1440 1546 Sed
1469 1503 1506 1548 ea

314 1607 376 1653 nou
398 1584 470 1651 ἕδνα
494 1585 548 1650 sed
573 1605 630 1650 suo
655 1585 784 1649 nomina
807 1582 885 1663 δῶρα
910 1581 1121 1668 appellantur.
1160 1581 1318 1671 Penelope
1341 1605 1415 1651 suos
1436 1607 1506 1671 pro·

315 1711 368 1758 cos
389 1693 554 1776 increpans
577 1691 624 1754 ita
647 1689 728 1754 dicit
751 1687 865 1774 Odyss.
894 1697 931 1753 Σ.
957 1686 1034 1753 275.

473 1796 630 1874 μυκτήρων
655 1796 716 1874 οὐχ
740 1795 791 1872 ίὶδε
815 1794 880 1866 δίκον
906 1795 940 1858 τί
964 1794 1085 1873 τοίροιίε
1109 1794 1258 1880 τέτυκτο,

473 1898 505 1967 σί
522 1902 551 1966 τ’
576 1900 699 1979 δγαίιίν
723 1924 764 1978 γε
788 1907 925 1978 γυναῖκα
950 1899 1003 1964 καί
1028 1901 1164 1981 νίφνειοίο
1189 1901 1330 1979 ίιίγατρα

475 2007 636 2085 μνηςείειν
660 2004 784 2070 έίέλωσι
809 2007 860 2070 καί
885 2005 1034 2082 οίλλιίλοις
1059 2007 1202 2086 ἐρίσωσιν.

475 2113 563 2179 edroi
587 2111 670 2188 τοίγ’
694 2111 845 2190 οίνιίγονσι
870 2109 951 2188 βίας
976 2110 1028 2175 καί
1053 2111 1126 2192 ίφια
1150 2119 1239 2187 μῆλα

477 2219 581 2297 κούρης
605 2217 701 2282 δαῖτα
725 2217 843 2298 φίλοισι
867 2217 920 2280 καί
944 2216 1060 2293 νίγλαοὶ
1085 2225 1207 2281 ΔΩΡΔ
1232 2217 1367 2282 διδοῦσιν.

319 2321 432 2388 deinde
462 2327 555 2409 polita
583 2323 626 2388 τοὶ
658 2322 736 2401 δῶρα
767 2322 806 2387 ad
838 2320 1017 2407 Penelopen
1047 2320 1154 2387 delata
1182 2327 1361 2397 enumerat,
1384 2327 1507 2388 vestem

319 2426 532 2512 splendidam,
556 2427 688 2505 fibulas,
709 2433 874 2512 torquem,
896 2429 1041 2511 inaures,
1065 2429 1173 2492 omnia
1192 2447 1231 2492 ex
1251 2447 1327 2493 auro
1343 2433 1400 2493 ant
1418 2447 1507 2515 gem·

318 2535 383 2597 mis
406 2532 567 2599 distincta.

431 2637 512 2702 ἄλλο
536 2637 562 2702 δ’
586 2635 635 2717 ἄρ’
659 2634 756 2707 ἄλλος
781 2646 934 2703 ΔΩΡΟΝ
959 2639 1098 2720 Ἀχαιῶν
1122 2641 1218 2705 καλδν
1242 2638 1363 2705 ένειιιεν.

320 2744 432 2820 κίσμον
462 2751 634 2820 γυναικεῖον
666 2751 736 2816 ταῖς
770 2743 1009 2824 μννςευομέναις
1039 2745 1212 2829 ἐδωροῦντο,
1235 2764 1298 2812 nou
1320 2751 1454 2809 σνιιισκέα
1476 2751 1509 2811 at

316 2871 428 2932 ρισρσσ.

366 2951 545 3041 sicigitur
568 2955 643 3040 quid
669 2959 752 3021 inter
772 2952 843 3019 ilva
868 2961 901 3020 et
920 2955 1027 3032 μείλια
1052 2960 1084 3020 et
1107 2956 1185 3036 δῶρα
1210 2959 1365 3021 constanti
1392 2955 1507 3021 Po'etae

320 3080 382 3125 usu
404 3061 531 3124 intersit
553 3059 676 3145 liquido
700 3081 849 3146 apparere
872 3060 1015 3125 arbitror.

365 3163 483 3230 Politae
505 3165 615 3252 Lyrici
638 3172 670 3231 et
693 3165 837 3254 Tragici,
858 3167 913 3251 qui
933 3186 1051 3254 magno
1071 3164 1205 3232 artificio
1225 3169 1370 3253 linguam
1390 3166 1508 3232 Home-

320 3272 420 3336 ricam
443 3277 475 3335 et
498 3271 632 3356 Epicam
655 3271 884 3348 imitabantur,
910 3291 1010 3355 quum
1033 3269 1138 3335 multa
1159 3276 1261 3336 essem
1283 3270 1436 3337 vocabula
1455 3292 1508 3338 an·

320 3379 410 3461 tiqua
444 3377 522 3461 ipsis
557 3379 736 3464 incognita,
773 3377 945 3442 utebantur
979 3379 1020 3442 iis
1051 3396 1088 3442 eo
1119 3397 1230 3459 sensu,
1260 3397 1356 3461 quem
1390 3377 1510 3441 indocti

321 3481 564 3560 γλωσσογράφοι
589 3486 645 3547 aut
667 3481 857 3568 pervulgata
880 3481 1063 3566 asquahum
1087 3483 1193 3568 opinio
1217 3482 1390 3546 tribuisset.
1437 3480 1511 3566 Opi·

321 3587 478 3652 nubantur
501 3587 647 3652 homines
670 3589 745 3653 vivo
767 3585 905 3653 Pindaro
924 3594 956 3653 et
975 3586 1134 3674 Aeschylo
1154 3587 1241 3652 idem
1261 3586 1345 3670 quod
1365 3587 1421 3652 diu
1439 3590 1511 3671 post

322 3692 542 3760 Aristarchum
570 3691 729 3758 dicentem
752 3693 918 3758 audimus:
945 3696 1069 3771 ,κυρίως
1095 3694 1152 3770 μὲν
1175 3693 1218 3758 τοὶ
1250 3690 1334 3757 ἕδνα
1366 3687 1443 3756 είναι
1467 3691 1510 3753 σοί

322 3795 463 3874 διδόμενα
488 3795 545 3861 ὑπὸ
567 3801 621 3862 τοῦ
643 3802 818 3874 γαμοῦντος
844 3807 882 3874 τῆ
902 3799 1102 3878 γαμουμένῃ,
1124 3796 1178 3864 aad
1197 3797 1358 3862 interdum
1378 3797 1419 3862 τοὶ
1439 3794 1511 3860 ἕδνα

322 3902 415 3967 ἀνίειν
437 3923 561 3988 quoque
585 3901 789 3992 significars”.
826 3902 937 3989 Itaque
960 3903 1118 3968 Pindarus
1143 3902 1182 3968 de
1199 3903 1267 3968 dote
1285 3905 1392 3988 posuit
1416 3902 1512 3983 Olym·

315 4009 402 4092 ρὶοιι.
427 4006 485 4073 ῙΧ.
511 4005 541 4075 7.
995 4013 1005 4024 “

551 4113 731 4192 οίκρωτιίριον
752 4114 881 4188 Ἄλιδος
906 4115 941 4180 τί
965 4114 1079 4191 tiron
1104 4113 1212 4194 Πέλοψ

552 4215 684 4296 έξοίρατο
707 4220 854 4288 κοίλλιτον
875 4219 1041 4285 ἘΔΝΟΝ
1067 4218 1305 4296 Ἱπποδαμείας.

324 4322 382 4388 uhi
411 4321 522 4388 doctus
552 4325 720 4410 interpres:
752 4321 830 4390 ἕδνον
851 4333 939 4390 ΝΤΝ
965 4327 998 4390 οὐ
1022 4327 1056 4390 τὸ
1082 4326 1167 4406 παρὰ
1192 4329 1245 4390 τοῦ
1268 4323 1372 4404 νίνδρδς
1394 4323 1510 4402 διδόμε-

325 4451 371 4497 ισν
389 4436 428 4512 τῇ
448 4428 632 4510 γαμουμένῃ
652 4429 759 4515 λέγει,
779 4432 855 4496 αλλ’
872 4427 885 4494 ί
904 4429 998 4504 αὐτὸς
1020 4431 1132 4506 ίκείννν
1151 4429 1258 4508 λαβὼν
1271 4432 1510 4511 προσεκτήσατο.
