3392 5186
747 376 812 451 347

187 573 303 642 vitiose
334 578 367 642 et
390 573 530 657 soloece,
552 592 627 639 nam
651 569 757 646 πόλιες
779 595 968 662 suspensum
989 579 1037 640 est
1056 595 1158 662 neque
1181 595 1243 662 quo
1265 574 1378 643 refera-

186 683 241 747 tur
262 681 369 747 habet.
415 677 573 746 Mendum
596 682 644 745 est
665 682 700 744 in
721 679 813 746 libris
835 683 1063 748 recentioribus
1086 687 1212 768 onum,
1238 703 1377 769 namque

187 806 264 853 vera
285 784 380 853 lectio
404 785 489 871 apud
510 790 632 852 vetares
656 790 752 852 testes
774 792 899 853 servata
922 787 999 854 haec
1022 793 1086 854 est:

460 883 539 956 τίδ’
564 891 630 956 ἐπεί
657 893 719 958 ἘΚ
743 892 848 968 πόλιος
871 893 1021 972 κατέβαν.

233 997 284 1064 Ad
308 1006 345 1063 E.
371 996 426 1064 26.
451 995 500 1084 (Φ.
525 995 592 1081 32).

347 1102 422 1170 δῶκε
445 1103 470 1168 δ’
496 1103 656 1183 ἑταίροισιν
678 1105 886 1184 κατάγειν
909 1105 1016 1179 κοίλας
1041 1105 1091 1172 ἐπί
1117 1114 1202 1182 νῆας.

187 1214 372 1276 annotatur:
393 1210 424 1273 έν
443 1211 578 1288 ταπεινῷ
598 1210 661 1291 γάρ
680 1211 715 1276 τὸ
735 1209 925 1291 ναύταόμιν,
943 1212 1005 1288 ἡδὲ
1017 1211 1107 1286 πόλις
1119 1211 1292 1292 ἠνεμόεσσα
1303 1211 1374 1278 καί·

458 1307 485 1381 ά
506 1315 533 1380 δ’
556 1314 623 1380 ἐπεὶ
651 1317 713 1380 ἘΚ
737 1314 842 1389 πόλιος
865 1316 1019 1396 κατέβαν.

188 1424 222 1487 et
244 1420 284 1486 ad
308 1431 342 1486 Z.
368 1418 422 1487 53.

347 1527 400 1593 καί
425 1527 460 1602 δά
483 1549 537 1606 μιν
561 1525 641 1608 τάχ’
663 1527 779 1606 ἔμελλε
804 1530 874 1602 θοάς
898 1528 948 1594 έπί
973 1536 1047 1605 νῆας
1072 1531 1211 1610 Ἀχαιῶν

348 1631 451 1698 δώσειν
475 1629 496 1715 ᾧ
520 1631 677 1714 θεράποντι
702 1633 893 1713 καταξέμεν.

235 1738 385 1806 Scholion
408 1745 472 1804 est:
498 1741 604 1822 ὐψνρλίρ
627 1741 692 1822 γάρ
715 1741 767 1806 καί
791 1741 963 1818 ἠνεμόεντα
987 1742 1004 1815 ἦ
1025 1742 1130 1814 Ἴλιος.

233 1844 386 1911 Homeris
419 1846 482 1911 sibi
514 1849 583 1931 ipse
619 1846 680 1912 tert
708 1866 813 1932 opem,
848 1867 923 1912 nam
955 1848 990 1910 in
1021 1844 1163 1932 Odyssea
1185 1867 1309 1934 quoqne
1332 1851 1378 1914 sic

189 1951 313 2018 dixerat
335 1977 368 2017 α.
392 1950 470 2018 205.

280 2049 306 2123 τί
330 2054 357 2122 δ’
383 2057 449 2122 ε’πεί
472 2061 536 2123 ’ΘΚ
560 2056 665 2130 πόλιος
689 2058 849 2137 κατέβαν,
873 2056 965 2138 τάχα
991 2056 1016 2120 δ’
1039 2055 1134 2136 άγρόν
1157 2056 1263 2124 ἵκοντι.

188 2164 247 2230 ubi
266 2167 431 2229 annotavit
450 2162 579 2250 aliquis:
605 2164 790 2247 κατέβαντ
815 2164 881 2230 ε’πεί
906 2162 1024 2243 ὑψηλός
1049 2163 1062 2227 ό
1085 2159 1182 2244 λόφος
1207 2163 1285 2241 έςίν,
1308 2165 1375 2232 vid.

189 2269 349 2337 Mnemes.
374 2267 473 2337 1873.
496 2292 571 2359 pag.
596 2266 650 2336 43.

235 2375 478 2442 Eiusdemmodi
508 2379 668 2444 annotatio
699 2376 740 2442 ad
766 2375 858 2443 Iliad.
895 2386 943 2441 Ω.
976 2372 1051 2440 329.
1086 2375 1265 2454 intercidit,
1301 2397 1377 2442 nam

189 2480 269 2548 talia
298 2481 544 2571 diligentissime
574 2483 791 2550 observabant
839 2481 950 2569 Itaque
981 2501 1081 2568 quum
1110 2483 1145 2547 in
1174 2480 1316 2569 Odyssea
1344 2498 1376 2550 ιι.

192 2585 268 2654 187.
292 2587 471 2677 legeretur:

233 2697 336 2775 πατὴρ
359 2694 390 2759 δέ
413 2695 464 2768 τίς
488 2695 591 2760 abaco
615 2695 721 2774 μίμνει
744 2693 846 2774 ’nyso
870 2693 936 2760 οὐδέ
958 2693 1081 2760 πόλινδε
1105 2694 1304 2776 κατέρχεται.

188 2800 300 2882 άπιρεῑ
320 2799 560 2868 Grammaticus
583 2803 687 2867 nascio
710 2803 797 2887 quis:
822 2807 885 2870 πῶς
909 2796 975 2866 οὖν·

280 2898 307 2972 τί
330 2905 357 2972 δ’
382 2905 448 2971 έπεί
474 2907 508 2971 έκ
531 2906 636 2979 πόλιες
660 2908 820 2992 κατέβαν,
843 2906 936 2986 τάχα
959 2905 985 2972 δ’
1008 2906 1104 2986 area
1127 2903 1233 2972 ἵκοντι.

189 3012 256 3080 vid.
286 3011 445 3078 Mnemon.
478 3010 575 3078 1873.
605 3034 679 3102 pag.
716 3011 747 3078 5.
792 3012 932 3078 Miratur
960 3012 1056 3078 homo
1089 3011 1165 3096 qnid
1195 3015 1239 3077 sit
1265 3033 1322 3078 cur
1345 3021 1377 3078 et

190 3119 313 3186 πόλινδε
343 3119 561 3200 ΚΑΤέρχεται
592 3126 625 3185 et
654 3120 688 3183 έκ
718 3118 822 3190 πόλιος
851 3116 1018 3196 ΚΛΤέβαν
1042 3117 1166 3182 dicatur
1189 3138 1289 3203 quum
1312 3119 1377 3183 sint

188 3223 267 3290 haec
288 3227 372 3289 inter
392 3245 427 3290 se
449 3227 621 3291 contraria:
645 3226 754 3310 itaque
777 3224 856 3289 duas
877 3225 1124 3309 praepositiones
1146 3225 1230 3288 inter
1252 3243 1286 3288 se
1308 3243 1376 3308 per·

190 3335 332 3396 mutata
361 3349 428 3396 oasa
458 3333 651 3417 suspicatur:
677 3334 728 3396 νῦν
752 3327 800 3396 οὖν
824 3333 841 3405 ἡ
866 3331 973 3396 κατά
995 3328 1065 3393 άντί
1088 3335 1144 3404 τῆς
1167 3327 1240 3394 άπό.
1288 3328 1378 3394 Futi-

189 3433 328 3501 lissime:
358 3440 483 3521 poterat
508 3437 619 3503 eodem
642 3439 712 3503 iure
734 3436 838 3503 dicere
860 3433 946 3501 κατά
969 3437 1108 3522 positam
1130 3455 1197 3500 esse
1219 3453 1276 3521 pro
1299 3432 1374 3512 άνά,

190 3545 223 3607 et
253 3543 362 3607 omnia
392 3563 508 3628 susque
538 3543 656 3628 deque,
684 3539 744 3607 άνιι
777 3541 829 3607 καί
861 3539 964 3619 κάτιι,
979 3539 1126 3607 'confusa
1156 3546 1189 3606 et
1218 3541 1379 3626 permixta

190 3650 293 3714 erunt.
339 3647 398 3714 list
427 3657 536 3714 tamen
561 3669 611 3714 res
634 3647 887 3735 simplicissima:
911 3648 988 3713 urbs
1011 3651 1059 3712 est
1081 3646 1122 3712 ad
1144 3665 1233 3711 mare
1256 3647 1290 3710 in
1313 3643 1379 3711 alte

190 3752 319 3819 tumulo
344 3755 414 3819 sita.
462 3753 663 3841 Quicumque
686 3757 789 3844 igitur
812 3775 851 3820 ex
873 3755 1023 3820 interiore
1045 3771 1122 3840 agro
1146 3751 1187 3817 ad
1208 3751 1302 3817 littus
1327 3771 1379 3816 ec·

191 3858 276 3926 cadit
299 3859 505 3939 καταβαίνει,
530 3863 735 3942 κατέρχεται,
761 3867 793 3927 et
812 3859 937 3946 siquid
958 3858 1037 3924 illuc
1059 3858 1149 3924 ducit
1170 3855 1325 3937 κατάγει,
1347 3863 1380 3924 et

189 3965 264 4032 hinc
283 3968 368 4055 apud
385 3966 567 4034 Homerum
587 3974 636 4034 est
654 3967 808 4046 κατάγειν
827 3967 879 4032 έτί
900 3973 994 4041 νῆας,
1014 3963 1064 4029 a}
1086 3973 1161 4040 νῆας
1180 3959 1378 4044 καταξέμεν,

190 4093 253 4138 nen
275 4075 351 4159 quia
371 4074 448 4140 urbs
470 4073 565 4141 'droia
587 4076 622 4138 in
645 4073 710 4141 alto
733 4075 837 4160 posita
859 4078 922 4157 est,
945 4070 1002 4138 scd
1024 4071 1100 4156 quia
1122 4071 1135 4135 ό
1156 4069 1302 4147 αἰγιαλός
1322 4079 1378 4147 τῆς

191 4177 292 4257 baana
323 4180 427 4260 χώρας
459 4178 672 4261 ταπεινότερός
703 4180 775 4248 έςιν.
824 4175 942 4244 Contra
972 4179 1001 4242 ai
1030 4179 1102 4262 quis
1125 4197 1164 4243 ex
1186 4176 1302 4262 oppido
1325 4197 1380 4244 rus

191 4286 272 4351 abiit
303 4285 341 4351 de
364 4285 491 4352 tumulo
515 4285 704 4353 descendens
727 4287 762 4350 tx
784 4285 890 4356 πόιιιις
913 4282 1054 4363 κατέβη,
1079 4288 1112 4350 et
1134 4282 1303 4368 utrobique
1325 4305 1379 4351 na·

190 4395 281 4457 turae
299 4393 418 4456 veritas
440 4399 593 4459 servatur.

236 4494 405 4566 Caeterum
426 4497 563 4564 ostendit
582 4498 711 4566 evidens
730 4498 885 4566 mendum
903 4495 1044 4565 evidenti
1064 4495 1284 4564 emendatione
1307 4497 1379 4566 sub
