3404 5192
876 344 941 414 οιο
961 423 964 434 ,

360 549 399 604 ψ.
427 536 504 607 420.

718 642 872 726 χειμέριον
895 642 984 708 ιοολὲν
1008 639 1092 722 ὕδωρ.

360 760 396 816 Φ.
423 748 499 816 534.

538 854 606 921 ἐπεί
626 860 655 920 κ’
681 856 711 929 ἐς
736 863 841 936 τεῖχος
861 855 1075 920 ἀναπνεύσωσι
1098 851 1251 928 ιιιλίντες.

357 970 393 1026 Φ.
419 958 495 1026 607.

626 1065 725 1132 πύλοιι
749 1065 775 1130 δ’
798 1063 956 1143 ἔμπληντο
978 1063 1138 1132 ιοολέντοιν.

356 1181 392 1237 X.
418 1171 472 1240 47.

537 1273 539 1278 ’
669 1276 777 1358 Τριίοιν
801 1278 830 1350 ἐς
854 1276 929 1346 rotro
949 1273 1108 1342 ιοιλὲντοιν.

353 1383 534 1450 Perfectum
557 1387 721 1470 paeeivum
746 1388 795 1450 eet
814 1381 976 1460 ιέιιλμιιι,
1002 1387 1039 1446 ut
1063 1381 1238 1460 ἤγγελμοιι.
1264 1392 1310 1447 Ω.
1335 1379 1411 1447 662.

578 1490 678 1554 ιοῖοίοο
699 1490 762 1571 yolo
785 1491 823 1562 ὡς
849 1489 934 1556 ιιοιτοί
957 1488 1032 1558 ιοίςιι
1056 1486 1226 1565 artrusio.

356 1603 404 1658 M.
432 1592 485 1659 38.

600 1702 701 1776 νηυοίν
724 1701 773 1766 ert
798 1705 981 1784 γλαφυρῇσι
1005 1696 1178 1777 ιειελμένοι.

350 1812 393 1870 Ν.
418 1801 495 1870 524.

691 1914 762 1985 Διὸς
786 1914 916 1997 βουλῇσι
940 1911 1118 1990 ιειελμένοι.

326 2028 386 2083 .Σ.
413 2015 491 2086 287.

509 2121 528 2200 ιί
550 2124 631 2192 οὗτοι
656 2124 816 2205 ιιεκίρηοίε
839 2124 1002 2203 ιειελμένοι
1029 2122 1118 2188 ἔνδοθι
1142 2121 1285 2205 ιιιίρριοινς

349 2230 460 2296 Nonne
492 2252 532 2296 ex
566 2232 713 2298 omnibus
748 2231 798 2296 hie
831 2231 942 2296 formis
973 2228 1152 2295 luculenter
1182 2234 1311 2315 apparet
1340 2250 1421 2315 queo
1451 2231 1493 2296 eit

304 2336 401 2420 probe
431 2342 463 2402 et
491 2339 621 2422 antique
643 2339 816 2421 praesentis
840 2329 963 2402 formul
990 2337 1100 2400 κέλσαι
1125 2356 1144 2400 ιι
1166 2337 1266 2400 κέλλω
1291 2341 1354 2420 eet,
1379 2336 1494 2412 ἐςιίλην

305 2461 324 2505 e
354 2441 471 2518 ςέλλοι,
503 2441 668 2518 ἤγγελμοοι
694 2442 733 2506 ab
757 2439 928 2518 ἀγγέλλω,
953 2461 1028 2527 ergo
1052 2445 1085 2504 et
1106 2441 1229 2525 ιίλοοοι,
1253 2442 1375 2519 εἰοίλην,
1399 2442 1493 2507 ιείελ-

304 2569 364 2623 μοι
395 2567 457 2612 non
481 2545 607 2612 aliunde
631 2568 727 2632 quem
751 2568 790 2612 ex
813 2545 908 2611 ιέλλο
932 2551 963 2612 et
986 2546 1133 2622 ιέλλομιιι
1157 2552 1312 2634 prognata
1334 2567 1400 2612 eene
1423 2567 1492 2632 poe

303 2656 388 2717 eunt.
436 2650 523 2731 Quae
544 2654 642 2718 verbe
664 2656 698 2717 in
722 2655 824 2738 priseo
847 2652 946 2737 Epion
970 2671 1113 2717 sermone
1138 2653 1172 2716 ri
1196 2651 1345 2731 δίγιιμμοι
1374 2651 1491 2718 hubent

303 2755 479 2843 praefixum
504 2777 541 2823 en
562 2778 654 2843 eeepe
674 2758 798 2824 videbis
816 2759 850 2821 in
870 2759 978 2822 Attiou
996 2776 1052 2841 pro
1070 2780 1098 2821 ιι
1118 2755 1234 2822 hebere
1254 2758 1491 2845 diphthongum

307 2872 345 2927 el
375 2869 414 2928 ut
436 2863 561 2929 ιελίοοιο
586 2863 729 2932 ιίλίοοω,
755 2869 787 2928 et
810 2867 855 2928 sio
878 2861 1081 2942 εἰργαζόμην,
1108 2863 1223 2942 εἰςίον,
1249 2863 1352 2944 εἰίιζον
1375 2869 1407 2928 et
1430 2863 1493 2930 alia

303 2974 379 3033 netu
401 2973 486 3033 eunt.
532 2967 617 3033 Hine
641 2967 786 3046 ιέλλομοιι
811 2969 895 3054 apud
918 2969 1125 3034 Athenienses
1151 2977 1308 3045 Εῑλλομοιι
1332 2973 1364 3034 et
1386 2972 1491 3034 Ἴλλο-

304 3097 362 3152 μοι
395 3075 525 3140 eonebut
548 3099 556 3139 ι
580 3075 743 3160 producto.
789 3073 897 3140 Multo
920 3073 993 3138 hino
1017 3075 1191 3159 composite
1214 3076 1330 3140 Attioie
1354 3080 1386 3140 et
1408 3075 1493 3140 Ioni·

304 3180 364 3247 bue
387 3183 527 3265 antiquie
550 3183 585 3244 in
608 3201 668 3244 usu
692 3179 838 3245 fuerunt:
865 3178 994 3254 ἐξίλλω.
1015 3181 1162 3255 reiltun,
1182 3181 1315 3254 λνίλλο,
1335 3182 1491 3266 meleto,

304 3288 457 3368 προσίλλιο
468 3334 476 3363 ,
502 3286 665 3365 ποριίλλιο.
691 3285 825 3360 ὑπίλλιο,
846 3285 885 3349 de
909 3286 1025 3371 qulbus
1044 3283 1149 3349 multe
1168 3286 1238 3351 dixi
1256 3290 1289 3352 in
1315 3288 1344 3352 V
1339 3312 1384 3352 or.
1398 3289 1491 3352 tecit.

303 3412 376 3480 pag.
402 3390 455 3458 87.
481 3398 512 3456 et
536 3390 612 3456 361.
637 3397 670 3457 et
691 3395 725 3457 in
748 3392 825 3456 Νοο.
850 3392 941 3456 lectt.
967 3411 1041 3478 pag.
1066 3388 1143 3455 457.
1179 3389 1350 3477 Sophocles
1372 3395 1407 3457 in
1430 3395 1493 3457 Λιι-

304 3505 401 3580 ἰίροιιο
422 3518 469 3564 ve.
496 3496 572 3562 340.

554 3611 558 3618 ’
622 3601 788 3679 ἰλλομένων
811 3599 942 3684 οἰρίτρων
966 3602 1032 3674 ἔτος
1054 3604 1096 3674 εἰς
1122 3600 1197 3673 ἔτος.

352 3712 434 3793 Quia
452 3721 465 3775 1
485 3708 619 3796 1ongnm
639 3713 687 3772 eet
707 3707 888 3784 εἰλλομένοι
909 3714 941 3774 et
961 3707 1120 3785 εἰλομένων
1141 3708 1260 3774 eeribee
1280 3708 1354 3773 dere
1377 3707 1492 3786 eolent,

305 3823 338 3885 et
361 3819 406 3882 eie
428 3821 503 3882 neta
526 3819 573 3879 eet
597 3813 680 3899 apud
703 3813 882 3879 Homerum
907 3834 1031 3900 quoque
1054 3815 1205 3880 mendose
1227 3813 1341 3897 lectio,
1362 3835 1442 3898 quoe
1462 3820 1494 3879 et

306 3923 389 4010 apud
420 3919 610 4006 Sophoclem
633 3927 665 3984 et
687 3919 855 3985 Platonem
879 3926 911 3984 et
933 3919 1013 3986 elioe
1038 3926 1208 4005 comperet.
1232 3920 1296 3985 vid.
1322 3918 1492 3984 Ruhnken.

306 4031 345 4096 ad
372 4029 444 4094 lim.
470 4049 501 4093 v.
526 4025 698 4104 Εἰλομένιον
725 4033 757 4092 et
780 4033 839 4098 Γῖιν
861 4025 1034 4102 ἰλλομένην.

350 4135 413 4199 Ριο
435 4135 537 4218 prieoo
559 4131 653 4197 ιέλλο
678 4137 710 4198 et
732 4133 839 4197 Attiou
862 4130 939 4196 ἰλλο
961 4134 1027 4197 iem
1051 4131 1135 4217 apud
1154 4131 1333 4198 Homerum
1358 4135 1406 4198 eet
1423 4151 1494 4216 pro·

306 4242 402 4307 dueta
425 4239 527 4304 forme
545 4239 655 4304 ιειλέιο.
681 4247 718 4304 Θ.
745 4237 821 4302 215.
847 4237 1049 4322 ιελλομένων,
1073 4238 1161 4303 ιείλει
1187 4238 1218 4302 δὲ
1243 4275 1285 4286 -
1309 4238 1439 4318 Ἕκτωρ.
1460 4247 1493 4301 Β.

308 4345 385 4412 294.
416 4342 503 4422 ὅνπερ
535 4342 649 4408 οἰελλοιι
681 4341 836 4422 Χειμέριονι
867 4342 1024 4408 ιειλέωοιν.
1058 4368 1093 4420 μ.
1127 4341 1204 4409 210.
1229 4342 1316 4409 ιείλει
1341 4343 1382 4407 ἒνί
1408 4343 1495 4416 οπΐιί.

308 4477 336 4518 τ.
369 4449 446 4514 200.
479 4449 567 4514 ιείλει
598 4451 661 4528 pop
692 4448 810 4529 βορέης.
839 4473 875 4530 χ.
909 4448 984 4514 400.
1016 4450 1126 4516 ιείλεον
1158 4450 1189 4514 ἰν
1221 4449 1334 4528 ςιίνει,
1362 4463 1391 4514 λ.
1419 4447 1494 4516 572.
