3372 5192
909 351 975 429 568

347 549 444 632 νόμαν
473 551 581 618 διίιαιοι
610 552 690 630 ἐτιν,
722 551 778 618 sed
808 551 966 619 addideris
996 553 1067 632 μετ’
1098 555 1174 633 ἐμοῦ
1204 555 1249 620 τὰ
1277 555 1385 622 διίιαια
1417 549 1535 637 ioxep&

345 660 408 729 ἐτιν
431 660 568 726 absurde
590 664 622 725 et
643 679 737 726 sensu
760 679 848 724 essse
868 660 970 725 exibit
992 662 1103 727 oratio.

392 767 514 834 Eisdem
545 769 613 832 eret
639 764 776 832 Dobreei
795 769 952 832 sententie
972 772 1144 852 praeeunte
1166 767 1317 855 'Peyloroz
1341 767 1430 834 idem
1448 767 1538 835 sidit

347 879 502 942 corrector
523 871 650 940 Ooiiois
671 882 709 938 A.
735 873 790 939 sed
812 873 958 940 Editores
979 895 1042 940 non
1064 874 1210 941 audiunt.

387 1150 469 1238 Peg.
501 1145 580 1214 771.
614 1145 645 1209 5.
671 1145 697 1209 οἱ
721 1142 896 1220 δικάσοντες
920 1145 1007 1226 ὑμεῖς
1031 1145 1122 1222 ιη’κετε
1145 1149 1269 1224 μᾶλλον
1292 1148 1377 1224 ἡμῶν
1400 1152 1458 1210 τῶν
1477 1169 1536 1210 ιια·

344 1256 479 1338 τηγόρων
502 1251 616 1325 ειδότες
636 1259 708 1315 ΚΑΙ
729 1249 896 1332 ὀφείλοντα
914 1253 957 1330 τῷ
977 1251 1109 1331 δημοσίῳ
1129 1256 1234 1316 τοῦτον
1255 1261 1326 1316 ΚΑΙ
1347 1251 1535 1332 ἐγγεγραμ
1668 1299 1669 1304 .

344 1364 433 1444 μένον
458 1362 488 1426 ἐν
512 1355 675 1436 οὶιιροπίλει
699 1364 770 1420 ΚΑΙ
794 1357 848 1422 οὐκ
871 1355 937 1434 izo
960 1357 1044 1438 αὐτῷ
1069 1357 1182 1435 λέγειν.
1219 1355 1267 1423 De
1286 1359 1391 1424 tribus
1410 1358 1536 1446 copulis
1668 1351 1669 1416 j

344 1490 409 1538 une
432 1472 481 1533 est
502 1467 620 1532 vitiose
641 1467 675 1528 et
697 1461 915 1550 expungenda.
950 1460 1101 1528 Reiskiue
1122 1465 1253 1530 tertiam
1275 1467 1408 1544 eximit,
1437 1487 1536 1552 quem
1668 1483 1669 1556 ι

344 1573 489 1642 Diodori.
512 1571 664 1656 sequitur.
702 1565 764 1632 Sed
787 1566 943 1633 soloeeem
967 1570 1143 1634 orationem
1165 1569 1287 1636 feoiunt
1306 1574 1536 1659 coniungentes

344 1684 389 1747 sie
412 1677 587 1744 necessario
609 1671 721 1746 ειδότες
744 1678 849 1738 τοῦτον
873 1675 979 1751 λέγειν
999 1695 1055 1760 pro
1075 1673 1222 1752 λέγοντα.
1269 1673 1466 1760 Expeliende
1486 1679 1535 1739 est
1668 1659 1669 1700 ³

345 1783 482 1854 secunde
513 1787 545 1847 et
575 1783 620 1846 sie
650 1778 867 1844 scribendum:
900 1780 1011 1852 ειδότες
1044 1779 1098 1844 και
1130 1781 1299 1862 ὀφείλοντα
1329 1779 1371 1859 τῷ
1400 1778 1535 1862 δημοσίῳ

344 1897 451 1960 τοῦτον
480 1883 741 1967 ἐγγεγραμμένον
773 1885 804 1948 ἐν
832 1883 995 1965 οόιιροπίλει
1026 1885 1078 1951 καί
1114 1887 1169 1950 ιύιι
1203 1886 1268 1966 ἐξδν
1298 1885 1382 1964 αὐτῷ
1416 1883 1534 1964 λέγειν.

344 1999 428 2066 Ordo
459 1999 507 2062 esi
536 1994 650 2067 εέδότες
674 1996 780 2057 τοῦτον
804 1991 1064 2070 ἐγγεγραμμένον
1088 1991 1255 2072 ὀφείλοντα
1279 1993 1321 2056 τῶ
1345 1992 1478 2071 δημοσίῳ
1501 1997 1535 2056 et

346 2105 457 2176 ειδότες
489 2102 543 2166 οὐκ
575 2096 641 2174 ἐξὸν
671 2099 754 2178 αὐτῷ
789 2097 905 2175 λέγειν.
952 2095 1053 2163 Reots
1088 2100 1188 2164 oratio
1222 2103 1270 2162 esi
1305 2097 1532 2176 ἐγγέγραπται

344 2212 477 2293 ὀφείλων
500 2208 542 2288 τῷ
566 2205 698 2286 δημοσίῳ
724 2207 777 2267 καί
803 2204 856 2268 οὐκ
880 2200 977 2274 ἕξεσιν
1001 2205 1084 2284 αὐτῷ
1108 2203 1226 2288 λέγειν,
1249 2204 1304 2269 sed
1325 2204 1382 2269 ubi
1404 2205 1451 2272 sio
1470 2205 1533 2270 duo

344 2316 513 2406 partieipia
545 2314 735 2378 eoneurrunt
765 2307 1024 2390 ἐγγεγραμμένος
1055 2309 1204 2388 ὀφείλων,
1237 2314 1274 2374 ιιι
1296 2309 1392 2374 modo
1415 2311 1455 2376 ed
1482 2311 1533 2373 ιι·-

343 2430 518 2490 οιοοοοιοοοι
548 2417 748 2493 notavimus,
779 2416 929 2502 magistri
960 2420 1016 2480 eut
1045 2416 1101 2480 καί
1130 2421 1187 2481 eut
1211 2414 1242 2480 δέ
1265 2417 1473 2501 interponunt
1494 2415 1534 2482 de

345 2552 413 2599 suo.
461 2525 536 2591 Mos
565 2526 632 2588 eret
663 2526 701 2584 ut
732 2540 842 2585 eorum
872 2523 927 2605 qui
949 2518 1017 2586 fisci
1040 2521 1197 2588 debitores
1219 2527 1322 2588 esseni
1345 2523 1476 2588 nomine
1498 2524 1533 2587 in

344 2633 454 2702 tabule
484 2630 594 2717 lignee
623 2629 709 2712 (pag.
743 2622 821 2692 791.
859 2624 913 2712 11)
944 2629 978 2692 in
1001 2647 1071 2692 eree
1094 2629 1197 2712 posite
1219 2628 1264 2706 (ἐν
1288 2628 1451 2706 ἀκροπόλει
1476 2634 1532 2693 eut

343 2739 429 2822 παρόι
461 2745 500 2818 τῇ
531 2734 585 2813 oso
617 2728 891 2819 pag.778.15)
923 2738 1188 2818 proponerentur,
1223 2733 1320 2819 idque
1354 2733 1494 2819 appellet
1494 2755 1534 2800 m·

344 2841 570 2926 ἐγγέγραπταί
600 2862 647 2910 τις
675 2839 807 2918 ὀφείλων
829 2839 871 2919 τῷ
897 2837 1039 2918 δημοσίῳ.
1087 2837 1199 2924 Itsque
1219 2840 1337 2925 triplex
1358 2841 1435 2905 hino
1457 2845 1533 2906 nete

343 2958 392 3020 est
422 2949 572 3018 orationis
601 2946 706 3011 forma
737 2949 793 3011 eut
825 2943 1047 3025 ἐγγέγραπται
1078 2945 1210 3027 ὀφείλων
1244 2948 1287 3027 τῷ
1319 2945 1453 3028 δημοσίῳ
1475 2951 1532 3012 eut

343 3058 463 3142 ὀφείλει
486 3055 527 3135 τῷ
552 3051 684 3131 δημοσίῳ
708 3056 764 3116 eut
783 3048 1024 3134 ἐγγέγραπται,
1044 3056 1082 3116 ιιι
1098 3072 1174 3140 peg.
1199 3049 1275 3117 791.
1298 3051 1352 3118 23.
1376 3052 1532 3118 Dicebant

342 3167 442 3231 etiem
473 3156 695 3238 ἐγγέγραπται
727 3176 800 3221 oum
833 3158 1013 3222 eoeusetivo
1036 3157 1130 3221 debiti
1151 3181 1290 3221 οιινινιιιιιι
1313 3157 1530 3246 significante,

340 3276 378 3336 ut
411 3288 485 3354 pag.
521 3262 598 3330 791.
635 3259 686 3326 19.
723 3262 749 3326 οἱ
784 3262 928 3342 δραχμόην
963 3262 1218 3342 ἐγγεγραμμένοι
1251 3263 1356 3342 μίνην.
1390 3266 1445 3331 sed
1476 3265 1528 3330 καί

341 3377 412 3458 ὀίφε
412 3389 460 3439 λει
484 3394 526 3451 τῳ
551 3367 682 3448 δημοσίῳ
706 3367 757 3432 και
783 3367 1045 3449 ἐγγέγραπται’
1030 3391 1061 3432 εν
1083 3369 1303 3450 ἐκροπόλεινι
1305 3373 1384 3436 tiose
1404 3371 1528 3437 dietum

340 3487 388 3550 est
419 3479 570 3566 quoniam
600 3493 779 3558 numquam
808 3474 867 3540 hoe
898 3477 966 3540 sine
997 3473 1055 3540 illo
1086 3478 1172 3563 cogit
1173 3478 1220 3541 eri
1243 3479 1403 3562 potestet
1425 3499 1530 3544 neees-

341 3589 424 3670 serio
447 3585 462 3649 ὀ
485 3587 543 3661 μὲν
566 3580 735 3662 ὀφείλωνέ
735 3578 800 3657 γγέ
801 3603 958 3666 γραπται,
983 3579 1047 3644 ὁδ’
1069 3581 1328 3662 ἐγγεγραμμένος
1351 3582 1482 3664 ὀφείλει.

386 3840 469 3927 Peg
504 3834 580 3904 771.
611 3833 665 3902 26.
697 3835 826 3901 τόννίεί
853 3835 951 3916 βουλό
952 3860 1040 3913 μενον
1061 3833 1138 3902 εἶναι
1161 3837 1285 3918 πονηρόν
1308 3839 1530 3921 παιδοτριβειν.

340 3945 551 4033 Popuieritet
542 3963 570 4008 1s
600 3962 710 4008 amens
739 3959 919 4008 nmomoes
941 3941 1036 4008 muit'
1014 3949 1056 4008 ιιι
1078 3943 1242 4009 vocabulis
1263 3945 1368 4010 utitur
1391 3967 1430 4014 ex
1453 3967 1530 4032 quo·

340 4057 462 4122 tidieno
493 4053 615 4117 civium
646 4067 789 4115 sermone
816 4052 950 4122 sumtis,
974 4050 1090 4134 quibus
1113 4048 1343 4117 Demosthenes
1365 4051 1529 4118 fastidiose

341 4163 489 4227 abstinet.
466 4154 629 4222 t'l'elia
657 4160 732 4221 sunt
761 4155 970 4235 παιδοτριβειν
1001 4176 1057 4242 pro
1088 4160 1196 4221 οισιιειν
1224 4177 1299 4244 pag.
1332 4152 1409 4223 772.
1436 4153 1512 4222 6.
1491 4183 1530 4222 ων

341 4267 434 4344 μέσοι
478 4261 529 4326 καὶ
564 4269 745 4332 τελεοταιος
781 4261 833 4325 καὶ
870 4260 984 4342 πρῶτός
1021 4263 1083 4330 ἐςιν
1116 4257 1213 4334 οὗτος.
1249 4283 1323 4350 pag.
1361 4259 1437 4330 778.
1476 4262 1528 4328 17.

343 4367 633 4448 ἀπεσχοινισμένος,
665 4388 740 4455 pag.
775 4365 851 4432 782.
885 4366 940 4431 25.
971 4366 1244 4449 διαβαπτίζεσθαι
1272 4389 1346 4455 pag.
1374 4365 1449 4435 784.
1473 4367 1530 4435 22.

343 4474 523 4546 οινασείσας
543 4493 617 4561 pag.
640 4471 716 4540 785.
740 4473 770 4538 5.
791 4497 980 4555 μοσχευητε.
1001 4493 1075 4562 psg.
1093 4470 1167 4540 788.
1183 4472 1238 4541 24.
1258 4471 1528 4558 τεταριχευμένος.
