3392 5186
887 365 952 436 386

326 557 517 625 Homericae
538 557 756 627 observatione
780 561 813 625 et
835 559 993 646 originem
1015 557 1107 624 verbi
1130 554 1277 633 νίνέσαιμι
1297 562 1331 624 et
1351 559 1514 623 notionem

322 664 523 752 indagemus.
568 660 795 732 Considerondi
817 669 892 730 sunt
914 665 949 728 in
972 683 1009 729 eo
1026 683 1061 728 re
1079 663 1115 728 hi
1134 663 1219 748 opud
1237 662 1418 731 Homerum
1435 662 1513 730 looi:

325 768 383 836 Od.
407 795 436 836 κ.
462 768 539 836 361.

594 874 626 952 ἐς
649 877 672 960 θ’
696 875 864 956 ὦσιθμινθον
884 875 1035 941 ’6οΑοΛ
1058 873 1123 939 λθε.

369 978 426 1046 od.
452 977 481 1056 Ε·
508 977 587 1048 280.

595 1086 626 1159 ἐς
651 1084 755 1166 δίφρον
779 1082 812 1149 δέ
834 1084 869 1163 μ’
890 1081 1013 1149 ’60Αο
1036 1080 1099 1160 ιθγε
1123 1081 1248 1148 εοίκαέε.

321 1191 380 1256 ubi
411 1189 621 1257 Hurloiuuus:
655 1191 673 1266 ἡ
704 1189 832 1265 Αίολικνί
858 1189 934 1279 (leg.
962 1192 979 1268 ἢ
1004 1189 1187 1271 ’Λργολικιῦ
1220 1190 1264 1268 „s”
1271 1213 1286 1262 ς
1317 1188 1458 1271 δίφρον
1485 1188 1512 1253 δ’

305 1294 499 1370 ·οίνέσας.”

368 1401 461 1469 nied.
484 1409 527 1468 N.
552 1399 629 1470 657.

593 1507 636 1581 είς
651 1504 766 1588 ,δίφρον
788 1505 816 1572 δ’
840 1513 1102 1574 AuecANsec
1125 1503 1215 1584 syon.

320 1614 380 1679 'ubi
407 1611 588 1700 Didymus:
619 1611 825 1686 Ἀπολλώνιος
858 1613 873 1679 θ
905 1611 1014 1686 'edim
1043 1613 1074 1676 ἐν
1096 1613 1140 1694 τῷ
1163 1611 1237 1692 τρίς
1262 1611 1423 1686 Ζνινθέοσον
1448 1613 1491 1691 ..ἐ
1498 1637 1513 1685 ς

326 1717 466 1801 δίφρον
490 1717 540 1805 (θ’)
564 1716 817 1790 οίναθέντες.”

369 1822 429 1890 Od.
453 1847 478 1890 ν.
504 1821 582 1890 274.

459 1929 529 2003 τούς
553 1928 587 2006 μ’
610 1926 760 2022 ἐκέλευσα
784 1927 920 1994 Πύλονδε
942 1935 1123 2004 καταντῆσαι
1147 1929 1200 1995 καί
1226 1929 1369 2011 ἐφέσσαι.

322 2034 381 2100 ubi
410 2032 622 2102 Hurleienus:
654 2038 672 2111 ti
705 2037 823 2100 Ῥιανοῦ
853 2035 1101 2116 θαοφοίσσαι
1136 2034 1323 2124 (legendum
1356 2034 1512 2123 ὶφέσσαι)

322 2139 525 2218 ἐπιπέμψαι.

368 2244 427 2312 Od.
451 2268 476 2311 ο.
500 2243 578 2314 277.

683 2346 773 2414 οὶλλιθ
796 2374 838 2429 με
863 2349 930 2427 νηὸς
954 2347 1098 2434 ἐφεσσαι.

368 2454 427 2523 Od.
451 2453 481 2532 ξ.
505 2452 582 2521 295.

593 2559 624 2633 ἐς
647 2557 772 2638 Λιβύην
794 2560 830 2640 μ’
854 2561 905 2627 ἐντί
929 2563 996 2638 νηθς
1021 2561 1191 2644 ἐφέσσατο.

321 2664 423 2752 vulgo
453 2662 593 2731 ἐέσσατο.
623 2664 783 2732 scholion:
814 2666 932 2740 Ῥιανθς
963 2673 1060 2751 φησιν
1095 2668 1312 2752 ἐφέσσατο.
1351 2667 1512 2746 Ζηνόδοτος

323 2771 520 2854 ἐφείσατο.

368 2874 427 2944 Od.
452 2899 487 2941 τ.
512 2873 591 2943 443.

459 2979 596 3048 τολλιίκι
623 2983 751 3062 γούνασι
775 2991 864 3050 τοῖσιν
886 2983 1100 3066 ἐφεσσάμενος
1124 2985 1214 3067 κρέας
1237 2985 1330 3054 θατθν

458 3089 488 3154 ἐν
512 3090 668 3170 χείρεσσιν
690 3087 794 3165 έθηκεν
816 3087 935 3170 ἐπέσχε
957 3079 992 3158 τε
1014 3099 1103 3158 σοῒνον
1126 3092 1249 3173 ἐρυθρθν.

366 3194 459 3261 llud.
486 3204 511 3260 1.
536 3194 612 3261 455.

503 3303 626 3380 μνίτοτε
649 3300 778 3378 γοιίνασι
802 3307 891 3366 τοῖσιν
913 3300 1101 3386 ἐφέσσεσθαι
1123 3304 1217 3388 φίλον
1238 3305 1301 3371 νίθν

503 3404 538 3483 ἐξ
561 3406 665 3485 ἐμέθεν
689 3413 856 3485 γεγαῶτα.

366 3522 406 3577 A.
432 3509 509 3578 310.
558 3514 619 3579 ιίνιὶ
644 3511 675 3578 δέ
699 3513 854 3595 Χρυσηίδα
868 3551 909 3562 -
923 3509 1004 3580 εἷσεν
1027 3513 1124 3594 ἄγαν.

365 3627 401 3682 Γ.
426 3615 502 3684 382.
558 3619 618 3684 κὰδ
642 3619 668 3684 δ’
694 3611 750 3683 εἶν’
776 3619 806 3684 ἐν
829 3617 972 3701 θαλοίμῳ.

364 3723 454 3792 Haeo
476 3729 583 3791 omnio
604 3730 756 3791 uosmet
776 3725 908 3792 eundem
927 3728 1090 3793 notionem
1109 3729 1271 3795 continent
1290 3733 1322 3794 et
1342 3750 1381 3796 ox
1401 3729 1514 3796 eodem

319 3832 417 3916 stirpe
440 3833 595 3918 prugneto
618 3834 703 3895 sunt.
741 3828 924 3918 Hesychius
947 3831 1166 3914 Ἐφέτσαιτ
1191 3834 1368 3899 ἐπικαθίσαι
1391 3845 1431 3918 τῇ
1454 3837 1511 3910 oni.

317 3935 409 4002 Idem
439 3933 696 4008 ’Λνέσαντεςτ
730 3936 984 4008 οίνακαθίσαντες.
1031 3937 1079 4004 De
1108 3939 1266 4005 industrie
1288 3945 1425 4007 utuntur
1444 3939 1514 4008 Gn·-

319 4043 377 4108 tioi
406 4045 529 4106 veteres
558 4040 665 4106 verbis
696 4062 735 4106 ex
766 4039 897 4123 καθίζειν
930 4045 1114 4130 compositis
1143 4049 1181 4110 ut
1204 4052 1354 4131 upporeet
1376 4048 1514 4114 verbum

316 4145 459 4211 ἜΖΕΙΝ
489 4148 523 4210 in
552 4146 603 4212 hie
635 4149 774 4233 antiquis
800 4147 916 4236 glossis
937 4151 1050 4215 inesse.
1096 4149 1304 4237 Rectissime,
1328 4158 1367 4217 ut
1390 4155 1513 4239 opinor.

318 4252 429 4318 Fuisse
451 4251 530 4317 olim
554 4251 705 4318 uidentur
727 4253 790 4318 duo
813 4253 911 4319 verbo
935 4257 1102 4321 transitivo
1123 4254 1228 4321 'em
1247 4262 1279 4322 et
1300 4259 1410 4336 ἽΖΩ,
1437 4279 1514 4344 quo

319 4377 393 4420 rum
415 4353 487 4435 ίζιν,
514 4355 626 4438 ἐφίζα,
649 4357 760 4436 καθίζω
780 4358 924 4423 tulerunt
944 4364 1102 4437 aetutem,
1124 4383 1162 4426 ex
1181 4359 1286 4427 ἜΖΩ
1303 4364 1385 4429 nihil
1405 4385 1515 4450 super-

319 4467 368 4528 esi
400 4467 525 4547 praeter
554 4464 696 4528 αονίιίαια
728 4460 822 4548 ἕσας,
853 4462 973 4542 ἕσασα,
1004 4466 1188 4552 αἰνέσαντες,
1219 4467 1365 4547 ἀνέσαιμι
1387 4470 1427 4536 de
1449 4491 1515 4557 quo
