3208 5158
836 391 902 460 244

459 578 537 648 ίοσα
560 581 585 645 οἱ
610 579 790 660 ἒγγυώλιξα
815 580 976 658 κυνώπιδος
1000 584 1100 651 εἵνεκα
1125 585 1240 667 κου’ρνς.

272 689 376 774 patri,
407 691 446 752 ut
476 686 582 763 vides,
614 689 656 752 τα
684 685 755 752 ἕδνα
779 688 926 764 dederat,
951 712 1027 779 ergo
1050 697 1083 758 et
1106 718 1125 754 ο
1142 699 1231 776 patre
1251 691 1376 776 reposcit
1398 712 1462 758 non

276 793 418 858 facturus
437 795 463 858 si
483 812 520 857 ea
538 813 621 858 nova
639 795 753 859 coniux
772 816 828 880 pro
849 795 921 861 dote
941 796 982 863 ad
1001 800 1157 863 maritum
1175 797 1346 864 attulisset.
1376 795 1461 877 Quid

275 899 431 965 attinebat
453 919 702 965 commemorare
725 899 821 967 Iliad.
846 887 888 967 A.
913 901 991 968 243.
1014 905 1159 991 ingentia
1181 906 1287 988 sponsi
1309 903 1407 969 dona:

1030 1009 1136 1074 πολλοὶ
1159 1008 1185 1073 δ’
1208 1009 1299 1074 ἔδωκε

410 1111 499 1192 πρῶθ’
523 1111 632 1175 ἑκατὸν
655 1109 730 1188 βοῦς
754 1110 863 1196 δῶκεν,
888 1109 998 1178 ἔπειτα
1022 1114 1053 1180 δὲ
1073 1113 1154 1197 χίλι’
1179 1113 1296 1192 ὑσίν-ιι,

409 1213 507 1294 αἶγας
531 1215 605 1290 duob
631 1215 682 1280 καί
706 1213 769 1292 ὄϊς,
792 1215 836 1282 τώ
859 1219 885 1282 οἱ
909 1217 1036 1286 ἄσπετα
1059 1220 1265 1297 ποιμαίνοντο.

273 1328 301 1392 si
326 1345 363 1391 ea
385 1326 493 1390 omnia
515 1323 626 1387 statim
649 1341 724 1386 cnm
747 1343 844 1388 uxore
867 1323 1002 1390 adeum
1024 1326 1165 1392 reditura
1184 1322 1338 1390 fuissent?
1360 1322 1461 1389 Nulla

274 1438 323 1497 est
352 1430 511 1495 dubitatio
543 1429 620 1513 quin
650 1426 727 1493 haec
759 1448 883 1513 qnoque
912 1430 1050 1495 formosa
1079 1431 1187 1515 puella
1218 1429 1380 1514 nonsibi,
1405 1428 1460 1493 sed

268 1537 355 1623 patri
376 1557 445 1613 ννο,
469 1534 566 1600 fuerit
589 1534 793 1610 ἀλφεσίβοιαι.
829 1533 898 1600 lam
919 1535 1056 1620 reliquos
1075 1535 1209 1601 Homeri
1230 1535 1313 1601 locos
1332 1536 1461 1618 inspici·

272 1659 383 1708 amus:
416 1639 640 1728 Agamemnon
672 1639 793 1706 Achilli
822 1645 859 1705 ut
890 1643 924 1706 in
954 1643 1067 1729 magni
1096 1641 1239 1708 beneficii
1265 1640 1335 1706 loco
1357 1637 1460 1704 tiliam

271 1748 405 1814 ώνίεδνον
436 1745 620 1832 pollicetur;
647 1744 849 1832 Othryoneus
873 1768 893 1811 a
915 1746 1044 1813 Priamo
1067 1750 1238 1832 paciscitur
1264 1746 1459 1824 Κασσάνδρην

269 1853 423 1935 toletano,
455 1853 483 1915 si
513 1851 619 1916 hostes
650 1851 689 1916 ab
722 1850 782 1917 Ilio
810 1851 989 1936 repulisset.
1036 1851 1121 1933 Quid
1146 1859 1227 1918 esset
1250 1873 1287 1919 ea
1305 1875 1339 1918 re
1361 1853 1459 1918 sordi-

270 1959 343 2026 dius
361 1959 577 2042 abiectiusque
600 1959 629 2021 si
651 1959 696 2022 sio
719 1979 795 2022 ιιννο
818 1963 912 2042 napta
935 1959 1001 2022 suis
1024 1955 1114 2030 ἕδνοις
1140 1956 1350 2044 spoliaretur?
1395 1956 1459 2023 Sed

270 2067 491 2153 Agamemnon
518 2060 600 2127 nihil
623 2062 683 2126 ribi
706 2062 774 2128 dari
797 2061 954 2148 postulat,
979 2068 1012 2128 et
1035 2062 1237 2150 Othryoneus
1256 2071 1306 2129 sat
1329 2063 1458 2130 Priamo

269 2193 326 2259 pro
357 2169 424 2235 filia
455 2169 566 2234 datum
596 2168 717 2234 indicat
747 2171 774 2234 si
804 2189 878 2234 eum
901 2167 1012 2234 hostili
1034 2173 1125 2234 metu
1147 2169 1320 2236 liberasset.
1367 2167 1458 2249 Quod

271 2278 311 2344 ed
333 2278 525 2343 Nausicaam
547 2274 627 2339 dicit
649 2273 796 2361 Ulysses:

476 2375 506 2450 ὅς
532 2378 566 2444 al
590 2382 619 2442 σ’
643 2379 763 2444 ἐέδνοισι
788 2381 901 2458 βρίσας
926 2376 1032 2446 οἷκίνδ’
1057 2380 1236 2460 apamea

268 2511 332 2556 non
355 2485 531 2574 significat:
558 2488 635 2571 „qui
658 2491 690 2551 te
714 2485 804 2550 donis
828 2495 978 2551 οιισνοίοοι
1002 2488 1136 2554 domum
1155 2487 1306 2571 duxerit”‚
1328 2487 1382 2554 sed
1401 2489 1457 2572 qui

268 2596 360 2662 donis
389 2590 528 2676 reliquos
558 2611 667 2677 procos
704 2595 900 2675 superaverit
934 2613 1045 2658 omnes
1079 2614 1177 2679 eoque
1211 2594 1308 2659 fuerit
1341 2595 1455 2679 potior.

265 2701 359 2777 Esto,
385 2697 502 2762 dixerit
524 2695 657 2782 aliquis,
681 2701 730 2762 est
753 2695 812 2762 ille
833 2700 1053 2782 interpretatio
1076 2707 1207 2764 naturae
1230 2719 1406 2787 congruens
1424 2703 1456 2764 et

266 2806 362 2871 refert
393 2804 594 2887 antiquitatis
624 2824 747 2869 morem
777 2809 810 2869 et
840 2803 996 2881 colorem,
1028 2804 1224 2890 quadratque
1254 2807 1287 2868 in
1319 2809 1456 2870 caeteros

268 2931 378 2978 omnes
400 2929 478 2994 quos
501 2912 677 2994 apposuisti
698 2908 798 2984 locos,
825 2909 879 2974 sed
903 2911 979 2994 quid
1003 2909 1157 2975 faciemus
1179 2909 1311 2976 Homeri
1333 2911 1455 2977 verbis:

516 3009 552 3086 ώς
577 3012 608 3077 κ’
631 3015 726 3087 αὐτὸς
759 3013 999 3080 ἐεδνώσαιτο
1030 3015 1181 3095 δυ’γοιτρα.

267 3141 370 3189 nonne
399 3119 433 3185 id
465 3123 528 3184 est:
561 3117 597 3184 ἵν’
629 3120 722 3192 αὐτὸς
749 3119 763 3182 d
790 3122 892 3198 ararim
918 3129 1033 3185 AOTC
1056 3117 1128 3185 ἕδνα
1151 3121 1206 3194 τὴν
1229 3121 1386 3202 ίυγασέρα
1409 3122 1456 3185 ἐκ·

268 3223 353 3301 trent
396 3226 455 3291 hist
476 3225 554 3290 haee
577 3223 722 3311 vulgaris
745 3223 842 3289 huius
865 3223 927 3291 loci
951 3227 1188 3309 interpretatio,
1213 3246 1293 3309 quae
1316 3233 1348 3292 et
1371 3231 1457 3291 vete-

267 3335 357 3400 ribus
380 3331 529 3397 omnibns
551 3328 687 3415 placuit:
714 3329 889 3394 ἐεδνώσαιτο
914 3333 1000 3396 enim
1023 3332 1273 3414 interpretantur
1295 3351 1362 3396 esse
1385 3329 1456 3394 ἕδνα

269 3438 424 3511 ἐπιδώσει,
457 3434 687 3515 οίποσροιιιίσει,
720 3437 875 3514 χρήματα
909 3435 1004 3500 δώσει.
1053 3434 1139 3500 Audi
1162 3441 1194 3502 et
1217 3437 1455 3502 Aristarchum:

268 3545 372 3624 κυρίως
396 3540 453 3618 μὲν
484 3538 577 3606 ἕδνα
608 3541 653 3607 tet
678 3539 720 3604 τοὶ
746 3539 888 3616 διδόμενα
914 3542 970 3605 ὑπὸ
995 3545 1048 3603 τοῦ
1065 3545 1246 3628 γαμοῦντος
1271 3551 1310 3622 τῇ
1333 3565 1455 3620 γαμου·

267 3649 360 3730 clap,
392 3653 483 3712 NTN
515 3645 546 3710 δὲ
578 3651 818 3725 κασαχννςικῶς
849 3655 951 3712 κεῖσαι
984 3647 1000 3720 ἦ
1025 3644 1108 3721 λέξις
1132 3647 1202 3710 αντὶ
1226 3651 1279 3710 τοῦ
1301 3649 1455 3726 χρήματα

268 3757 471 3822 ’eumont
519 3749 614 3816 Vides
646 3747 804 3817 Criticum
836 3753 870 3816 in
902 3754 1066 3839 angustias
1088 3752 1250 3818 redactum
1274 3753 1401 3819 haerere
1424 3759 1457 3819 et

268 3862 330 3928 sibi
352 3879 415 3924 non
439 3861 590 3922 constare.
625 3853 662 3919 ln
687 3858 817 3922 caeteris
840 3857 989 3922 omnibus
1011 3856 1046 3921 τὸ
1071 3856 1201 3932 διηνεκές
1226 3863 1259 3924 et
1278 3863 1368 3926 acute
1388 3880 1457 3945 per·

267 3967 362 4052 spicit
385 3968 418 4030 et
440 3967 566 4028 strenue
588 3961 741 4026 vindicat.
781 3961 935 4040 Φίβεσίαι
957 3985 1069 4046 semper
1091 3970 1139 4028 eat
1161 3964 1292 4045 Φεώγειν
1315 3969 1347 4029 et
1368 3965 1455 4044 βώλ-

267 4088 331 4138 λειν
362 4070 475 4134 eminae
496 4067 602 4154 scrire
632 4070 664 4132 et
693 4066 842 4150 μοίχαιρα
877 4070 971 4132 culter
1005 4074 1037 4133 ct
1070 4075 1160 4144 σῶμα
1195 4071 1330 4135 cadaver.
1377 4071 1457 4151 Quis

265 4179 376 4244 ferret:
409 4179 500 4251 σῶμα
531 4171 636 4251 κυρίοις
666 4173 723 4248 μὲν
754 4174 787 4237 τὸ
820 4177 926 4254 ψυχῆς
957 4173 1143 4251 ίςεριιμίνον.
1180 4183 1271 4241 NTN
1297 4175 1328 4240 δὲ
1353 4201 1455 4240 κατα-

244 4285 420 4364 ’χρηςικῶς
451 4280 486 4345 rt
516 4275 682 4360 ἔμψυχονί
724 4277 787 4345 Sed
810 4282 991 4345 etiamnunc
1015 4279 1214 4346 admirabilis
1237 4280 1368 4369 linguae
1390 4279 1455 4347 Ho

267 4388 405 4454 merione
434 4387 610 4450 constantia
640 4385 683 4448 σοὶ
716 4384 800 4449 αὐτοὶ
828 4384 894 4465 περὶ
918 4391 976 4450 τῶν
1000 4386 1101 4449 αὐτῶν
1125 4387 1256 4460 rodelont
1281 4387 1454 4474 apparebit.

269 4494 283 4558 d
307 4491 410 4569 πατὴρ
434 4488 586 4553 Aaronem
609 4491 664 4564 τὴν
687 4489 844 4568 ίυγατὲρα
867 4496 914 4554 est
937 4491 951 4554 d
976 4492 1079 4574 πατὴρ
1103 4492 1169 4572 περὶ
1195 4498 1253 4556 τῶν
1276 4489 1381 4571 ἕδνον,
1402 4493 1456 4574 ἐφ’
