3358 5200
498 1935 976 2005 PRAEFATIO.

640 2271 833 2290 vvvvww

184 2551 330 2642 Rogatus
356 2555 395 2620 ab
419 2555 532 2621 amieis
559 2560 597 2620 ut
620 2556 835 2620 intermissam
856 2573 1068 2624 mauuosrrms
1092 2559 1264 2627 editionem
1287 2563 1333 2626 in-

139 2681 318 2741 staurarem
349 2696 412 2742 non
442 2678 566 2742 invitus
592 2677 633 2740 iis
655 2696 779 2741 morem
801 2679 887 2764 gessi
910 2682 942 2742 et
964 2698 1064 2763 quum
1087 2699 1150 2746 uno
1173 2680 1334 2767 alteroque

140 2793 306 2861 volumine
331 2797 365 2860 in
387 2793 494 2863 luoem
518 2799 634 2863 emisso
657 2797 759 2862 editor
782 2819 801 2862 a
823 2819 876 2863 me
898 2803 1019 2884 peteret
1041 2805 1079 2865 ut
1102 2821 1181 2886 quae
1203 2802 1334 2888 posthae

138 2919 315 3003 scripturus
346 2937 448 2983 essem
479 2921 513 2983 in
544 2939 646 2983 unum
677 2917 810 2985 oolleota
841 2924 872 2985 et
894 2922 985 2986 novis
1008 2922 1333 2988 animadversionibus

137 3041 233 3103 auota
264 3041 396 3105 seorsim
428 3039 479 3104 edi
509 3045 651 3126 paterer,
683 3047 721 3106 ut
752 3043 787 3105 in
823 3039 925 3106 Variis
954 3043 1144 3108 Lectiontbar
1168 3044 1331 3121 fecissem,

137 3157 251 3224 lubens
268 3157 303 3224 id
321 3180 375 3225 me
396 3159 556 3226 faoturum
577 3163 728 3247 promisi,
751 3167 784 3228 et
802 3163 848 3228 sio
867 3163 945 3228 haee
964 3180 1187 3230 msomumus
1207 3181 1333 3231 carmos

137 3284 214 3345 nata
236 3285 326 3357 sunt,
353 3282 387 3346 iu
411 3282 526 3366 quibus
550 3281 726 3348 seeundum
749 3285 941 3369 scriptorum
965 3281 1159 3352 Graecorum
1185 3285 1332 3352 emenda-

136 3403 258 3467 tionem
289 3401 348 3467 hoo
378 3404 585 3488 potissimum
617 3407 670 3491 egri
702 3409 740 3470 ut
770 3403 808 3471 de
840 3401 995 3470 Oodioum
1017 3411 1132 3472 usust
1155 3406 1332 3493 discrepan-

136 3525 222 3588 tium
245 3526 474 3608 seripturarum
498 3524 623 3591 deleotu
648 3528 837 3592 sententiam
857 3546 963 3592 meam
983 3525 1191 3594 ostenderem.
1227 3526 1330 3608 Quam

137 3643 257 3712 vellem
281 3645 365 3711 mihi
387 3645 496 3712 liceret
519 3668 621 3712 unum
645 3651 678 3712 et
700 3646 837 3714 alterum
860 3647 1002 3714 nobilem
1026 3650 1210 3733 scriptorem
1232 3645 1330 3714 Grae-

137 3787 212 3832 eum
250 3788 290 3833 ex
323 3769 433 3853 pauoie
467 3770 750 3854 praestantissimis
784 3765 954 3835 Oodioibus
986 3767 1064 3835 Mas.
1101 3770 1149 3832 ita
1178 3768 1270 3836 edere
1291 3775 1329 3835 ut

140 3895 300 3972 apparatae
331 3888 465 3954 oratiam
488 3893 569 3955 esset
592 3910 628 3955 eo
651 3893 780 3956 nomine
804 3888 923 3978 dignus
946 3889 1077 3955 abieotis
1100 3890 1249 3955 omnibus
1271 3912 1329 3956 nu-

139 4009 190 4096 gis
207 4013 239 4075 et
259 4007 462 4096 quisquiliis,
484 4010 600 4096 quibus
618 4009 719 4099 vulgo
739 4017 918 4078 onerantur.
951 4009 1043 4078 Nune
1063 4013 1212 4096 quoniam
1232 4012 1328 4079 huius

136 4131 182 4194 rei
212 4149 316 4216 neque
343 4131 377 4195 in
412 4133 516 4218 patria
545 4137 673 4219 propter
693 4134 739 4197 rei
761 4131 909 4197 librariae
931 4129 1151 4197 difficultatem
1174 4137 1206 4198 et
1228 4154 1329 4223 angu-

135 4252 214 4316 stias
244 4249 313 4316 ulla
343 4271 414 4338 spes
444 4255 509 4331 est,
543 4272 645 4338 neque
673 4257 762 4318 extra
791 4253 912 4338 patriae
943 4249 1020 4318 fines
1048 4272 1119 4318 eam
1142 4252 1329 4320 feomtatem

135 4377 164 4436 et
198 4372 323 4456 copiam
356 4391 505 4457 quaerere
536 4375 645 4453 iuvat,
677 4372 838 4459 reliquum
861 4378 910 4438 est
935 4379 970 4439 ut
993 4373 1115 4440 futuros
1138 4377 1328 4476 seriptorum

134 4489 333 4558 Graecorum
357 4493 493 4560 editores
515 4497 549 4559 in
572 4515 677 4560 meam
702 4497 890 4561 seutentiam
916 4495 1095 4581 pertrahere
1118 4515 1220 4562 eonor.
1266 4497 1330 4564 Ad·
