3404 5192
753 373 818 440 293

181 565 348 634 Bekkerus
368 568 506 632 eximere
525 567 655 630 eonatus
674 566 738 640 est,
759 562 814 628 sed
832 583 946 648 parum
965 561 1110 630 feliciter.
1141 563 1266 649 Nempe
1285 560 1369 649 quod

181 673 242 738 hae
271 673 488 740 observatione
517 671 617 736 fretus
648 668 750 751 άΦίη,
776 668 881 749 προίη,
905 669 993 747 άνίη,
1017 669 1126 748 μείίη,
1151 670 1253 744 ἐσίίη,
1279 668 1366 746 σίίη,

181 777 283 852 telae,
305 777 372 843 διῒω
393 779 504 844 formis
527 776 715 863 vulgaribus
735 779 768 839 in
789 813 830 822 -
854 781 1008 840 eret-
1030 784 1088 840 ΟΥ
1106 776 1273 841 substituit
1285 774 1372 841 fefel-

181 883 222 950 lit
253 905 328 949 eum
358 887 481 971 opinio,
512 889 550 948 nt
580 903 675 968 supra
706 881 1004 948 demonstravimus.
1051 883 1094 948 Ht
1123 883 1207 968 quod
1233 884 1370 967 partien-

181 989 233 1055 lae
264 999 358 1056 ΜΕΝ
386 989 489 1056 veluti
512 987 632 1054 bellum
657 988 776 1052 indixit
797 989 991 1073 ubicumque
1014 1010 1070 1074 per
1090 995 1231 1054 metrum
1254 987 1372 1054 lieebat

182 1103 281 1161 MHN
312 1116 463 1182 reponens
492 1098 526 1160 in
548 1093 707 1180 plerisque
729 1093 807 1159 loeis
829 1098 969 1160 veterem
994 1094 1144 1179 loquendi
1167 1114 1262 1159 usum
1286 1094 1372 1158 ultro

182 1203 330 1285 vitiavit,
353 1207 391 1266 ut
413 1203 452 1268 de
471 1202 628 1266 industria
651 1219 708 1265 suo
730 1199 801 1266 loeo
823 1200 1035 1265 ostendemus.

229 1305 292 1373 Sed
314 1313 482 1393 supersunt
505 1305 567 1373 alia
588 1306 672 1392 apud
695 1304 875 1372 Homerum
898 1307 1048 1372 mendose
1071 1309 1203 1393 scripta,
1228 1327 1309 1393 quae
1332 1327 1370 1372 ex

182 1413 339 1480 librorum
362 1419 508 1480 veterum
532 1421 595 1486 τοῖς
619 1415 774 1484 Ἀττικοῖς
798 1411 985 1492 γράμμασιν
1008 1419 1209 1478 exaratorum
1228 1411 1371 1477 lectioni·

183 1519 244 1584 bne
266 1539 376 1584 veram
399 1520 535 1584 formam
557 1538 740 1604 recuperare
763 1517 892 1582 tandem
915 1522 1073 1603 poterunt.

228 1624 393 1692 Proferam
425 1627 528 1713 igitur
560 1645 644 1689 nuno
674 1623 759 1689 locos
789 1622 925 1689 Homeri
955 1624 1012 1688 nbi
1040 1633 1096 1690 OT
1120 1628 1153 1689 et
1176 1632 1211 1688 Ω
1234 1626 1374 1690 interae

184 1731 315 1797 eoniusa
337 1732 477 1797 fuerunt.
523 1729 640 1794 Editur
662 1729 754 1795 Iliad.
778 1728 820 1794 Π.
846 1727 923 1795 363.

320 1838 409 1902 datie
432 1835 484 1902 καί
510 1831 547 1909 ὦς
571 1834 737 1914 άνέμιμνε,
762 1835 843 1900 σάΩ
868 1833 895 1899 δ’
921 1836 1037 1917 ἐρίηρας
1061 1837 1207 1917 ἑταίρους.

183 1949 216 2012 et
240 1952 276 2008 Φ.
301 1940 376 2009 238.

319 2049 389 2119 σοὺς
414 2046 440 2112 δ’
462 2045 606 2124 ἔκβαλλε
630 2046 738 2129 ἐν’ραζε
763 2085 804 2096 ·-
831 2045 922 2127 ζωοὺς
946 2044 977 2111 δέ
1000 2046 1094 2114 eoin.

184 2154 295 2221 eadem
317 2153 420 2218 forma
442 2157 490 2218 est
514 2154 699 2238 imperativi
722 2150 834 2238 Odyss.
860 2177 884 2218 ν.
910 2151 985 2218 230.

320 2261 409 2324 άλλα
433 2256 512 2323 σάΩ
537 2259 594 2337 μέν
617 2263 742 2334 σαῦσα,
763 2257 844 2324 σάΩ
867 2257 895 2321 δ’
919 2256 986 2336 ἐμὲ.

185 2371 266 2448 etp.
291 2363 368 2430 595.

321 2469 415 2537 αὐτὸν
438 2469 495 2548 μέν
517 2494 552 2534 σε
576 2476 683 2551 πρῶτα
706 2468 786 2537 σάΩ
811 2469 862 2534 ιιαί
887 2467 1003 2553 Φράζεο
1028 2470 1110 2550 tuot

322 2575 366 2655 μοί
389 2599 419 2641 σι
444 2577 553 2659 σάθης.
1448 2653 1455 2665 ο

230 2681 319 2750 Haeo
349 2688 397 2748 est
425 2681 560 2770 vulgata
583 2688 616 2748 et
638 2685 778 2769 antiquis
801 2683 938 2749 testibus
961 2682 1103 2749 stabilita
1124 2682 1230 2750 lectio.
1269 2683 1374 2772 Hesy-

186 2789 292 2856 chius:
319 2798 429 2854 CAss:
454 2786 549 2868 σῶζε,
574 2793 679 2854 σῶσον.
726 2789 914 2875 Apollonius
937 2789 1009 2854 Len.
1034 2790 1122 2855 Hom.
1148 2799 1249 2855 CAss.

322 2895 410 2960 άλλά
434 2894 499 2960 σάω
523 2897 727 2973 alevadae,
751 2895 816 2962 σάω
842 2895 868 2959 δ’
892 2895 958 2973 ἐμέ.

232 3002 300 3068 άνσί
324 3007 377 3068 σοῦ
401 3001 487 3084 σῶζ.

232 3106 294 3174 Sed
325 3129 405 3194 quae
435 3107 581 3187 tandem,
617 3129 748 3193 quaeso,
780 3129 847 3175 esse
877 3110 983 3195 potuit
1005 3108 1107 3174 forma
1129 3110 1239 3175 eadem
1261 3113 1376 3197 imper-

185 3214 262 3281 fecti
291 3219 324 3279 et
352 3217 537 3300 imperativi
567 3212 677 3280 Cdo?
707 3215 832 3300 Nempe
864 3216 894 3279 ἐν
924 3222 987 3287 τοῖς
1021 3222 1167 3286 παλαιοῖς
1195 3216 1374 3294 ἐγέγραπτο

188 3329 290 3399 CAO,
324 3318 506 3402 παρεφίάρη
540 3320 571 3385 δέ
604 3321 661 3384 ὑπὸ
694 3327 753 3386 σῶν
783 3320 1185 3401 μεσαχαραιισηρισάντων,
1218 3305 1272 3408 'qui
1295 3323 1374 3388 σάΩ

186 3427 380 3511 seripserunt
409 3446 510 3511 quum
533 3426 635 3492 σάΟὙ
659 3427 818 3493 deberent.
865 3427 942 3493 Hrat
965 3428 1100 3495 verbum
1123 3429 1260 3515 Hpieum
1283 3435 1378 3495 σαοῦν

186 3551 244 3616 pro
276 3529 400 3610 σώζειν,
434 3534 525 3597 ouius
551 3531 709 3617 plurimae
732 3532 852 3599 formae
874 3537 993 3618 passim
1016 3537 1050 3599 in
1072 3532 1207 3601 Homeri
1230 3537 1377 3600 carmini·

188 3637 248 3702 bue
271 3637 443 3725 leguntur,
468 3639 618 3717 σαώσεις,
643 3644 783 3717 σαῶσαι,
809 3641 960 3714 σαωίηναι
982 3646 1041 3706 eet.
1076 3639 1265 3726 Imperativi
1283 3643 1378 3706 aoris-

189 3746 243 3809 tus
267 3749 314 3810 eat
337 3742 455 3810 σάωσον
478 3742 559 3809 Iliad
582 3755 624 3810 A.
648 3740 726 3810 827.

324 3851 398 3915 άλλ·
423 3849 479 3927 ἐμέ
503 3851 560 3928 μέν
583 3849 621 3914 σὺ
645 3849 762 3916 σάωσον
785 3847 872 3929 ἄγων
896 3851 945 3917 ἐισί
970 3859 1027 3927 νῆα
1050 3851 1213 3931 μέλαιναν.

189 3959 222 4020 et
245 3953 361 4042 Odyss.
385 3955 411 4020 δ.
438 3953 514 4020 765.

326 4062 385 4125 σῶν
408 4063 459 4125 νῦν
484 4083 535 4139 μοι
558 4069 674 4140 μνῆσαι
695 4061 750 4128 ιιαί
772 4085 823 4140 μοι
848 4064 941 4145 Φίλον
963 4057 1015 4127 υἷα
1038 4061 1165 4129 σάωσον.

235 4165 337 4250 Satis,
370 4167 479 4250 eredo,
510 4169 714 4253 perspicuum
745 4173 793 4233 eet
824 4170 940 4233 aoristo
970 4167 1088 4233 σάωσον
1121 4190 1267 4254 praesens
1301 4170 1377 4238 σάου

189 4272 374 4358 respondere
397 4277 430 4337 et
450 4271 676 4358 imperseetum
699 4271 796 4338 raino:

328 4377 416 4442 άλλά
440 4379 493 4443 καί
518 4374 555 4450 ὦς
578 4377 745 4457 άνέμιμνε,
770 4377 870 4446 σάΟΤ
895 4377 923 4443 δ’
948 4380 1065 4460 ἐρίηρας
1089 4381 1234 4462 ἐσαίρονς.

191 4483 262 4552 Nisi
295 4487 506 4550 vetustissimi
529 4488 641 4552 erroris
664 4488 754 4573 origo
777 4491 845 4552 tam
868 4486 990 4571 liquido
1012 4489 1152 4572 pateret,
1175 4489 1380 4564 haesitaverit
