3232 5176
671 394 713 467 '73

108 592 328 671 οκοοοισροένους.
381 589 471 657 Libri
514 609 623 656 omues
658 589 697 654 ad
732 607 834 654 unum
877 588 1027 653 exhibent
1061 587 1278 661 ΤΡΙΑκοσίοοις

107 700 256 778 τριήρεσιν,
277 695 301 762 S
320 695 406 761 solue
422 701 528 761 servat
545 696 579 761 id
595 695 678 779 quod
697 693 925 758 Demosthenes
946 694 1070 760 dixerat
1086 694 1278 766 ΔΙΑκοσίοος.

145 803 275 869 Mirifice
304 807 352 868 est
383 802 581 866 eruditorum
613 799 810 884 quorundam
841 802 939 877 ratio,
973 821 1109 885 quorum
1140 800 1197 865 elii
1223 821 1280 885 pro

108 910 204 974 ἕκατίκ
233 908 417 988 οαττὶραίαικί
445 906 621 980 διακοσίας,
654 904 710 970 alii
740 910 811 990 post
835 905 943 970 ἑκατόν
968 907 1148 972 inserebant
1170 907 1279 984 dodoal-

108 1038 208 1090 κοντα,
232 1013 323 1080 eredo
349 1032 389 1078 ne
416 1034 472 1078 rex
495 1012 663 1078 Persarum
687 1010 841 1075 historiae
865 1013 1043 1097 imperitior
1067 1033 1133 1078 esse
1156 1018 1280 1098 putare-

108 1127 162 1184 tur.
204 1122 342 1206 Apparet
372 1139 424 1184 eos
453 1138 516 1183 non
538 1137 605 1182 esse
629 1121 766 1182 oratores
788 1137 890 1201 neque
914 1117 991 1182 adeo
1014 1139 1118 1184 mores
1142 1125 1175 1183 et
1198 1124 1280 1184 artes

108 1229 245 1302 oratorias
267 1227 345 1290 satis
368 1226 511 1311 cognitas
535 1223 659 1288 hahere.
707 1221 936 1286 Demosthenes
955 1223 1015 1288 hoc
1035 1226 1104 1311 agit
1126 1229 1164 1289 ut
1187 1245 1280 1309 appa-

108 1336 167 1395 reat
186 1331 316 1396 classem
339 1330 584 1397 Atheniensium
607 1349 691 1392 nunc
715 1347 782 1392 esse
805 1328 943 1392 maiorem
967 1350 1063 1414 quam
1087 1329 1184 1395 fuerit
1205 1330 1281 1395 clas-

110 1438 146 1502 sis
172 1443 333 1504 universae
374 1433 542 1513 Graeciae,
581 1454 661 1518 quae
691 1432 862 1497 Persarum
895 1437 1032 1499 maiores
1069 1441 1158 1500 tanta
1193 1434 1281 1500 clade

110 1543 252 1609 afflixerit.
297 1543 432 1609 Necesse
451 1546 499 1606 est
517 1545 555 1604 ut
576 1559 708 1605 numero
727 1541 844 1604 minori
862 1540 1047 1624 respondeat
1065 1543 1177 1606 maior.
1209 1540 1281 1606 Non

108 1655 217 1732 poterat
246 1649 348 1714 dicere
377 1652 563 1727 τριακοσίαις
589 1683 632 1694 -
655 1645 874 1725 τετρακοσίοις,
908 1649 983 1730 quia
1012 1649 1090 1711 satis
1119 1647 1283 1712 constabat

108 1758 271 1820 maximam
289 1754 534 1819 Atheniensium
554 1751 687 1817 classem
706 1757 901 1815 ίοαοοαίασαιοι
920 1738 1053 1817 navium
1065 1753 1172 1818 baisse.
1196 1751 1282 1838 Ergo

109 1866 167 1925 erat
187 1860 345 1946 reliquum
368 1865 406 1923 ut
429 1857 597 1929 διακοσίαις
622 1856 757 1940 diceret,
783 1857 866 1940 quod
891 1857 1023 1922 obscura
1047 1858 1212 1924 doctorum
1236 1859 1283 1922 di-

108 1963 230 2052 ligentia
251 1965 395 2030 funditus
418 1964 604 2047 delevisset,
628 1964 691 2028 nisi
714 1959 821 2028 Codex
845 1960 867 2026 S
892 1963 1019 2028 tulisset
1040 1984 1142 2049 opem.

147 2176 224 2265 Pag.
238 2176 313 2242 186.
340 2174 392 2242 17.
418 2178 490 2254 ἡμῖν
513 2174 545 2239 δὲ
568 2175 602 2238 τὸ
626 2181 681 2248 τῆς
705 2173 809 2253 χώρας
832 2173 960 2250 τίμημα
981 2172 1119 2256 ὑτοίρχοι
1140 2176 1282 2254 οὶΦορμίρκ

112 2279 261 2365 [ἑξακόσια
282 2281 442 2368 τοίκοοκτα]
476 2280 652 2346 ἀκούσεται.
700 2280 901 2364 Interstrepit
925 2278 1058 2363 sciolus,
1083 2283 1138 2364 qui
1169 2284 1282 2346 memi-

110 2393 190 2453 nerat
216 2411 248 2454 se
275 2389 382 2476 legere
411 2408 484 2474 pag.
512 2385 586 2450 183.
613 2386 643 2451 5.
668 2385 703 2449 τὸ
722 2385 853 2462 τίροκριοί
879 2387 924 2453 ἐτι
948 2389 982 2449 τὸ
1006 2394 1061 2460 τῆς
1084 2387 1188 2468 χώρας
1214 2384 1285 2462 ἑξα-

110 2495 256 2573 κισχιλίων
278 2495 451 2558 coactores.
499 2491 634 2557 Summo
655 2495 724 2557 iure
748 2489 933 2556 Schaeferus
957 2494 1104 2576 ineptum
1126 2491 1285 2557 emblema

110 2603 258 2684 expunxit.
305 2598 392 2665 Scire
423 2598 523 2665 velim
558 2600 664 2683 eequis
697 2599 740 2662 sit
775 2599 830 2682 qui
865 2618 927 2662 non
960 2600 1077 2663 sentiat
1112 2619 1207 2683 quam
1243 2600 1286 2663 sit

110 2703 316 2771 huiuscemodi
339 2705 595 2770 additamentum
620 2702 804 2768 absurdum.
852 2701 973 2767 Tamen
997 2705 1031 2766 in
1055 2705 1285 2789 antiquissimis

110 2805 191 2874 libris
219 2809 381 2876 inficetum
412 2809 571 2896 glossema
600 2811 666 2873 iam
697 2809 917 2893 comparebat,
946 2809 1042 2894 idque
1065 2830 1147 2875 novo
1170 2808 1286 2874 mendo

111 2920 239 2982 aucium.
283 2916 370 2980 Audi
399 2913 699 3000 Harpocratiouem:
735 2915 810 2978 'Ore
843 2913 1046 2995 ἑξακισχίλιοι
1078 2912 1110 2990 ἦν
1140 2913 1287 2979 τοίλαιτα

112 3021 141 3083 τὸ
168 3023 287 3099 τίμημα
315 3030 371 3095 τῆς
402 3023 549 3094 Ἀττικῆς
584 3019 776 3096 Δημοσθένης
810 3020 840 3083 ἐκ
871 3020 913 3100 τῷ
942 3019 1007 3099 cepi
1033 3027 1091 3086 τῶν
1115 3020 1288 3101 συμμορίαν

112 3127 194 3202 dcclv
215 3123 323 3198 ὄντας·
357 3129 475 3204 »ἡμῖν
506 3127 543 3192 δὲ
574 3127 614 3192 τὸ
646 3135 715 3201 τῆς
739 3125 874 3207 χώρας
899 3125 1063 3204 τίαορραα
1091 3127 1287 3208 ὑτοίρχειν

113 3231 280 3313 ἀφορμὴν
317 3233 677 3311 ὈΚΤΑκισχίλια
708 3231 902 3296 τοίλακτα
934 3234 1191 3300 devicerat?
1221 3238 1286 3312 ἤτοι

113 3333 154 3400 οὖν
180 3338 330 3420 epaonis
360 3336 538 3416 οἱμοίρτκμοί
568 3338 631 3405 ten
662 3339 726 3402 κτὲ.
771 3335 1020 3422 Harpocration,
1053 3349 1090 3402 ut
1120 3344 1157 3404 tu
1178 3341 1285 3419 vides,

115 3441 234 3508 absurda
254 3444 414 3529 loquitur.
437 3442 573 3508 sednon
596 3463 653 3508 suo
677 3445 769 3508 vitio.
816 3441 944 3509 Lacuna
964 3450 1056 3509 vetus
1076 3444 1133 3509 has
1151 3447 1287 3532 ineptias

112 3550 229 3631 peperit.
273 3548 398 3614 Notaho
425 3551 536 3633 paucis
559 3549 716 3633 quomodo
742 3569 791 3614 res
814 3551 942 3613 restitui
965 3551 1081 3634 possit:
1117 3547 1191 3615 “Ora
1213 3552 1286 3626 ἑξα-

114 3655 242 3733 κισχίλια
274 3651 306 3728 ἦν
338 3653 484 3718 τοίλακτοο
508 3655 542 3718 τὸ
566 3655 693 3732 τίροκραα
718 3663 772 3728 τῆς
797 3655 944 3728 Ἀττικοῖς
969 3657 1164 3732 Δκμοσίέκκς
1188 3658 1219 3721 εἰι
1244 3659 1285 3737 τῷ

114 3758 171 3836 περὶ
196 3766 250 3824 τῶν
275 3766 446 3840 συμμοριῶν
470 3760 565 3840 <lincis
585 3757 694 3832 οὕτως·
721 3761 791 3844 (,,τὸ
817 3759 944 3837 τίμημά
969 3761 1013 3828 isc
1037 3763 1071 3824 τὸ
1099 3772 1154 3836 τῆς
1181 3763 1285 3844 χώρας

114 3859 315 3944 ἑξακισχιλίαν
345 3863 538 3949 ταλάντατ”ρ
564 3868 714 3943 λογισμὸν
737 3867 837 3930 αὐτῶν
863 3865 959 3937 διδοὺς
980 3867 1123 3939 ποικίλως
1144 3869 1208 3954 (ὡς)
1233 3869 1285 3934 καί

115 3968 263 4050 Φιλίχορος
294 3971 324 4035 ἐκ
354 3970 471 4052 beesca
502 3971 655 4041 'Ardebat‘
690 3972 720 4035 ἕν
750 3971 781 4037 δὲ
809 3977 871 4044 τοῖς
897 3971 966 4048 ἑξῆς
991 3976 1044 4036 τοῦ
1069 3971 1163 4049 λόγου
1191 3973 1286 4056 φασίν

115 4069 210 4146 οὕτος·
243 4080 354 4154 »ἡμῖν
386 4076 424 4140 δὲ
447 4076 487 4141 τὸ
511 4085 582 4151 τῆς
606 4078 731 4158 χώρας
756 4078 918 4155 τίμημα
942 4077 1142 4158 ὑοτοίρχειο
1167 4081 1286 4162 οέφορ-

115 4179 178 4252 alr
200 4181 497 4261 ὀκτακισχίλια
520 4181 712 4247 τοίκαντα
736 4181 993 4248 οὶκοιίσεται.”
1038 4183 1132 4250 Nunc
1155 4186 1286 4252 demum

114 4288 273 4352 rectissime
295 4287 439 4352 additur:
464 4289 527 4363 ἤτοι
554 4296 642 4354 OTN
667 4289 821 4370 γραφικὸι
847 4288 1023 4368 οίμοίρτκροοί
1047 4291 1109 4358 sen
1130 4293 1194 4356 κτὲ.

152 4387 297 4458 Videmus
319 4395 422 4480 igitur
444 4396 510 4458 iam
531 4397 607 4460 vivo
630 4393 897 4480 Harpocratioue,
930 4397 985 4480 qui
1009 4392 1180 4462 (lodicibus
1202 4399 1287 4463 Atti-

115 4493 202 4560 danis
221 4517 297 4563 usus
320 4503 386 4584 est,
409 4504 442 4564 et
461 4499 674 4566 insulsissima
691 4499 908 4566 additamenta
925 4502 961 4565 in
979 4507 1106 4567 textum
1125 4505 1287 4587 irrepsisse
