3404 5192
751 391 816 458 309

235 579 326 648 Iliad.
351 591 390 648 T.
417 579 495 648 125.

370 685 487 761 πιόντες
510 688 537 753 δ’
562 688 742 766 Οὐλύμποιο
767 688 959 766 κατήλθομεν
990 676 1236 760 ἀντιόωντες

368 793 462 868 τήσδε
486 792 609 875 μάχης.

222 898 348 986 -Odyss
374 908 414 963 A.
439 897 494 964 25.

368 1003 445 1069 ἀλλ’
469 1003 482 1068 ό
506 1005 563 1082 μὲν
586 1005 736 1078 Αόθόοτας
759 1005 924 1080 μετεκίαθε

369 1106 536 1174 ἀντιόων
566 1109 683 1190 ταύρων
706 1133 741 1174 τε
765 1109 816 1174 καὶ
841 1110 959 1190 ἀρνειῶν
984 1110 1173 1189 ἑκατόμβης.

234 1215 347 1303 Odyss.
372 1223 406 1278 Γ.
432 1211 507 1279 436.

369 1313 440 1393 ήλθε
464 1320 489 1384 δ’
514 1320 622 1396 Ἀθήνη
648 1323 726 1400 Ἰρῶν
748 1318 912 1387 ἀντιόωσα.

233 1424 346 1513 Odyss.
371 1435 418 1490 Ω.
442 1423 495 1491 56.

369 1532 468 1612 μήτηρ
493 1530 526 1607 ἐξ
551 1532 626 1605 ἀλδς
651 1532 702 1610 ήδε
724 1535 779 1597 σὺν
802 1531 957 1616 ἀθανάτης
980 1533 1103 1616 ἀλίησιν

370 1635 495 1718 ἔρχεται
519 1633 554 1702 οὗ
576 1637 684 1710 ταιδδι
707 1638 867 1712 τεθνηότος,
894 1639 1105 1705 ἀντιόωσα.

232 1743 341 1828 Itaque
364 1743 570 1810 vehementer
592 1748 774 1828 suspectum
799 1749 847 1809 est
871 1743 984 1831 Odyss.
1008 1756 1042 1810 Χ.
1070 1743 1124 1810 28.

367 1846 459 1923 ξεῖνε,
484 1855 584 1919 κακῶς
606 1848 717 1929 ἀνδρῶν
739 1849 905 1930 τοξάζεαι,
932 1851 1031 1916 οὐκέτ’
1055 1849 1170 1915 ἀέθλιον

367 1951 471 2019 ἀλλων
494 1954 661 2027 ἀντιάσειι.

187 2079 244 2145 pro
266 2058 409 2144 ἀντιάρις.

188 2165 383 2247 Κρεμάνννμι
408 2165 504 2232 habet
525 2165 673 2232 futurum
697 2171 796 2244 κρεμῶ
820 2165 945 2245 κρεμόω.

233 2270 325 2338 Iliad.
350 2278 390 2337 H.
416 2269 469 2336 83.

371 2377 421 2441 καὶ
446 2377 597 2457 κρεμόω
624 2368 709 2457 τροτδ
734 2377 799 2454 νηόν
823 2377 1019 2450 ’Λπόλλωνος
1044 2378 1173 2444 ἑκάτοιο.

232 2481 379 2549 Priscum
401 2484 537 2550 verbum
560 2488 633 2548 ἘΩ
658 2485 720 2570 (icit
742 2486 829 2549 idem
853 2485 937 2570 quod
961 2483 1111 2565 κορόνννμι
1137 2485 1231 2562 satio,
1255 2493 1374 2564 ιαίιινο,

187 2587 290 2672 habet
306 2587 452 2653 futurum
476 2589 529 2666 ἐῶ,
555 2588 619 2656 ἑόω.
645 2588 738 2655 Iliad.
762 2600 804 2657 N.
831 2587 908 2657 315.

368 2691 399 2759 οἵ
414 2717 467 2770 μιν
491 2681 566 2769 ἀδην
590 2694 629 2759 ἓθ
636 2718 705 2758 ωσι
729 2695 781 2760 καὶ
806 2694 971 2773 ἐσσόμενον
995 2695 1150 2772 πολέμοιο.

189 2802 221 2864 et
243 2796 357 2886 Odyss.
382 2809 421 2866 E.
447 2799 525 2866 290.

370 2907 445 2970 ἀλλ’
470 2903 514 2971 ἔτι
539 2904 596 2984 μέν
621 2907 674 2983 μόν
696 2914 779 2989 φημι
804 2905 880 2982 ἀδην
904 2908 1002 2973 ἑάαν
1027 2909 1208 2984 κακότητος.

168 2987 262 3077 ⁸nem
285 3013 331 3077 sin
354 3017 487 3096 utroque
509 3008 579 3077 loeo
603 3013 805 3078 scribendum
828 3033 884 3099 pro
907 3013 1012 3079 ἔλθωσι
1035 3020 1068 3079 et
1092 3015 1208 3091 ἐλάαν,
1234 3023 1272 3081 ut
1295 3016 1373 3082 alibi

188 3116 363 3182 ostendam.

187 3221 327 3286 Ἐλαθνω
351 3220 448 3286 habet
472 3221 619 3286 futurum
644 3221 720 3300 ἐλῶ,
748 3222 833 3287 θλόω.

233 3324 345 3413 Odyss.
371 3335 407 3390 H.
435 3325 510 3392 318.

255 3433 292 3496 σὺ
315 3431 373 3509 μὲν
396 3431 580 3511 δεδμημένος
604 3431 686 3514 ὕτνῳ
710 3432 844 3509 Λέξεσιν,
869 3435 895 3498 οἱ
920 3432 946 3498 δ’
978 3434 1122 3500 ἔλθωσι
1154 3437 1304 3514 γαλήνην.

233 3536 332 3603 Vetus
363 3539 497 3604 verbum
532 3539 678 3619 τέρνημι,
711 3541 820 3618 vendo,
848 3540 944 3605 habet
967 3540 1113 3604 futurum
1138 3546 1234 3620 περῶ,
1260 3543 1371 3623 περόω,

188 3643 324 3724 τεράαν,
350 3648 382 3708 et
405 3645 560 3708 norisium
584 3643 751 3724 ἐπέρασσα.
800 3643 890 3710 Iliad.
917 3655 953 3710 Φ.
980 3644 1057 3710 454.

325 3747 369 3820 σοὶ
393 3747 449 3826 μὲν
475 3743 523 3812 ὅδ’
547 3749 695 3824 ήπεόλησε
720 3749 817 3822 πόδας
841 3749 893 3814 καὶ
917 3757 1027 3830 χεῖρας
1052 3748 1175 3829 ὕπερθεν

324 3855 423 3929 δήσειν
447 3851 499 3918 καὶ
531 3853 690 3935 σεράαν
722 3856 815 3930 νήσων
841 3854 891 3919 ἐπὶ
912 3853 1128 3930 τηλεδατάων.

233 3959 275 4026 nt
304 3961 382 4026 haee
412 3960 542 4044 quidem
572 3959 714 4026 Homero
745 3981 820 4026 cum
853 3963 969 4026 Atticis
992 3962 1176 4025 communis
1199 3969 1289 4041 sunt,
1313 3969 1375 4033 nisi

188 4066 271 4152 quod
301 4065 453 4130 nonnulla
482 4065 599 4130 horum
630 4068 746 4132 Atticis
768 4086 832 4132 non
855 4065 930 4130 sunt
952 4067 987 4130 in
1010 4086 1089 4140 usu.
1112 4072 1150 4131 ut
1173 4066 1260 4143 δαμῶ
1285 4075 1317 4136 et
1340 4073 1376 4138 ἐῶ

188 4176 220 4236 et
243 4170 337 4251 τερθω
362 4176 394 4236 et
417 4171 536 4237 ἀντιόω.
570 4169 708 4255 Reliqua
729 4172 838 4236 omnia
861 4169 945 4256 spud
969 4171 1177 4236 Athenienses
1207 4175 1377 4244 tritissima

188 4280 262 4341 sunt
293 4283 407 4354 γαμῶ,
437 4281 535 4351 τελῶ,
563 4277 713 4350 ἒτιτελῶ,
738 4277 890 4352 διατελῶ,
916 4281 1019 4352 καλῶ,
1045 4275 1187 4352 ἐγκαλῶ,
1211 4289 1376 4361 συγκαλῶ,

188 4387 283 4461 κορῶ,
315 4385 435 4459 κρεμῶ,
469 4381 547 4466 ἐλῶ,
572 4402 651 4466 ques
675 4380 759 4448 solae
782 4387 857 4446 sunt
880 4385 974 4466 atque
997 4383 1109 4446 unicae
1132 4381 1378 4455 Atheniensibus

186 4485 292 4570 futuri
323 4487 461 4572 formae,
491 4488 608 4572 quibus
638 4487 791 4554 esesdune
820 4485 962 4554 Homero
985 4489 1150 4578 incognite
1172 4488 1288 4570 σκεδῶ,
1313 4493 1377 4566 δια·
