3358 5200
709 399 770 449 1111

17 633 19 642 ,
146 603 220 672 tulit
249 603 398 680 Platoni,
427 603 483 690 qui
513 605 645 689 putetur
674 602 790 668 dixisse
817 604 851 668 in
875 603 1004 669 Mesene
1025 621 1100 692 png.
1124 601 1209 668 9412.
1234 599 1333 686 §diedo

17 807 18 810 Ἴ
146 729 190 799 ees
212 733 314 801 ιιαιιώς
338 733 434 791 ποιεῖν
458 725 627 818 ἀνθρώπους
652 724 668 800 ἣ
694 719 738 790 εὗ.
763 723 801 790 cf.
827 725 864 790 de
890 725 952 810 Rep
990 745 1063 812 peg.
1089 722 1198 790 34811.
1223 721 1290 790 370
1303 742 1334 789 Δ.

189 847 225 915 Si
247 849 320 934 quie
343 846 427 912 mihi
449 866 526 913 vero
546 846 625 912 hsec
645 866 712 912 esse
731 848 933 924 concesserit,
955 865 1071 932 quaero
1088 866 1185 932 quem
1205 845 1335 912 iendem

145 991 237 1038 usum
260 969 486 1037 Demosthenis
508 972 564 1033 eut
584 966 728 1034 Platonis
746 965 918 1034 lectoribus
941 969 1066 1055 ineptae
1089 968 1149 1034 hee
1173 973 1205 1034 et
1229 973 1336 1054 aperte

144 1091 313 1160 mendosae
343 1092 518 1177 scripturus
548 1093 706 1175 proestare
737 1085 879 1176 possint?
925 1088 1036 1154 Nonne
1059 1089 1185 1155 fetuum
1209 1096 1258 1156 est
1280 1089 1337 1155 nbi

17 1261 18 1280 .
144 1211 266 1300 liquido
298 1215 420 1279 constet
448 1209 695 1276 Demosthenem
725 1217 872 1292 συνερεῖν,
905 1209 1023 1288 ὤμοσε,
1056 1214 1126 1296 ῥᾷον
1153 1213 1335 1298 scripsisse,

17 1331 18 1406 ἶ
145 1335 297 1402 lectorem
338 1333 448 1400 docere
488 1335 524 1396 in
563 1330 655 1398 libris
696 1332 905 1398 deterioribus
939 1331 1106 1414 συναίρειν,
1140 1331 1337 1413 deciduos,

145 1457 243 1542 ddisse
275 1475 342 1521 esse
372 1449 550 1540 scriptum?
596 1451 681 1519 Setis
713 1453 934 1520 huiuscemodi
967 1455 1163 1540 ineptiarum
1197 1474 1237 1520 ex
1271 1457 1340 1541 ipso

17 1635 18 1654 .
145 1577 263 1645 (lodice
285 1575 309 1642 S
331 1573 492 1661 prolatum
515 1573 688 1659 hebemus,
711 1577 767 1661 qni
790 1595 888 1660 quem
907 1576 949 1640 sit
969 1578 1089 1663 possim
1107 1576 1232 1643 mendis
1252 1597 1340 1664 sper·
1363 1627 1368 1638 .

145 1701 281 1766 tissimis
313 1697 547 1764 contaminatus
578 1715 640 1761 non
671 1695 771 1762 semol
797 1696 837 1763 de
858 1696 1017 1763 industrie
1040 1697 1339 1766 demonstravimus.

146 1819 267 1887 Temen
299 1822 375 1885 sunt
404 1818 460 1903 qni
492 1816 599 1882 dicent
629 1816 724 1881 omnis
749 1816 820 1883 ciiii
843 1824 987 1902 especiem
1009 1818 1094 1884 hunc
1116 1817 1237 1885 librum
1262 1840 1339 1887 esse.

146 1942 254 2009 Pauca
284 1940 368 2006 mihi
394 1939 472 2006 heeo
494 1936 585 2005 vide:
609 1959 683 2026 ρας.
710 1935 808 2004 1342.
837 1937 890 2004 19.
916 1942 950 2004 in
973 1938 996 2004 S
1020 1939 1158 2029 legitur:
1182 1941 1252 2016 τοὺς
1276 1943 1340 2008 θεν-

148 2063 289 2146 recedes
320 2058 562 2144 Φυλαξαμένσιις
595 2059 802 2129 διασώσασθαι
832 2063 888 2138 σὺν
918 2061 1106 2141 ἐπιβουλήν,
1136 2083 1193 2150 pro
1220 2063 1289 2138 σοὺς
1315 2064 1341 2129 δ’

149 2186 190 2251 ἔνι’
209 2183 250 2265 γθ
266 2209 311 2266 σῳ
326 2181 426 2266 spice
440 2219 483 2232 -
495 2181 670 2249 διώσασθαι.
704 2180 836 2248 Reiskio
853 2183 985 2250 debetur
1001 2183 1183 2256 διώσασθαι,
1199 2190 1232 2249 et
1247 2205 1343 2272 supro

149 2307 292 2374 diximus
323 2302 515 2382 διεσσσθμνι
546 2303 693 2390 frequens
722 2324 790 2369 esse
813 2305 847 2368 in
870 2302 962 2369 libris
983 2325 1040 2391 pro
1064 2304 1247 2386 inescatione.
1293 2305 1343 2374 Iex

148 2426 265 2495 Codice
289 2428 318 2492 A
341 2424 470 2492 effertur
493 2425 519 2490 θ’
542 2423 614 2496 ἴσως
638 2422 786 2490 θώσασθαι
810 2427 980 2513 nugatorie
1003 2424 1108 2492 lectio.
1143 2425 1252 2494 Multo
1269 2432 1344 2494 eunt

147 2549 267 2616 indicis
296 2546 383 2612 unde
404 2543 538 2634 colliges
561 2541 711 2612 Oodicem
736 2543 759 2609 S
782 2565 821 2610 ex
841 2545 923 2611 libro
947 2544 1127 2613 uncialibus
1149 2551 1249 2615 literis
1273 2570 1345 2616 exo·

148 2675 216 2738 reto
252 2669 449 2754 descriptum
483 2686 550 2732 esse
585 2665 625 2732 ob
655 2665 789 2732 bomine
823 2665 907 2732 nihii
941 2687 1051 2733 eorum
1083 2689 1163 2754 queo
1194 2672 1345 2737 scriberet

148 2789 362 2878 intelligente.
408 2786 488 2875 Peg.
522 2784 600 2852 313.
629 2785 660 2852 4.
692 2784 751 2854 ώεε
781 2787 858 2865 μηδὲ
888 2785 959 2862 τοὺς
993 2789 1117 2871 ἐχθροὺς
1142 2791 1224 2869 ὑμᾶς
1248 2795 1287 2866 sic
1311 2793 1344 2858 cd

149 2911 236 2978 ιιαλώ
267 2909 304 2990 γ’
338 2907 372 2987 ἦν
402 2905 632 2992 depositione
658 2909 824 2991 ἐπιχειρεῖν
847 2908 960 2989 λέγειν.
1008 2908 1157 2978 Hebebet
1179 2915 1283 2980 scribe
1305 2915 1345 2981 ob

148 3033 257 3101 oeulos
281 3028 831 3112 ΩΕΟΤΚΑΛΑΓΗΝΑΠριειλθμνν
855 3030 1005 3117 deditque
1028 3034 1066 3110 ώς
1091 3035 1145 3099 οὐκ
1164 3035 1345 3115 ἀλλαγῆναι

149 3155 343 3238 decessisses.
390 3153 427 3219 ln
462 3153 608 3218 Midicca
640 3149 715 3241 pege
752 3150 829 3219 531.
865 3150 922 3218 23.
953 3154 988 3218 in
1018 3154 1144 3222 oraculo
1178 3156 1347 3225 Dodonaeo

148 3277 335 3366 legebatur:
367 3281 792 3342 ΚΛΙΕΛΘΙΝΤΕΙΝΜΙΑΝ
813 3311 855 3324 -
878 3281 1069 3342 ΗΜΕΡΑΝ.
1116 3274 1227 3344 Scribe
1256 3281 1291 3344 in
1325 3279 1348 3345 S

151 3397 240 3464 dedit
275 3396 330 3462 ιιαθ
365 3395 523 3462 θλεεινθειν
554 3394 633 3476 μίαν
668 3395 794 3477 ἡμέραν.
841 3391 968 3462 Oeeteri
1001 3409 1193 3464 corroserunt
1225 3400 1349 3468 scilicet

151 3521 254 3606 inepti
285 3519 383 3583 ἐλεεῖν
407 3517 496 3584 θώειν.
543 3518 676 3585 Acutior
697 3537 781 3584 unus
804 3517 839 3582 in
861 3515 889 3581 B
911 3538 1027 3584 verum
1050 3518 1134 3587 vidit
1156 3524 1189 3586 et
1212 3544 1262 3603 γρ.
1288 3523 1348 3590 ἕλι-

153 3641 231 3708 νώειν
263 3642 299 3705 ἱιι
329 3642 476 3729 margine
507 3639 684 3726 adscripsit.
732 3637 817 3720 Quid
848 3658 885 3704 eo
915 3638 1045 3705 homins
1076 3640 1173 3730 ieciss
1196 3644 1252 3727 qui
1274 3662 1347 3732 pog.

154 3761 231 3830 980.
263 3759 322 3828 25.
352 3763 386 3826 in
416 3762 521 3829 verbis
551 3761 651 3828 ναθσσι
682 3767 1022 3826 TocosTonneIC
1053 3760 1139 3826 ἐλὲιν
1162 3763 1242 3837 σινθς
1266 3762 1351 3842 ἄξιος

157 3881 251 3964 εἶναι,
275 3883 358 3950 serio
381 3881 504 3948 dederit
525 3883 561 3946 in
584 3880 607 3947 S
625 3881 745 3948 παιών’
766 3877 883 3953 σώθεθςθ
929 3879 1001 3947 Non
1019 3880 1245 3970 intelligebant
1265 3887 1352 3952 enim

159 4004 310 4074 &moduli
333 4003 409 4091 quid
434 4007 516 4072 eeeet
538 4003 682 4070 σισιώσιν
707 4004 767 4075 δεῖν
792 3999 876 4080 ἄξιος
900 3997 979 4068 εἶναι
1002 4003 1042 4069 ci.
1066 4003 1144 4071 Noe.
1164 4004 1258 4072 eecce
1277 4026 1352 4096 pag.

161 4125 239 4194 528.
268 4127 349 4216 Peg.
379 4125 454 4194 615.
481 4123 511 4193 7.
536 4126 671 4211 ώσεβεθνι
696 4125 748 4192 καὶ
772 4134 873 4208 seculi
898 4123 950 4190 ιιαθ
974 4131 1075 4191 neci
1098 4134 1202 4192 TOIC
1222 4128 1354 4194 δεινισώ·

157 4271 220 4323 νοις
244 4247 308 4318 isle
330 4247 445 4332 ἓνσχνσ.
491 4247 555 4315 Pro
578 4257 678 4314 IIAcl
703 4255 806 4314 Toic
830 4245 853 4311 S
877 4245 1034 4318 ισλεθσσσις
1056 4245 1146 4313 dedit
1164 4250 1232 4315 sine
1250 4269 1352 4318 sensu.

159 4368 214 4436 Sld
243 4367 321 4438 tlibi
351 4377 525 4437 nnelnN
544 4403 586 4420 -·
605 4376 775 4436 ΗΔΘΙΩΝ
798 4403 840 4418 -·-
861 4375 1033 4435 HAeInN
1064 4369 1301 4439 eonfunduntur
1323 4378 1357 4439 et

158 4497 625 4562 iidelcToI-Hdlc'rol.
672 4491 755 4580 Peg.
779 4487 879 4559 1152.
905 4487 938 4560 7.
962 4489 1038 4558 Set
1057 4512 1168 4559 omnes
1188 4493 1357 4575 exbibentg
