3358 5200
716 423 759 494 49

145 611 373 683 Demosthenis
402 637 497 702 quem
528 614 675 684 fulserim
706 615 902 702 compilavit.
948 616 1084 706 Legitur
1104 641 1178 709 pag.
1202 619 1256 689 80.
1282 617 1336 689 26.

145 715 174 786 οἰ
204 725 257 788 ούκ
285 721 487 802 αἰσχύνονται
513 723 658 805 Φιλίππῳ
683 722 791 804 ζῶντες
816 723 867 787 καί
892 725 924 788 ού
947 733 987 805 τῇ
1012 725 1111 790 αὑτῶν
1134 728 1258 809 torpide
1283 731 1336 794 ιιαί

143 828 207 901 τάς
238 831 315 910 παρ’
348 829 459 894 ἕνείνον
490 829 603 910 δωρεάς
626 828 845 908 λαμβάνοντες
872 837 1055 895 OlONTAI
1079 830 1189 899 οἰκαδε-
1204 837 1336 913 λαμβά-

145 958 207 999 νειν
239 935 283 999 τά
306 934 378 1000 οἰαοι
412 939 597 1009 πωλοῦντες.
630 936 665 1001 id
697 939 744 1001 ost
775 933 848 1000 aliis
877 937 1001 1002 verbis:
1034 937 1093 1011 τάς
1124 941 1200 1020 παρ’
1225 941 1336 1006 ἔκείνοιι

145 1039 259 1120 δωρεάς
291 1041 394 1106 cicade
425 1039 603 1120 λαμβάνειν
635 1040 806 1122 νομίζοντες
837 1043 890 1106 ούκ
918 1044 1113 1110 αἰσθάνονται
1137 1046 1189 1110 καί
1214 1049 1257 1112 τά
1280 1056 1336 1123 τῆς

144 1147 266 1220 πθλεοις
294 1147 348 1213 καί
379 1147 422 1212 τά
454 1153 540 1230 σφῶν
565 1150 665 1214 αὐτῶν
688 1152 879 1223 πωλοῦντες,
904 1170 985 1235 quae
1008 1150 1094 1217 clara
1116 1155 1149 1217 ot
1171 1156 1337 1238 perspicua

144 1258 232 1318 sunt.
269 1253 385 1320 Οἰκαδε
410 1253 588 1332 λαμβάνειν
608 1259 641 1320 et
660 1255 703 1319 τά
724 1254 795 1319 οἰοιοι
815 1262 928 1319 πωλεῖν
948 1259 1104 1322 contraria
1123 1261 1215 1322 sunt:
1228 1261 1337 1344 itaque

143 1359 250 1426 οἰααδε
281 1359 460 1439 λαμβάνειν
491 1367 539 1427 est
561 1363 612 1428 τὸν
635 1361 706 1426 osor
727 1357 806 1426 οἰκον
829 1360 943 1439 αύξειν.
990 1360 1044 1427 Sic
1067 1365 1170 1450 igitur
1190 1363 1337 1431 falsarius

143 1472 254 1533 noster
289 1466 418 1532 dederat
452 1469 643 1533 sententiam
675 1465 899 1532 Demosthenis
933 1466 972 1532 de
1005 1487 1094 1533 more
1128 1468 1201 1534 aliis
1230 1471 1337 1536 verbis

143 1575 287 1640 vestiens
323 1573 364 1638 ad
396 1571 483 1638 furta
517 1573 669 1662 tegenda:
706 1572 760 1638 sed
793 1572 915 1638 factum
944 1577 992 1639 est
1023 1573 1107 1658 quod
1138 1575 1273 1641 assolet:
1298 1597 1337 1642 ex

143 1678 249 1745 simili
280 1677 349 1744 loco
375 1678 518 1744 adhaesit
537 1681 591 1744 ούκ
615 1677 819 1759 αἰσχύνονται
843 1675 988 1758 Φιλίππῳ
1011 1678 1140 1760 ζῶντες,
1166 1701 1229 1766 quo
1251 1682 1335 1751 tacto

143 1785 248 1851 OTA’
280 1782 476 1850 αἰσθάνονται
499 1804 557 1870 pro
580 1785 640 1849 ούΚ
665 1782 861 1848 αἰσθάνονται
884 1803 1010 1849 necesse
1034 1791 1101 1851 erat
1124 1788 1278 1867 scribere,
1304 1795 1336 1856 et

141 1894 189 1957 sic
219 1895 297 1956 nata
327 1895 376 1956 est
406 1889 540 1977 vulgata
571 1889 684 1969 lectio,
716 1909 812 1973 quam
836 1888 988 1954 admirari
1010 1892 1128 1975 poterit
1150 1895 1207 1978 qui
1229 1893 1335 1975 volet,

140 1997 198 2064 sed
221 1995 405 2084 intelligere
426 2017 520 2062 nemo
543 1998 661 2082 poterit
683 2015 848 2080 umquam
919 2077 921 2082 Δ

186 2179 272 2267 Peg.
297 2176 373 2244 157.
400 2177 452 2244 18.
477 2215 498 2229 -
521 2177 745 2257 λογισαμένους
768 2179 806 2250 ὥς
829 2177 892 2243 aot·
917 2179 969 2261 ἐφ’
989 2181 1062 2257 ἡμῖν
1080 2179 1127 2250 ἔτί
1146 2180 1182 2246 τὸ
1200 2181 1335 2260 Φάσιιειν

138 2287 236 2366 ἄγειν
267 2287 391 2363 εἰρήνην.
437 2283 508 2351 Ηοο
539 2285 668 2370 quidem
702 2305 826 2371 semper
851 2287 887 2350 in
907 2287 1157 2372 uniuscuiusque
1179 2293 1336 2375 potestate

137 2396 244 2458 situm
278 2395 342 2469 est,
374 2392 409 2455 τὸ
442 2399 624 2456 ΦΛΕΚΕΙΝ
649 2390 764 2469 εἰονίννν
786 2387 889 2468 άχειν.
936 2390 1022 2471 Quid
1043 2391 1170 2460 multa?
1193 2395 1336 2462 Blimina

136 2497 317 2564 molestum
348 2495 541 2563 vocabulum
574 2501 606 2562 et
636 2497 789 2562 rescribe:
822 2497 883 2562 οὐδ’
914 2498 966 2578 ἐφ’
996 2501 1069 2576 ἡμῖν
1093 2500 1138 2569 ἐς)
1162 2499 1197 2565 τὸ
1222 2501 1336 2582 εἰρήνην

136 2603 249 2682 άχειν·
275 2603 329 2680 ἤδη
353 2602 416 2684 γάρ
440 2603 549 2676 ἐκεῖνος
574 2601 776 2683 προηγόρευκε
800 2603 852 2668 τὸν
875 2601 1021 2682 πθλεμον.

184 2785 254 2852 Ubi
272 2785 397 2852 dixerat
414 2807 488 2874 pag.
513 2784 588 2853 157.
609 2784 664 2852 24.
683 2791 827 2873 oportere
844 2787 979 2867 χρῆσθαι
998 2789 1334 2867 τοατνχοῖςάμείνοσιν

134 2897 153 2970 ἢ
188 2891 342 2972 πρθτερον.
378 2894 425 2956 ita
454 2894 578 2980 pergit:
610 2893 655 2969 μίι
686 2891 749 2972 γάρ
781 2891 927 2974 ὑπολάβῃ
957 2915 1004 2964 τις
1035 2893 1118 2971 ὑμῶν
1150 2894 1187 2960 δι’
1216 2891 1254 2960 ὦν
1283 2899 1332 2983 [ἐκ

132 3003 265 3082 χριστῶν
287 3003 372 3064 recte
395 3017 458 3064 om.
483 2996 520 3081 S]
545 2997 666 3076 ἐγένετο
690 2997 733 3062 τά
757 2996 936 3076 πράγματα
959 2998 1052 3080 χείριο
1072 2999 1115 3065 τά
1136 3009 1191 3076 τῆς
1211 3000 1330 3078 πθλειος
1394 2991 1396 2997 ⁴

132 3107 192 3172 aas
235 3103 347 3169 τούτων
389 3104 475 3168 αὐτά
510 3102 608 3169 πάλιν
641 3105 858 3180 άναλνίψεσθαι
894 3106 947 3168 καὶ
982 3106 1164 3184 γενήσεσθαι
1198 3108 1330 3186 βελτίοι.

132 3211 259 3278 samu
286 3210 363 3276 haec
393 3214 469 3274 sunt
499 3230 538 3274 ex
569 3230 643 3297 pag.
675 3207 728 3274 25.
756 3206 807 3274 19.
834 3203 887 3273 εἶθ’
910 3207 1003 3283 οὕτως
1028 3211 1211 3290 άγνοομθνιος
1236 3213 1330 3296 ἔχετε

133 3355 181 3368 -
209 3313 267 3384 ύςε
289 3316 329 3382 δι’
352 3312 391 3380 ύν
414 3316 447 3380 ἰιι
471 3322 593 3398 χρνςῶν
616 3319 731 3394 Φαῦλα
749 3314 793 3379 τά
812 3313 996 3394 πράγματα
1015 3324 1070 3393 τῆς
1089 3315 1206 3392 πθλεοις
1220 3320 1330 3398 γέγονε

133 3424 192 3491 διά
224 3421 338 3488 τούτων
371 3420 517 3502 ἐλπίζετε
545 3421 616 3508 [τῶν
641 3422 741 3486 αὐτῶν
765 3417 905 3500 πράξεων
930 3420 1007 3505 deb]
1032 3423 1067 3487 ἐκ
1089 3423 1221 3505 Φαύλοιν
1244 3428 1330 3491 αύτά

130 3529 248 3612 maneb
272 3529 471 3607 γενήσεσθαι
495 3525 655 3594 Falsarius
679 3547 716 3593 ea
738 3527 779 3594 ad
801 3547 894 3592 suam
916 3529 1056 3594 remita
1078 3530 1332 3598 accommodavit

130 3643 174 3704 ut
212 3634 250 3699 δι’
283 3630 320 3698 ὦν
352 3631 532 3699 masculino
563 3653 678 3722 genere
709 3632 776 3711 περὶ
808 3637 867 3698 τῶν
895 3639 1057 3711 ςρατννῶν
1089 3633 1207 3700 diceret
1229 3657 1330 3720 quum

130 3741 226 3828 apud
255 3739 503 3806 Demosthenem
530 3745 643 3804 neutro
674 3758 791 3826 genere
815 3737 855 3803 de
886 3737 1135 3804 Atheniensium
1160 3741 1277 3807 inertia
1300 3750 1333 3810 et

130 3845 282 3915 socordia
304 3845 391 3911 dicta
413 3849 527 3910 essent.

180 4027 264 4116 Peg.
296 4025 370 4092 158.
404 4023 435 4090 9.
468 4025 644 4100 Ἀθηναίους
676 4024 708 4090 δὲ
741 4019 783 4099 οἷς
816 4021 943 4107 πάτοιθν
975 4026 1020 4094 ἔτι
1043 4026 1171 4105 μηδενὸς
1193 4029 1326 4098 άιιούειν.

127 4136 171 4202 Ιιι
209 4133 358 4200 omnibus
392 4131 485 4197 libris
520 4137 568 4196 est
601 4132 803 4208 'inaccessa
841 4131 925 4217 quod
959 4131 1119 4198 soloecum
1153 4139 1217 4212 est,
1252 4158 1329 4203 nam

128 4237 304 4307 ὑπακούειν
326 4236 412 4324 apud
435 4242 558 4304 veteres
581 4238 665 4324 regit
688 4236 845 4303 dativum.
883 4234 976 4302 Solus
999 4236 1022 4303 S
1044 4260 1158 4305 verum
1177 4245 1328 4310 serravit.

128 4343 299 4414 Notabilis
328 4342 406 4409 haec
439 4346 487 4408 est
509 4341 654 4408 iectionis
676 4345 832 4419 varietas,
857 4344 933 4430 quia
956 4355 1024 4410 tam
1048 4365 1140 4432 saepe
1164 4347 1329 4415 ὑπακούειν
1432 4385 1435 4392 ·

128 4459 273 4520 ‘rrNoc
307 4452 423 4516 vitiose
457 4446 586 4536 legitur.
627 4443 676 4513 Of.
711 4467 791 4530 quae
822 4451 1008 4534 scripsimus
1039 4451 1079 4516 ad
1109 4451 1329 4540 Xenophontis

132 4555 351 4646 (λτοροοάίοιιι
372 4553 530 4620 Mnemon.
557 4547 656 4618 1875.
680 4574 755 4641 pag.
781 4551 858 4620 406.

1146 4649 1163 4694 4
