3410 5180
726 381 791 453 497

158 574 257 654 μένοις
281 575 340 649 τόις
364 575 513 652 συνύηκας
536 583 662 642 ΜΕΤΑ
682 579 741 641 τῶν
763 572 959 640 εύδοκούνταν
983 569 1170 648 πολεμήσειν
1189 593 1245 657 pro
1265 579 1339 636 ΔΙΑ

157 688 226 749 τῶν.
260 682 300 749 ef.
323 682 468 769 Xenoph.
493 683 614 748 Hellen.
637 681 676 745 V.
702 680 732 746 1.
758 679 812 746 31.
837 679 970 760 ὁπότεροι
992 677 1024 744 δέ
1047 676 1165 752 ταύτην
1188 679 1243 754 την
1266 677 1340 756 sipri-

157 810 208 862 νην
237 787 283 867 μη
314 788 457 869 δέχονται
487 787 605 863 τούτοις
636 789 697 867 ε’γόι
728 789 892 867 πολεμήσω
923 784 1008 864 μετὰ
1038 789 1097 849 τῶν
1130 788 1236 849 ταῦτα
1267 782 1341 861 βου·

156 894 300 973 λιμένων.

200 1105 280 1193 Peg.
317 1102 394 1173 473.
429 1102 482 1171 13.
510 1101 581 1170 εἶτα
604 1109 709 1172 ταῦτα
733 1111 784 1172 νῦν
807 1109 832 1173 εἰ
855 1109 916 1189 χρὴ
940 1108 1030 1191 κύρια
1054 1103 1130 1172 εἶναι
1153 1107 1341 1181 σκοπούμενς

155 1211 231 1278 ἀλλ’
262 1213 276 1276 ό
303 1211 395 1290 λόγος
419 1217 534 1293 πρῶτον
558 1212 685 1293 αἰσχρὸς
714 1213 789 1302 [τοῖς
814 1214 1043 1299 σκοπουμένοις]
1066 1213 1095 1280 si
1116 1235 1162 1285 τις
1187 1210 1343 1276 ύιιούσειεν

156 1423 255 1505 ἔχειν·
289 1425 392 1490 πύλαι
423 1425 486 1507 γόιρ
516 1425 665 1504 ε’σκέφύαι
697 1431 803 1491 ταῦτα
835 1426 886 1490 καὶ
919 1427 1069 1504 έγνῶσόαι
1099 1431 1257 1505 προσῆκεν.
1305 1417 1342 1484 si

156 1537 219 1604 τοῖς
249 1531 463 1610 σκοπουμένοις
496 1533 650 1599 deleveris
680 1535 788 1598 omnia
814 1532 908 1618 plene
932 1537 1023 1618 euni.
1055 1535 1069 1595 ό
1100 1530 1193 1609 λόγος
1228 1533 1342 1608 πρῶτον

157 1635 285 1716 αἰσχρός
318 1636 477 1726 significet
508 1639 623 1720 πρῶτόν
654 1639 716 1708 έςιν
745 1640 874 1720 αῐσχρδν
900 1637 951 1704 καὶ
976 1637 1091 1717 λέγειν.
1137 1635 1210 1702 Non
1235 1635 1343 1698 minus

156 1745 297 1808 animose
319 1743 400 1808 dixit
421 1767 494 1833 pag.
521 1743 596 1810 468.
622 1744 654 1809 1.
677 1741 732 1809 εἷθ’
758 1746 845 1823 ὑμεῖς
869 1743 914 1810 έτι
935 1751 1079 1810 σκοπεῖτε
1102 1745 1127 1809 εἰ
1151 1743 1212 1826 χρη
1235 1745 1340 1807 τοῦτον

156 1847 324 1930 έξαλεῑψαι
349 1850 401 1914 καὶ
426 1852 458 1916 ού
482 1849 586 1916 πύλαι
609 1849 838 1936 βεβούλενσόες
1284 1867 1287 1874 “

200 2059 282 2146 Peg.
314 2055 389 2123 473.
419 2056 474 2123 21.
499 2055 529 2122 ei
548 2081 594 2130 τις
620 2057 748 2131 ἐκείνους
771 2057 842 2131 τοὺς
866 2061 987 2139 καιροὺς
1009 2061 1135 2126 ἼΔΩΝ
1160 2058 1176 2135 ἣ
1202 2059 1341 2141 παρὼνῆ

156 2188 234 2238 τινος
265 2162 377 2236 εἰδότος
409 2161 566 2240 διεξιόντος
598 2165 747 2237 οἰκούσας.
800 2163 889 2230 Haec
918 2167 965 2230 ita
987 2165 1137 2230 dicuntur
1160 2167 1249 2250 quasi
1271 2166 1342 2250 quie

156 2271 280 2338 duobus
311 2269 415 2335 modis
445 2269 502 2335 ille
533 2275 676 2356 tempora
701 2270 802 2336 videre
824 2274 965 2356 potuerit
987 2271 1004 2347 ἢ
1027 2273 1128 2351 παρὼν
1151 2271 1169 2348 η
1192 2269 1341 2344 οἰκούσας.

157 2378 247 2459 Quod
270 2397 371 2463 quum
394 2378 437 2441 eit
460 2376 634 2442 absurdum
656 2397 712 2462 pro
736 2372 803 2442 ἷδύν
827 2399 866 2443 ex
888 2377 1049 2444 nonnullis
1070 2376 1163 2442 libris
1185 2373 1269 2448 εἰδώς
1292 2381 1341 2443 eei

155 2483 399 2551 restituendum.
446 2481 545 2569 Saepe
576 2483 658 2556 εἰδώς
690 2489 722 2548 et
752 2482 836 2568 όδύν,
868 2483 979 2557 εἰδότες
1010 2490 1043 2550 et
1069 2481 1180 2556 ἰδόντες
1203 2485 1287 2549 inter
1309 2503 1342 2550 ee

156 2595 284 2658 mutant
305 2589 425 2657 locum.

200 2800 281 2888 Peg.
315 2797 390 2870 475.
424 2798 476 2866 15.
506 2799 535 2863 εἴ
556 2821 695 2870 τινες-
712 2797 902 2880 παραδώσειν
926 2799 1011 2866 αύτδ
1033 2800 1280 2880 ἐπαγγείλαιντο
1299 2841 1340 2852 -

125 2973 127 2978 ,
156 2907 211 2972 καό
241 2930 319 2980 τινες
351 2904 464 2970 τούτων
492 2903 682 2982 ἀντιλέγοιεν
710 2907 815 2977 αὐτοῖς
847 2907 965 2992 [ταῦτα
998 2907 1158 2993 λέγοντες]
1188 2911 1226 2980 ὥς
1250 2907 1342 2974 δεινόν

156 3011 263 3083 ε7τινες
291 3010 374 3089 μόνοι
405 3017 464 3076 τῶν
496 3008 600 3075 ἄλλων
633 3010 780 3088 μετοόιιοιν
811 3012 855 3088 μὴ
876 3020 1049 3092 χορηγοῖεν.
1095 3014 1214 3080 Reeeea
1235 3019 1341 3079 ταῦτα

156 3118 321 3204 λέγοντες,
345 3120 420 3204 quie
441 3117 519 3183 haee
540 3118 609 3203 ipen
631 3118 719 3181 notio
742 3119 826 3182 inest
846 3119 880 3181 in
904 3117 1101 3196 ἀντιλέγοιεν.

200 3327 280 3417 Peg.
319 3324 395 3394 477.
431 3323 463 3391 2.
498 3324 622 3403 μέλλον
639 3361 683 3374 -
699 3325 758 3399 σόος
794 3325 957 3408 χούριΤΛΟ
992 3330 1065 3408 παρ’
1101 3328 1183 3409 ὑμῶν
1213 3329 1342 3404 οόπόςους

154 3430 242 3511 ἕξειν.
300 3431 448 3518 Repetite
487 3431 612 3520 syllaba
646 3433 848 3499 scribendum
881 3433 941 3507 τοὶς
976 3431 1112 3514 χόριτας
1148 3445 1235 3502 TAC
1269 3443 1342 3519 παρ’

156 3538 248 3616 ὑμῶν.
293 3537 440 3623 Namque
474 3543 531 3604 aut
564 3540 609 3604 eie
642 3558 751 3604 omnes
787 3540 933 3606 dicebant
967 3545 1023 3606 eut
1056 3541 1116 3615 σόος
1150 3546 1224 3625 παρ’
1260 3544 1341 3622 ὑμῶν

155 3643 304 3728 χάριτας.

200 3855 280 3941 Peg.
314 3849 390 3918 478.
424 3851 478 3916 20.
511 3851 563 3916 καὶ
594 3852 655 3931 μην
685 3853 745 3918 οὐδ’
775 3855 867 3920 έκεῖνο
903 3853 999 3920 καλὸν
1031 3852 1129 3933 ζῶντα
1164 3858 1221 3934 μέν
1250 3861 1344 3926 αύτδν

158 3958 343 4051 (Cononem)
368 3955 442 4023 ούτα
463 3961 561 4035 τιμῖιν
578 3955 636 4026 ύςε
655 3959 803 4024 τοσούτων
826 3959 899 4026 όταν
920 3957 1077 4034 οὶκηκόατε
1098 3960 1217 4042 ἀξιοῦν,
1238 3966 1341 4040 ἐπειδη

157 4067 188 4134 δέ
220 4062 425 4138 τετελεύτηκε
456 4061 627 4147 [μηδεμίαν
656 4066 876 4142 ποιησαμένους
900 4074 1091 4132 ΤΟΤΤΩΝ
1115 4069 1238 4154 μνείαν]
1262 4072 1343 4152 ees-

156 4172 264 4239 λέσόαι
295 4193 326 4235 τι
353 4175 411 4235 τῶν
435 4169 575 4236 δούέντοιν
597 4168 683 4237 τότε.
729 4171 834 4237 Aeute
856 4171 941 4237 vidit
963 4171 1126 4239 Dobraeue
1149 4178 1256 4262 spuria
1279 4199 1344 4246 esee

156 4279 255 4348 verbe
285 4275 503 4356 μηδεμίαν-
523 4276 632 4354 μνείαν
664 4281 696 4342 et
726 4276 810 4343 unde
842 4279 1024 4363 irrepserint
1052 4281 1206 4360 ostendit,
1231 4305 1344 4371 nempe

158 4409 195 4453 ex
228 4407 300 4474 pag.
335 4382 411 4451 471.
445 4382 475 4448 5.
504 4378 562 4446 εἶτ’
588 4383 640 4448 ούκ
664 4383 878 4463 αἷσχυνόμεόα
901 4386 970 4457 τοὺς
994 4390 1048 4451 τοῦ
1072 4386 1206 4453 τοιούτου
1229 4392 1346 4466 παῖδας

159 4495 184 4559 εἰ
209 4491 366 4573 μηδεμίαν
388 4487 587 4568 ποιησόμενοι
609 4489 723 4556 τούτοιν
742 4488 868 4568 μηδενὸς
888 4491 1010 4569 μνεόαν,
1030 4493 1215 4576 όφηρημένος
1234 4499 1349 4579 manoe.

937 4617 939 4622 '
1170 4603 1203 4649 ³2
