3404 5192
867 379 934 449 260

307 567 382 635 574.
413 569 567 658 legimus:
600 570 794 653 προισότνπον
825 570 923 636 αὐτὴν
955 567 1021 657 (τὴν
1054 569 1153 656 σφώ)
1186 573 1283 654 φησὶν
1316 569 1493 652 ’Ἡρωδιανὸς

306 678 359 740 οὐκ
383 676 445 740 απὸ
469 683 523 749 σῆς
548 680 668 754 σφῶϊ.
694 677 737 742 διδ
761 673 909 750 ὀξύνεται.
931 675 966 739 τὸ
985 675 1050 755 γοδρ
1071 685 1105 741 Ω
1126 684 1185 743 τῶν
1204 679 1312 744 δνϊκῶν
1331 677 1494 758 ardeper-

307 806 360 846 σαι
385 784 440 857 τὴν
462 782 701 859 περισποριέννν.
726 783 819 848 etad
844 791 883 847 Ο.
907 780 983 847 146.
1007 784 1106 862 σφώε
1130 791 1186 857 τοῖς
1210 787 1317 864 σφῶϊ
1339 785 1492 858 ἀποκοπή.

307 887 380 953 Non
410 891 487 952 satis
516 889 578 953 sibi
608 893 748 965 constat,
781 893 820 952 ut
848 886 954 952 vides:
987 886 1043 952 sed
1066 889 1111 952 sic
1135 889 1215 955 solet
1236 889 1438 956 Herodianus
1461 891 1493 954 οὐ

307 994 350 1058 πα
381 993 465 1058 αὐτὰ
490 994 555 1074 περὶ
580 1001 638 1058 πῶν
661 997 760 1058 αὐτῶν
783 993 898 1070 λέγειν.
948 991 1061 1080 Longa
1083 999 1130 1059 est
1153 995 1192 1060 de
1215 1015 1251 1061 ea
1275 1017 1310 1060 re
1334 997 1495 1061 annotatio

308 1098 392 1185 apud
421 1098 563 1186 Etymol.
594 1098 641 1164 M.
672 1119 744 1186 pag.
779 1097 863 1177 609,
893 1097 947 1163 43.
972 1094 1018 1162 ὅτι
1041 1101 1076 1163 πὸ
1098 1108 1166 1165 ΝΩ
1190 1101 1242 1165 καὶ
1266 1101 1301 1166 νδ
1327 1109 1415 1166 ΕΦΩ
1440 1100 1494 1165 σὺν

307 1205 349 1285 τῷ
381 1212 395 1267 1
427 1206 505 1276 πινὲς
529 1202 685 1286 γροὶφονσι
708 1203 852 1282 λέγοντες
877 1204 940 1268 ἀπὸ
963 1209 1017 1268 ποῦ
1041 1213 1125 1270 ΝΩΙ
1149 1206 1201 1271 καὶ
1228 1214 1332 1273 ΕΦΩΙ
1356 1207 1493 1285 γίνεσθαι

308 1309 393 1376 κατὰ
418 1310 586 1390 σνναίρεσιν
608 1315 662 1375 τοῦ
687 1318 722 1375 Ω
747 1309 799 1375 καὶ
823 1320 836 1374 Ι
861 1311 903 1381 εἷς
926 1310 980 1383 σὺν
1007 1317 1057 1374 ΩΙ
1078 1310 1256 1392 δίφθογγον.
1295 1312 1495 1397 Quicumque

310 1421 358 1481 est
386 1419 442 1501 qui
471 1419 518 1482 ita
552 1418 674 1481 censuit
707 1419 794 1503 (nam
825 1415 903 1487 σινὲσ
936 1415 974 1481 de
998 1439 1057 1480 νιιο
1078 1423 1154 1484 noto
1177 1418 1305 1484 homine
1326 1421 1360 1483 in
1384 1417 1442 1483 tali
1461 1438 1495 1482 re

308 1515 384 1608 poni
415 1521 508 1606 solet)
539 1543 651 1588 verum
684 1523 783 1600 vidit3
814 1523 869 1588 sed
900 1519 1082 1588 Herodiano
1109 1523 1203 1588 aliter
1236 1527 1352 1589 visum.
1402 1525 1495 1588 ’Ana’

312 1627 442 1713 (inquit)
466 1629 483 1703 ἡ
507 1628 675 1706 παράδοσις
699 1629 751 1692 οὐκ
775 1625 842 1706 ἔχει
865 1625 899 1691 ct
924 1638 937 1692 1
965 1628 1153 1705 ἐγκείμενον.
1200 1625 1371 1695 Contendit
1393 1631 1496 1717 igitur

309 1729 354 1797 irc
377 1732 411 1797 τὸ
436 1740 501 1796 ΝΩ
528 1731 580 1796 καὶ
605 1741 694 1798 ΕΦΩ
719 1733 771 1797 οὐκ
795 1732 915 1810 ἐγένετο
940 1734 1003 1798 απὸ
1026 1739 1079 1798 τοῦ
1099 1743 1182 1799 Nm
1204 1735 1256 1799 nai
1278 1745 1383 1800 ΕΦΩΙ
1407 1735 1495 1800 ἄλλα

309 1839 361 1904 καὶ
393 1842 498 1902 ταῦτα
529 1837 636 1918 ἑσὲριον
666 1838 789 1913 dicarat
820 1841 865 1908 ἒςι
897 1839 949 1904 καὶ
981 1840 1099 1906 ἐκείνων
1127 1837 1217 1920 ἕτερα
1244 1841 1378 1918 θέματα.
1425 1841 1496 1906 Ηοο

310 1949 358 2010 est
389 1944 472 2028 quod
503 1943 597 2009 modo
627 1943 811 2010 audirimus
832 1941 1053 2010 Herodianum
1077 1945 1179 2012 dicere
1203 1945 1396 2027 προσοτυπον
1420 1946 1493 2013 ἕσιν.

308 2051 487 2117 Audiamus
510 2071 593 2116 nune
615 2049 823 2135 Apollonium
846 2049 1022 2138 Dyscolum
1041 2051 1107 2128 rect
1129 2054 1299 2128 Ἀνσοννμ.
1318 2072 1393 2138 pag.
1421 2050 1495 2116 110.

310 2175 338 2222 Β.
366 2159 399 2221 αἱ
422 2156 568 2222 Ἀττικαὶ
594 2155 807 2244 (decernatur)
828 2165 898 2221 ΝΩ
918 2155 971 2221 καὶ
994 2164 1082 2222 Cdo
1103 2159 1187 2222 κοντοὶ
1210 2158 1267 2231 σὺν
1289 2158 1408 2222 εὐθεῖαν
1431 2156 1497 2235 tfu-

311 2261 401 2334 τόνοις
432 2263 665 2340 ἀνεγνώσθησαν
691 2262 777 2342 παροδ
800 2264 841 2343 σῷ
866 2271 975 2342 ποιητῇ
999 2262 1052 2327 καὶ
1075 2259 1177 2328 ἅπασι
1202 2269 1359 2344 τραγικοῖς
1384 2287 1419 2327 σε
1442 2262 1494 2328 καὶ

311 2377 468 2445 κωμικοῖς,
502 2365 609 2432 αἵτε
636 2367 794 2447 γραφαὶ
828 2369 895 2431 οὐκ
921 2367 1065 2447 ἔχουσι
1090 2368 1129 2432 τὸ
1154 2375 1167 2432 1
1193 2367 1495 2448 προσκείμενον.

309 2474 401 2558 Erat,
434 2474 597 2550 atrides,
626 2472 793 2552 παράδοσις
817 2472 972 2556 quaedam
994 2494 1050 2558 per
1073 2476 1357 2560 grammaticorum
1382 2494 1497 2540 manus

309 2581 342 2644 in
374 2578 466 2644 libris
489 2577 528 2644 ad
551 2587 691 2643 nostram
714 2581 902 2643 memoriam
926 2584 1100 2665 propagata
1124 2579 1161 2642 uri
1185 2585 1218 2644 ct
1239 2578 1309 2660 σφώ
1334 2600 1400 2644 esse
1423 2584 1498 2646 scri-

308 2684 465 2761 bendum,
490 2704 552 2749 non
575 2681 612 2764 νῴ
635 2690 667 2749 et
690 2684 769 2766 σφῴ.
818 2683 922 2764 Quam
945 2684 1112 2762 παράδοσιν
1136 2686 1164 2749 si
1185 2687 1266 2750 ratio
1290 2689 1322 2750 et
1350 2685 1498 2774 analogia

307 2791 503 2877 redarguunt
526 2794 596 2855 tuto
620 2788 725 2855 valere
747 2789 882 2854 iubebis.
930 2786 1090 2855 Consensn
1114 2810 1223 2855 omnes
1246 2797 1422 2878 agnoscunt
1441 2791 1497 2854 ctr-

309 2896 403 2964 ruuci
421 2916 490 2961 non·
504 2894 596 2960 aliter
614 2915 711 2980 qnam
731 2896 785 2975 νῷν
805 2899 838 2960 ct
856 2895 943 2975 σφῷν
967 2916 1034 2960 esse
1057 2895 1277 2974 scribendum,
1302 2916 1383 2980 quaa
1405 2901 1497 2973 sunt,

310 3000 419 3084 oredo,
444 3021 483 3064 er
505 2998 685 3065 Homericis
708 3003 774 3065 νῶϊν
797 3005 830 3065 et
853 3003 951 3081 σφῶϊν
976 3007 1144 3066 contracta.
1189 3001 1280 3081 Quod
1303 3006 1413 3067 autem
1433 3001 1498 3067 He

309 3107 457 3174 rodionus
481 3111 636 3172 asseverat
662 3109 713 3171 νῶϊ
734 3111 767 3170 et
790 3106 846 3182 νώ,
872 3108 954 3185 σφῶϊ
977 3109 1009 3170 et
1028 3105 1099 3183 σφώ
1119 3106 1239 3170 dicem
1259 3127 1325 3172 esse
1343 3106 1499 3173 vocabula

310 3216 381 3301 quis
412 3214 492 3278 serio
522 3208 648 3276 credet?
695 3209 785 3290 Quod
812 3211 899 3276 idem
922 3210 1000 3275 alibi
1023 3210 1102 3275 dicit
1124 3213 1193 3292 σφώ
1218 3232 1285 3277 esse
1308 3220 1364 3286 τῆς
1396 3215 1500 3293 σφῶϊ

311 3319 470 3393 αποκοπήν
502 3319 573 3403 quis
595 3322 642 3382 est
664 3317 758 3382 hodio
780 3319 836 3401 qui
859 3336 1050 3401 concoquere
1072 3313 1193 3401 possit?
1238 3317 1337 3382 Hrant
1364 3317 1441 3384 olim
1464 3319 1498 3382 in

312 3427 389 3492 artis
423 3423 557 3490 infantia
593 3423 669 3488 haec
702 3424 929 3510 magistrorum
960 3420 1064 3487 veluti
1095 3442 1264 3508 puerorum
1301 3423 1435 3500 παίγνια
1466 3428 1498 3489 et

309 3532 466 3602 ludibria.
499 3529 663 3604 οὶποιιοπιὶ,
697 3529 903 3607 ἀντίφρασισ,
937 3527 1144 3603 οέντίππωσις,
1179 3527 1342 3605 ἕναλλαγιὶ
1362 3529 1497 3612 cencris,

312 3637 445 3719 numeri,
468 3635 617 3718 imperia,
641 3633 724 3698 unde
746 3631 805 3698 illa
828 3632 906 3698 olim
926 3631 1091 3698 decantata
1108 3633 1274 3714 οιόιριιίονίσ
1284 3657 1344 3717 pro
1363 3633 1498 3717 plurali,

305 3764 449 3830 praesens
467 3762 523 3823 ροο
536 3740 671 3824 futuro,
696 3740 769 3804 sim.
789 3759 869 3823 quae
885 3760 969 3803 nunc
991 3738 1043 3803 vel
1063 3759 1081 3802 a
1102 3737 1273 3826 Theologis
1293 3739 1500 3804 fastidiuntur

313 3872 349 3916 ae
380 3847 572 3913 deridentur.
619 3843 703 3926 Quid
726 3846 829 3932 igitur
852 3845 990 3930 impedit
1013 3849 1051 3909 nt
1074 3845 1224 3911 suadente
1247 3848 1368 3911 ratione
1390 3850 1423 3911 ot
1445 3846 1499 3911 ad·

313 3954 487 4041 stipulante
517 3952 663 4040 analogia
695 3955 874 4016 statuamus
903 3950 1173 4037 quemadmodum
1206 3951 1260 4031 νῷν
1290 3957 1322 4016 et
1351 3953 1438 4033 σφῷν
1461 3973 1500 4018 ax

313 4065 381 4128 νῶϊν
404 4065 435 4125 et
459 4063 555 4138 σφῶϊν
580 4063 735 4145 prognata
757 4062 845 4133 sunt,
870 4058 915 4121 sic
939 4077 978 4121 ex
1000 4058 1053 4120 νῶϊ
1075 4061 1107 4120 et
1131 4058 1215 4135 σφῶϊ
1236 4059 1303 4121 iam
1327 4058 1412 4142 apud
1434 4055 1500 4122 Ho-

313 4185 438 4232 merum
472 4159 510 4242 νῴ
532 4167 564 4226 et
587 4161 656 4244 σφῴ
680 4181 746 4227 esse
769 4159 855 4226 orta?
901 4158 1118 4227 Acccntusne?
1141 4168 1174 4226 at
1198 4159 1260 4242 πρῴ
1285 4183 1324 4227 ex
1348 4165 1426 4240 πρῶϊ
1447 4182 1500 4227 na·

316 4279 386 4337 tum
417 4288 510 4333 nemo
540 4275 654 4356 negat,
687 4273 718 4332 et
748 4268 849 4347 Τρῳάς
877 4289 915 4333 ex
938 4268 1050 4346 Τρώϊοι
1066 4265 1142 4333 ‘fieri
1165 4268 1204 4333 ab
1228 4269 1297 4353 ipso
1320 4265 1501 4333 Herodiano

317 4375 488 4441 didicimus
510 4375 544 4437 in
567 4373 724 4439 Mnemos.
752 4371 847 4442 1873.
873 4393 946 4460 pag.
973 4372 1024 4436 55.
1061 4371 1174 4438 Restat
1196 4375 1299 4461 igitur
1321 4373 1388 4439 sola
1405 4373 1502 4438 libro·

317 4501 389 4548 rum
412 4483 559 4546 veterum
582 4477 675 4544 fides:
702 4481 718 4554 ἡ
742 4478 910 4560 παράδοσις
934 4479 987 4542 οὐκ
1011 4476 1079 4558 ἔχει
1103 4480 1137 4543 rb
1161 4487 1175 4542 1
1196 4479 1381 4558 ἐγκείμενον.
1418 4478 1502 4560 Quid
