3358 5200
877 369 921 443 62

307 565 392 633 unde
412 568 538 635 inveota
556 568 622 634 sint
640 567 737 634 verba
756 561 835 638 ὄντας
857 563 945 646 ἔχει,
967 565 1022 630 aad
1040 566 1100 632 hoo
1119 567 1184 632 seio
1206 569 1270 634 nisi
1288 589 1325 636 ea
1344 570 1506 637 deleveris

306 674 345 740 de
379 676 535 740 sententia
565 673 644 739 dieti
674 674 740 739 fore
771 676 890 738 aetum.
938 669 1197 752 Περιεργιίξεείαι
1227 675 1306 759 quid
1336 678 1379 742 sit
1403 697 1502 742 nemo

304 781 432 868 ignorat
463 785 496 845 at
523 778 606 844 nihil
637 781 744 845 minus
775 783 823 843 est
852 797 949 862 quam
979 778 1047 864 quis
1074 779 1114 842 eit
1136 802 1236 843 rerem
1258 787 1354 846 είαίαε
1376 783 1503 848 curiose

308 887 428 951 rimari.
474 885 553 951 Erat
583 885 828 950 Atheniensium
858 882 1016 963 περιεργία
1041 883 1203 968 aliquanto
1229 887 1323 950 sociis
1346 891 1377 950 et
1400 884 1503 952 Grae-

306 992 372 1056 oiae
403 989 577 1056 molestior.
624 987 812 1075 imperitare
840 988 990 1054 omnibus
1019 995 1051 1054 et
1079 990 1228 1055 omnibus
1250 992 1322 1056 iura
1344 989 1416 1058 dare
1440 993 1499 1073 (τὰ

302 1096 409 1161 δίκαια
433 1095 552 1180 ίρίζειν)
576 1093 796 1182 postulabant,
820 1097 991 1161 utstatim
1015 1094 1128 1162 Orator
1150 1095 1283 1162 eddidit.

348 1308 429 1396 Pag.
463 1305 540 1372 168.
573 1307 627 1373 ll.
658 1306 901 1388 rusteinstein
926 1305 1161 1386 limitelimite
1188 1345 1228 1356 --
1252 1307 1307 1382 τίρν
1330 1308 1365 1384 dl
1389 1313 1502 1374 ταῦτα

303 1413 554 1480 ίτυττεύταυσαν
587 1413 639 1478 καί
670 1411 873 1493 Φυλύξυυταν
904 1413 1034 1491 δύναμιν
1064 1414 1135 1480 αύτε
1165 1414 1395 1480 κατεσκεύασθε
1426 1415 1502 1482 αύτε

305 1519 587 1600 κατατεευύζετίε.
636 1518 769 1605 Aliquid
791 1519 845 1584 hio
867 1523 1003 1586 monstri
1025 1519 1133 1586 alitur.
1178 1517 1216 1584 In
1239 1520 1331 1586 libris
1354 1525 1419 1585 est:

647 1625 703 1699 τίρν
727 1624 887 1692 δὲταῦτα
912 1625 1225 1708 ἕφεδρεύαυααν

911 1731 1224 1812 ίφεδρεύαυνεαν

916 1837 970 1919 ἐφ
983 1837 1028 1902 ot
1040 1837 1231 1902 εύυνταν

919 1942 1232 2025 ε’φρδεύτυυααν

915 2048 1233 2115 ἔτυπτεύτνυταν.

348 2154 385 2220 In
407 2154 431 2222 S
454 2155 574 2244 legitur
596 2154 672 2222 folio
697 2154 773 2220 515.
799 2175 830 2220 v.

668 2261 724 2335 τίιν
746 2260 778 2325 δὲ
800 2258 894 2326 ταῦτ’
918 2261 1123 2344 ἐφεδεύαυτιιν

668 2367 720 2432 καί
745 2365 948 2449 φυλαίξυνταν
972 2367 1101 2446 δύναμιν
1138 2421 1140 2428 .

305 2477 459 2540 corrector
494 2495 508 2554 ρ
543 2472 667 2538 addidit
702 2478 740 2538 ut
773 2479 855 2539 esset
890 2474 1110 2556 loripedem
1140 2479 1174 2540 at
1202 2477 1237 2539 in
1266 2475 1413 2562 margine
1443 2498 1500 2553 γρ.

304 2579 533 2644 ἐταττεύυυτιιν
556 2577 692 2644 solemni
714 2599 816 2645 errore
839 2600 896 2665 pro
919 2581 1185 2646 inosrsdcoooav.

350 2684 434 2766 Quid
465 2690 514 2750 est
543 2685 578 2748 in
602 2684 653 2750 his
675 2681 765 2750 veri?
788 2686 966 2751 ἐποπτεύειν
990 2708 1010 2752 a
1032 2686 1091 2752 tali
1113 2709 1147 2753 re
1169 2687 1403 2754 alienissimum
1426 2693 1497 2765 est,

302 2792 358 2858 sed
381 2791 466 2876 qnod
487 2795 536 2856 est
558 2793 593 2854 in
616 2787 639 2855 S
662 2811 681 2856 a
703 2792 808 2878 prima
830 2811 929 2858 manu
951 2793 1170 2875 ἐφεδεύιυσαν
1190 2814 1255 2859 una
1272 2791 1403 2858 literula
1420 2813 1498 2858 mu-

302 2904 370 2964 tata
399 2902 432 2963 et
460 2899 619 2983 praesenti
648 2902 791 2983 tempore
819 2901 854 2962 in
884 2897 1031 2964 futurum
1054 2919 1203 2965 converso
1226 2900 1403 2986 genuinum
1424 2917 1497 2964 esse

302 3004 438 3070 arbitror
464 3003 713 3084 ίφοδεύααυεαν.
747 3003 922 3083 Ἐφαίεύειν
945 3007 1070 3090 propria
1095 3005 1244 3070 dicuntur
1267 3007 1322 3090 qui
1345 3025 1409 3068 ενινι
1432 3009 1496 3070 tie-

303 3109 469 3173 tinnabula
496 3109 619 3190 υίρίίίαι
649 3113 847 3173 circumeunt.-
879 3109 1021 3174 diximus
1054 3109 1177 3194 aliquid
1207 3111 1246 3176 da
1278 3131 1314 3175 eo
1336 3110 1432 3176 verbo
1456 3113 1496 3176 in

303 3216 446 3280 Mnemoe.
472 3211 570 3279 1875.
594 3235 666 3301 pag.
693 3211 769 3278 296.
795 3219 828 3278 et
846 3219 922 3280 nota
940 3235 990 3279 res
1008 3220 1065 3280 est.
1114 3215 1223 3301 Itaque
1244 3219 1261 3291 ιί
1282 3216 1494 3298 ἕφοδεύαιυεα

302 3320 431 3400 δύναμις
447 3323 555 3407 copiae
567 3325 659 3394 sunt,
673 3339 753 3404 quae
765 3321 864 3385 socios
876 3325 908 3384 et
920 3323 1039 3386 amieos
1050 3341 1160 3386 omnes
1172 3321 1280 3387 ordine
1290 3325 1495 3387 eireumeunt

301 3433 334 3495 et
354 3430 400 3493 sie
417 3429 452 3492 in
470 3425 572 3492 offioio
592 3427 762 3491 eontinent.
797 3425 949 3510 Imperare
967 3428 1079 3504 υιιίίίε,
1101 3429 1224 3513 inquit,
1244 3427 1298 3492 red
1306 3427 1404 3510 copiae
1415 3449 1496 3512 quoe

301 3535 512 3598 circumeuntes
533 3532 626 3596 aoeies
648 3531 682 3593 εἰν
705 3531 800 3614 officio
824 3532 993 3596 contineant
1015 3556 1107 3618 neque
1122 3541 1250 3618 ραναίαε
1267 3534 1381 3598 habetis
1398 3555 1495 3618 aeque

294 3640 425 3726 paratis.

345 3851 514 3938 Sequitur:
538 3852 613 3916 ἀλλ’
637 3850 688 3916 ἐπὶ
712 3857 831 3924 πολλῆς
855 3853 912 3929 μὲν
937 3853 1072 3933 ἡσυχίας
1097 3855 1148 3918 καί
1175 3852 1302 3932 ἐρημίας
1327 3851 1385 3940 (sio
1408 3852 1490 3941 leg.)

301 3959 383 4036 ὑμῶν
406 3960 420 4023 d
445 3956 663 4033 Μυτιληναίων
682 3957 776 4034 δῆμος
798 3958 1036 4038 καταλέλυται,
1058 3961 1107 4024 ε’τί
1128 3969 1247 4036 πολλῆς
1268 3959 1299 4024 δὲ
1322 3958 1488 4048 [ἡσυχίας]

299 4067 314 4130 ί
344 4066 472 4130 Ῥοδίων.
520 4063 611 4144 Quod
635 4066 670 4128 in
693 4064 842 4130 omnibus
863 4065 955 4130 libris
979 4071 1027 4131 est
1049 4067 1217 4143 ἘΡΗμίας
1241 4066 1280 4132 de
1303 4063 1394 4132 soioli
1416 4085 1492 4131 eon-

299 4173 421 4237 ieetura
443 4172 477 4234 in
500 4171 627 4248 ἠρεμίας
646 4175 811 4236 mutatum
832 4176 889 4238 est.
925 4171 1053 4238 Nollem
1072 4172 1204 4238 factum.
1241 4174 1383 4251 Ἠρεμεῖν
1401 4171 1493 4238 idem

300 4284 349 4342 est
378 4276 463 4360 quod
492 4277 537 4351 ut
569 4279 713 4342 κινεῖσθαι
737 4279 879 4362 proprie,
903 4299 965 4344 non
989 4276 1144 4366 figurate,
1167 4284 1205 4344 ut
1228 4280 1242 4343 ί
1266 4276 1358 4350 tem
1383 4280 1497 4356 ύιεριεΐ

298 4389 359 4448 etat
390 4381 565 4457 immobilis,
597 4403 678 4470 quaa
708 4385 795 4448 notio
826 4386 861 4446 in
886 4383 971 4450 huno
993 4383 1101 4450 looum
1124 4405 1187 4450 non
1210 4385 1304 4451 eadit.
1352 4385 1491 4464 Ἐρνμία

299 4509 392 4587 seepe
415 4487 499 4584 apud
520 4487 769 4554 Demosthenem
794 4489 912 4555 dieitur
934 4511 1034 4584 quum
1057 4513 1138 4558 νιενιυ
1164 4492 1247 4566 adut
1264 4490 1317 4581 qai
1326 4492 1494 4574 prohibere
