3410 5180
744 335 808 408 487

185 527 249 598 cles
276 532 345 617 ipss
374 530 524 610 βέβηκε,
549 552 624 597 nam
646 550 755 596 sensus
778 533 826 595 est
848 528 968 597 δέδοικα
992 531 1036 608 μή
1059 529 1235 605 τέόνηκΕΝ.
1282 526 1372 596 Haeo

184 640 291 703 omnia
322 637 362 703 ad
389 638 521 704 eandem
545 637 726 726 analogiam
750 635 886 702 formata
909 639 1000 701 sunt:
1024 635 1208 718 φοβοῦμαι,
1232 634 1369 714 δέδοικα,

186 741 366 822 ἐξεπλάγην
389 745 433 821 μή
466 765 541 809 cum
561 744 699 828 perfecto
730 741 915 820 ἠμάρτηκα,
947 740 1160 821 ἐντετύχηκα,
1194 740 1369 820 διάκειμαι,

186 849 339 928 ἐξέςηκα,
358 849 494 925 λέληόα,
520 849 657 928 βέβηκα.
687 847 814 918 ‚uadem
839 847 1067 932 compositione
1086 867 1164 913 usus
1183 847 1373 917 Demosthe·

184 976 242 1022 nas
263 956 405 1022 dixerat:
428 954 548 1021 δέδοικα
570 956 614 1034 μή
635 991 676 1003 -
699 954 773 1033 ὑμῖν.
794 952 1041 1032 ἔμπετεοόηκΕΝ.

231 1207 311 1298 Pag.
336 1207 412 1275 343.
437 1208 469 1275 9.
494 1209 508 1274 ό
531 1210 583 1275 τόν
606 1205 696 1288 νόμον
716 1208 807 1281 τιθεὶς
831 1245 873 1256 -
893 1206 1001 1280 άτιλάς
1025 1203 1093 1273 εἴτε
1115 1207 1266 1286 μηδαμῶς
1296 1205 1375 1287 δῶρα

187 1314 383 1392 λαμβάνειν,
419 1315 586 1393 ἠγοόμενος
608 1353 650 1364 -
670 1309 722 1380 τόν
755 1310 847 1390 άπαξ
881 1313 1026 1393 λαβόντα
1061 1314 1128 1398 [καὶ
1163 1313 1375 1396 διαφθαρέντα

188 1421 284 1485 ‘ruo
309 1419 496 1507 χρημάτων]
521 1421 587 1487 οὐδὲ
610 1420 712 1501 κριτήν
735 1416 780 1484 ἔτι
804 1426 863 1484 τῶν
882 1419 1099 1501 συμφερόντων
1118 1421 1255 1502 άτφαλή
1275 1418 1375 1496 μένειν

187 1535 225 1608 τή
260 1527 360 1592 πόλει.
408 1525 520 1594 Nonne
543 1529 621 1593 satis
644 1530 711 1592 erat
736 1526 839 1592 dicere
863 1529 914 1592 τὸν
938 1524 1030 1602 άταξ
1052 1523 1218 1605 λαβόνταή
1262 1523 1377 1592 Nonne

187 1635 233 1698 sic
261 1633 373 1718 putide
403 1633 454 1698 bis
484 1633 571 1699 idem
602 1632 721 1698 dieitur
751 1634 819 1697 sine
848 1631 916 1698 ullo
947 1632 1121 1698 sententiae
1146 1637 1202 1697 aut
1225 1633 1376 1699 orationis

188 1736 423 1804 emolumento?
468 1739 579 1825 Neque
602 1740 688 1804 enim
712 1740 887 1804 sententiae
909 1740 961 1804 ris
980 1743 1134 1824 augetur,
1154 1759 1255 1824 neque
1274 1739 1375 1804 oratio

187 1844 317 1932 gravior
348 1849 380 1909 et
409 1847 607 1910 numerosior
638 1844 754 1910 accidit
777 1843 816 1909 ad
840 1863 940 1909 aures.
988 1843 1155 1910 Praeterea
1178 1846 1283 1910 estin
1304 1864 1375 1910 rer·

187 1949 237 2014 bis
267 1951 396 2015 vitium.
445 1949 528 2029 Quid
558 1952 601 2015 sit
630 1951 773 2030 χρήμαοι
809 1949 1013 2030 διαφθαρῆναι
1050 1949 1285 2038 intelligimus,
1321 1949 1376 2015 aad

189 2056 246 2120 ὑπό
275 2052 446 2135 χρημάτων
476 2075 539 2121 non
569 2058 661 2121 item.
708 2055 846 2122 Romani
877 2056 1037 2138 όαιρόόίοαι
1071 2056 1373 2142 corrumpebantur,

188 2161 242 2227 sed
265 2161 301 2224 οό
324 2160 483 2241 όοιρὶόάοαα
504 2181 599 2227 nemo
621 2181 778 2246 umquam
802 2167 969 2247 corruptus
993 2167 1052 2228 esi.

232 2265 354 2332 Eadem
378 2269 426 2330 est
449 2269 531 2332 ratio
554 2266 617 2332 loci
639 2287 713 2354 pag.
736 2264 813 2332 344.
838 2266 891 2332 15:
911 2265 1025 2345 διεξιὼν
1045 2267 1141 2342 ἠλέκα
1159 2269 1215 2343 τήν
1231 2255 1378 2332 Ἐλλάδα

188 2375 295 2438 πάσαν
314 2409 356 2421 -
377 2372 529 2437 άδικοῦτιν
561 2373 587 2436 ol
618 2371 843 2452 δωροδοκοῦντες
871 2373 938 2456 [καὶ
960 2374 1117 2454 χρήματα
1140 2371 1376 2457 λαμβάνοντες]

188 2479 283 2559 παρά
299 2478 466 2544 Φιλέτοιοο.
512 2477 598 2543 Nata
620 2484 695 2544 sunt
716 2477 838 2544 insulsa
859 2479 937 2546 haec
959 2479 1154 2546 emblemata
1170 2500 1271 2566 quum
1290 2479 1376 2560 δωρο-

187 2584 284 2649 δοκεῖν
311 2583 412 2671 rulgo
444 2583 602 2650 (liceretur
631 2605 687 2670 pro
720 2584 858 2668 δεκάζειν
889 2586 942 2650 καὶ
967 2585 1045 2666 δῶρα
1068 2585 1191 2652 διδόναι.
1239 2584 1377 2651 videet

187 2709 282 2775 supra
305 2689 345 2755 ad
367 2710 442 2777 pag.
466 2688 544 2756 241.
573 2689 604 2755 1.

232 2929 312 3019 Pag.
350 2927 426 2995 343.
461 2928 515 2996 23.
552 2931 607 3008 ε’μέ
640 2931 698 3009 μὲν
728 2935 852 3012 φαῦλον
884 2932 1037 3018 ἠγεΐοόε,Ι
1057 2935 1164 2995 τοῦτον
1198 2927 1230 2996 δέ
1258 2929 1373 3014 άφετε.

188 3037 280 3102 scrib.
311 3034 444 3117 άφόετε,
476 3039 508 3102 et
538 3037 577 3103 ob
606 3037 795 3122 praecedens
820 3038 945 3115 ἠνεῖοόε
969 3042 1001 3103 et
1022 3057 1063 3128 ne
1084 3037 1119 3101 in
1142 3038 1232 3102 exilu
1253 3035 1376 3121 periodi
1513 3051 1515 3058 ’

188 3146 323 3230 quatuor
346 3141 457 3208 breves
480 3147 678 3208 concurrant.

232 3381 313 3471 Pag.
337 3379 414 3449 347.
440 3380 471 3450 7.
497 3383 522 3448 ci
547 3379 610 3462 άρα
632 3382 831 3462 όμΦΙοβήτει
856 3382 901 3459 μή
925 3382 1023 3456 άληόή
1047 3379 1152 3459 λέγειν
1171 3379 1238 3458 ἐμὲ.
1275 3381 1377 3447 Attici

188 3493 366 3556 constanter
404 3488 551 3555 dicebant
587 3489 840 3569 ἠμΦΕσβήτουν,
876 3493 914 3552 ul
949 3486 1149 3567 ἠντιβόλουν,
1186 3487 1377 3568 ἠντεδόκουν,

188 3591 401 3676 ἠμφεγνόουν,
432 3613 512 3679 quas
546 3597 654 3660 omnia
681 3595 835 3660 ascribis
855 3596 1038 3660 vitiantur:
1069 3593 1181 3660 Aelius
1203 3591 1377 3681 Dionysius

187 3699 272 3785 apud
295 3698 451 3766 Pbolium
472 3720 505 3765 v.
536 3700 751 3781 Ἠνεόχετο
777 3699 829 3764 καὶ
855 3699 1031 3779 ἠνώχλει
1055 3699 1109 3764 καὶ
1134 3698 1299 3773 ἠκηκόει
1322 3699 1376 3766 καὶ

189 3804 405 3883 ἠντιβόλει
434 3804 528 3870 κοινόν
550 3807 610 3869 τῶν
632 3808 782 3871 Ἀττικῶν
804 3805 936 3884 ἰδίωμα,
957 3827 996 3872 ne
1015 3827 1099 3872 nune
1118 3799 1248 3900 quidem
1268 3827 1377 3893 peper-

187 3921 298 3977 cerunt
321 3911 440 3977 formae
472 3908 665 3989 ἠντεβόλει,
688 3913 727 3978 de
757 3932 820 3997 qua
841 3911 1050 3978 manifestum
1071 3907 1206 3992 esiTrir
1216 3913 1377 3990 άττικιςήν

191 4017 304 4082 dicere.
351 4013 534 4082 Dindorlius
565 4016 683 4082 formas
712 4018 836 4084 Atticas
864 4017 1065 4098 ἠμφεσβήτει
1094 4021 1127 4082 et
1149 4016 1379 4098 όνΦεοβητήόη

188 4143 207 4189 a
236 4119 352 4188 Codice
386 4119 409 4185 S
441 4119 563 4187 oblatas
584 4125 703 4208 recepit
725 4142 801 4209 pag.
827 4121 903 4188 886.
931 4121 962 4187 9.
987 4127 1019 4188 et
1043 4118 1119 4186 986.
1145 4119 1200 4186 29.
1224 4127 1256 4188 et
1280 4121 1378 4192 1175.

189 4227 250 4300 25.
282 4226 337 4292 sed
366 4246 468 4312 nsque
499 4229 534 4292 in
562 4226 622 4292 hac
652 4249 686 4294 re
717 4249 819 4314 neque
846 4231 881 4294 in
904 4227 1121 4314 compluribus
1142 4227 1214 4292 aliis
1237 4231 1395 4298 eiusdem

187 4334 314 4424 generis
345 4335 491 4418 sequitur
521 4331 702 4422 analogiam
731 4340 763 4400 et
786 4334 886 4401 semel
909 4341 1068 4420 repertam
1092 4339 1233 4400 veterem
1256 4325 1385 4424 dicendi

188 4437 451 4506 consuetudinem
474 4439 599 4524 reponit
622 4439 724 4504 sicubi
747 4440 782 4504 in
805 4439 898 4505 libris
920 4449 960 4524 sp
985 4439 1126 4524 ουνηέεέα
1148 4439 1217 4507 loco
1241 4445 1343 4511 cessit.
