<?xml version="1.0" encoding="UTF-8"?>
<!DOCTYPE html PUBLIC "-//W3C//DTD XHTML 1.0 Transitional//EN"
    "http://www.w3.org/TR/xhtml1/DTD/xhtml1-transitional.dtd">
<html xmlns="http://www.w3.org/1999/xhtml" xml:lang="en" lang="en">
 <head>
  <title>
</title>
<meta http-equiv="Content-Type" content="text/html;charset=utf-8" />
  <meta name='ocr-system' content='tesseract 3.04.00' />
  <meta name='ocr-capabilities' content='ocr_page ocr_carea ocr_par ocr_line ocrx_word'/>
</head>
<body>
  <div class='ocr_page' id='page_1' title='image "./miscellaneacrit01cobegoog_0312.png"; bbox 0 0 3404 5192; ppageno 0'>
   <div class='ocr_carea' id='block_1_1' title="bbox 763 379 830 450">
    <p class='ocr_par' dir='ltr' id='par_1_1' title="bbox 763 379 830 450">
     <span class='ocr_line' id='line_1_1' title="bbox 763 379 830 450; baseline 0 0"><span class='ocrx_word' id='word_1_1' title='bbox 763 379 830 450; x_wconf 71' lang='lat'>287</span> 
     </span>
    </p>
   </div>
   <div class='ocr_carea' id='block_1_2' title="bbox 203 565 1406 1493">
    <p class='ocr_par' dir='ltr' id='par_1_2' title="bbox 203 565 1406 1493">
     <span class='ocr_line' id='line_1_2' title="bbox 203 565 1389 659; baseline 0 -23"><span class='ocrx_word' id='word_1_2' title='bbox 203 572 302 636; x_wconf 83' lang='lat' dir='ltr'>etiam</span> <span class='ocrx_word' id='word_1_3' title='bbox 333 590 372 634; x_wconf 89' lang='lat' dir='ltr'>ex</span> <span class='ocrx_word' id='word_1_4' title='bbox 404 567 533 654; x_wconf 77' lang='lat' dir='ltr'>ingenio</span> <span class='ocrx_word' id='word_1_5' title='bbox 562 569 598 632; x_wconf 91' lang='lat' dir='ltr'>in</span> <span class='ocrx_word' id='word_1_6' title='bbox 626 565 724 633; x_wconf 86' lang='lat' dir='ltr'>aliam</span> <span class='ocrx_word' id='word_1_7' title='bbox 754 571 941 634; x_wconf 81' lang='lat' dir='ltr'>mutaverit.</span> <span class='ocrx_word' id='word_1_8' title='bbox 987 571 1030 634; x_wconf 88' lang='lat' dir='ltr'>At</span> <span class='ocrx_word' id='word_1_9' title='bbox 1053 593 1137 638; x_wconf 90' lang='lat' dir='ltr'>nnnc</span> <span class='ocrx_word' id='word_1_10' title='bbox 1161 573 1291 659; x_wconf 88' lang='lat' dir='ltr'>quidem</span> <span class='ocrx_word' id='word_1_11' title='bbox 1312 587 1389 636; x_wconf 85' lang='lat' dir='ltr'>eum</span> 
     </span>
     <span class='ocr_line' id='line_1_3' title="bbox 203 671 1390 764; baseline 0.003 -27"><span class='ocrx_word' id='word_1_12' title='bbox 203 676 284 738; x_wconf 88' lang='lat' dir='ltr'>ratio</span> <span class='ocrx_word' id='word_1_13' title='bbox 314 675 408 762; x_wconf 84' lang='lat' dir='ltr'>fugit.</span> <span class='ocrx_word' id='word_1_14' title='bbox 457 672 540 753; x_wconf 81' lang='lat' dir='ltr'>Quid</span> <span class='ocrx_word' id='word_1_15' title='bbox 572 675 614 737; x_wconf 89' lang='lat' dir='ltr'>sit</span> <span class='ocrx_word' id='word_1_16' title='bbox 645 671 791 740; x_wconf 79' lang='lat' dir='ltr'>Hectoris</span> <span class='ocrx_word' id='word_1_17' title='bbox 822 677 951 760; x_wconf 83' lang='lat' dir='ltr'>ingenio</span> <span class='ocrx_word' id='word_1_18' title='bbox 982 679 1086 764; x_wconf 81' lang='lat' dir='ltr'>magis</span> <span class='ocrx_word' id='word_1_19' title='bbox 1117 677 1390 743; x_wconf 85' lang='lat' dir='ltr'>accommodatum</span> 
     </span>
     <span class='ocr_line' id='line_1_4' title="bbox 205 773 1406 866; baseline 0.002 -24"><span class='ocrx_word' id='word_1_20' title='bbox 205 781 335 862; x_wconf 80' lang='grc' dir='ltr'><strong><em>(σίκεῖον)</em></strong></span> <span class='ocrx_word' id='word_1_21' title='bbox 367 778 490 863; x_wconf 90' lang='lat' dir='ltr'>liquido</span> <span class='ocrx_word' id='word_1_22' title='bbox 521 776 644 842; x_wconf 86' lang='lat' dir='ltr'>definiri</span> <span class='ocrx_word' id='word_1_23' title='bbox 674 798 736 842; x_wconf 92' lang='lat' dir='ltr'>non</span> <span class='ocrx_word' id='word_1_24' title='bbox 768 785 887 862; x_wconf 89' lang='lat' dir='ltr'>potest:</span> <span class='ocrx_word' id='word_1_25' title='bbox 920 800 1015 844; x_wconf 89' lang='lat' dir='ltr'>sunm</span> <span class='ocrx_word' id='word_1_26' title='bbox 1046 785 1178 866; x_wconf 84' lang='lat' dir='ltr'>quisquc</span> <span class='ocrx_word' id='word_1_27' title='bbox 1209 786 1243 846; x_wconf 90' lang='lat' dir='ltr'>in</span> <span class='ocrx_word' id='word_1_28' title='bbox 1273 773 1406 846; x_wconf 84' lang='lat' dir='ltr'>talibus</span> 
     </span>
     <span class='ocr_line' id='line_1_5' title="bbox 204 884 1388 980; baseline 0.002 -32"><span class='ocrx_word' id='word_1_29' title='bbox 204 905 330 950; x_wconf 90' lang='lat' dir='ltr'>sensum</span> <span class='ocrx_word' id='word_1_30' title='bbox 363 886 523 967; x_wconf 88' lang='lat' dir='ltr'>sequitur,</span> <span class='ocrx_word' id='word_1_31' title='bbox 555 903 654 980; x_wconf 79' lang='lat' dir='ltr'>neque</span> <span class='ocrx_word' id='word_1_32' title='bbox 682 891 777 948; x_wconf 90' lang='lat' dir='ltr'>acuto</span> <span class='ocrx_word' id='word_1_33' title='bbox 799 884 922 949; x_wconf 89' lang='lat' dir='ltr'>homini</span> <span class='ocrx_word' id='word_1_34' title='bbox 946 906 1099 969; x_wconf 88' lang='lat' dir='ltr'>umquam</span> <span class='ocrx_word' id='word_1_35' title='bbox 1124 886 1248 952; x_wconf 84' lang='lat' dir='ltr'>deficiet</span> <span class='ocrx_word' id='word_1_36' title='bbox 1270 888 1388 960; x_wconf 89' lang='lat' dir='ltr'>oratio,</span> 
     </span>
     <span class='ocr_line' id='line_1_6' title="bbox 205 988 1391 1077; baseline 0.001 -24"><span class='ocrx_word' id='word_1_37' title='bbox 205 990 301 1054; x_wconf 90' lang='lat' dir='ltr'>donec</span> <span class='ocrx_word' id='word_1_38' title='bbox 333 1009 405 1052; x_wconf 85' lang='lat' dir='ltr'>cunr</span> <span class='ocrx_word' id='word_1_39' title='bbox 438 988 608 1074; x_wconf 85' lang='lat' dir='ltr'>redarguat</span> <span class='ocrx_word' id='word_1_40' title='bbox 639 991 759 1052; x_wconf 81' lang='lat' dir='ltr'>acutior</span> <span class='ocrx_word' id='word_1_41' title='bbox 790 989 878 1054; x_wconf 83' lang='lat' dir='ltr'>alter.</span> <span class='ocrx_word' id='word_1_42' title='bbox 926 990 1016 1055; x_wconf 89' lang='lat' dir='ltr'>Nihil</span> <span class='ocrx_word' id='word_1_43' title='bbox 1047 994 1092 1056; x_wconf 90' lang='lat' dir='ltr'>sic</span> <span class='ocrx_word' id='word_1_44' title='bbox 1122 991 1300 1077; x_wconf 87' lang='lat' dir='ltr'>proficitur:</span> <span class='ocrx_word' id='word_1_45' title='bbox 1337 990 1391 1054; x_wconf 87' lang='lat' dir='ltr'>sed</span> 
     </span>
     <span class='ocr_line' id='line_1_7' title="bbox 205 1094 1392 1180; baseline 0.001 -22"><span class='ocrx_word' id='word_1_46' title='bbox 205 1094 272 1159; x_wconf 85' lang='lat' dir='ltr'>sois</span> <span class='ocrx_word' id='word_1_47' title='bbox 295 1103 484 1180; x_wconf 80' lang='lat' dir='ltr'>argumenta</span> <span class='ocrx_word' id='word_1_48' title='bbox 507 1094 718 1179; x_wconf 83' lang='lat' dir='ltr'>grammatica</span> <span class='ocrx_word' id='word_1_49' title='bbox 743 1101 799 1157; x_wconf 83' lang='lat' dir='ltr'>aut</span> <span class='ocrx_word' id='word_1_50' title='bbox 822 1098 957 1160; x_wconf 87' lang='lat' dir='ltr'>metrica</span> <span class='ocrx_word' id='word_1_51' title='bbox 979 1117 1047 1160; x_wconf 87' lang='lat' dir='ltr'>rem</span> <span class='ocrx_word' id='word_1_52' title='bbox 1068 1103 1157 1162; x_wconf 82' lang='lat' dir='ltr'>extra</span> <span class='ocrx_word' id='word_1_53' title='bbox 1174 1117 1301 1162; x_wconf 90' lang='lat' dir='ltr'>omnem</span> <span class='ocrx_word' id='word_1_54' title='bbox 1322 1115 1392 1160; x_wconf 92' lang='lat' dir='ltr'>con·</span> 
     </span>
     <span class='ocr_line' id='line_1_8' title="bbox 205 1195 1391 1286; baseline 0.001 -24"><span class='ocrx_word' id='word_1_55' title='bbox 205 1201 391 1264; x_wconf 79' lang='lat' dir='ltr'>troversiam</span> <span class='ocrx_word' id='word_1_56' title='bbox 422 1203 553 1282; x_wconf 89' lang='lat' dir='ltr'>ponunt.</span> <span class='ocrx_word' id='word_1_57' title='bbox 596 1195 752 1276; x_wconf 81' lang='lat' dir='ltr'>Quoniam</span> <span class='ocrx_word' id='word_1_58' title='bbox 784 1201 817 1262; x_wconf 89' lang='lat' dir='ltr'>in</span> <span class='ocrx_word' id='word_1_59' title='bbox 848 1221 941 1264; x_wconf 79' lang='lat' dir='ltr'>versu</span> <span class='ocrx_word' id='word_1_60' title='bbox 963 1201 1088 1266; x_wconf 88' lang='lat' dir='ltr'>heroico</span> <span class='ocrx_word' id='word_1_61' title='bbox 1111 1200 1179 1266; x_wconf 87' lang='lat' dir='ltr'>fieri</span> <span class='ocrx_word' id='word_1_62' title='bbox 1201 1220 1263 1265; x_wconf 90' lang='lat' dir='ltr'>non</span> <span class='ocrx_word' id='word_1_63' title='bbox 1286 1207 1391 1286; x_wconf 87' lang='lat' dir='ltr'>potest</span> 
     </span>
     <span class='ocr_line' id='line_1_9' title="bbox 204 1303 1391 1389; baseline -0.002 -21"><span class='ocrx_word' id='word_1_64' title='bbox 204 1309 242 1368; x_wconf 89' lang='lat' dir='ltr'>ut</span> <span class='ocrx_word' id='word_1_65' title='bbox 272 1324 329 1389; x_wconf 92' lang='lat' dir='ltr'>pro</span> <span class='ocrx_word' id='word_1_66' title='bbox 360 1303 486 1388; x_wconf 80' lang='lat' dir='ltr'>dactylo</span> <span class='ocrx_word' id='word_1_67' title='bbox 510 1304 634 1365; x_wconf 81' lang='grc' dir='ltr'><strong><em>σνσιίσιισ</em></strong></span> <span class='ocrx_word' id='word_1_68' title='bbox 656 1303 884 1386; x_wconf 79' lang='lat' dir='ltr'>substituatur,</span> <span class='ocrx_word' id='word_1_69' title='bbox 908 1313 1031 1370; x_wconf 88' lang='lat' dir='ltr'>certum</span> <span class='ocrx_word' id='word_1_70' title='bbox 1056 1314 1105 1371; x_wconf 87' lang='lat' dir='ltr'>cst</span> <span class='ocrx_word' id='word_1_71' title='bbox 1127 1305 1261 1386; x_wconf 83' lang='grc' dir='ltr'><strong><em>ειίχομοιι</em></strong></span> <span class='ocrx_word' id='word_1_72' title='bbox 1286 1303 1391 1369; x_wconf 71' lang='lat' dir='ltr'>renard-</span> 
     </span>
     <span class='ocr_line' id='line_1_10' title="bbox 206 1405 1006 1493; baseline 0.004 -22"><span class='ocrx_word' id='word_1_73' title='bbox 206 1432 293 1484; x_wconf 75' lang='grc' dir='ltr'><strong><em>μενος</em></strong></span> <span class='ocrx_word' id='word_1_74' title='bbox 318 1407 509 1491; x_wconf 89' lang='lat' dir='ltr'>abantiquo</span> <span class='ocrx_word' id='word_1_75' title='bbox 533 1415 658 1472; x_wconf 86' lang='lat' dir='ltr'>cantore</span> <span class='ocrx_word' id='word_1_76' title='bbox 682 1405 746 1472; x_wconf 91' lang='lat' dir='ltr'>dici</span> <span class='ocrx_word' id='word_1_77' title='bbox 768 1427 830 1472; x_wconf 92' lang='lat' dir='ltr'>non</span> <span class='ocrx_word' id='word_1_78' title='bbox 853 1411 1006 1493; x_wconf 89' lang='lat' dir='ltr'>potuisse.</span> 
     </span>
    </p>
   </div>
   <div class='ocr_carea' id='block_1_3' title="bbox 203 1613 1394 2539">
    <p class='ocr_par' dir='ltr' id='par_1_3' title="bbox 203 1613 1394 2539">
     <span class='ocr_line' id='line_1_11' title="bbox 251 1613 558 1682; baseline -0.01 -2"><span class='ocrx_word' id='word_1_79' title='bbox 251 1616 287 1680; x_wconf 87' lang='lat' dir='ltr'>In</span> <span class='ocrx_word' id='word_1_80' title='bbox 310 1615 399 1682; x_wconf 88' lang='lat' dir='ltr'>liiad.</span> <span class='ocrx_word' id='word_1_81' title='bbox 425 1625 457 1681; x_wconf 85' lang='grc' dir='ltr'>Ξ.</span> <span class='ocrx_word' id='word_1_82' title='bbox 482 1613 558 1680; x_wconf 80' lang='lat'><strong>235.</strong></span> 
     </span>
     <span class='ocr_line' id='line_1_12' title="bbox 410 1718 1149 1799; baseline 0.005 -16"><span class='ocrx_word' id='word_1_83' title='bbox 410 1720 471 1796; x_wconf 77' lang='grc' dir='ltr'><strong><em>ε’χὼ</em></strong></span> <span class='ocrx_word' id='word_1_84' title='bbox 495 1718 528 1785; x_wconf 79' lang='grc' dir='ltr'><strong><em>δέ</em></strong></span> <span class='ocrx_word' id='word_1_85' title='bbox 550 1719 584 1782; x_wconf 92' lang='grc' dir='ltr'><strong><em>κέ</em></strong></span> <span class='ocrx_word' id='word_1_86' title='bbox 607 1741 652 1783; x_wconf 84' lang='grc' dir='ltr'><strong><em>σοι</em></strong></span> <span class='ocrx_word' id='word_1_87' title='bbox 676 1718 754 1784; x_wconf 70' lang='lat' dir='ltr'>reida</span> <span class='ocrx_word' id='word_1_88' title='bbox 778 1719 871 1799; x_wconf 97' lang='grc' dir='ltr'><strong><em>χάριν</em></strong></span> <span class='ocrx_word' id='word_1_89' title='bbox 895 1723 1005 1797; x_wconf 76' lang='grc' dir='ltr'><strong><em>ἤρεσσον</em></strong></span> <span class='ocrx_word' id='word_1_90' title='bbox 1030 1721 1149 1787; x_wconf 75' lang='grc' dir='ltr'><strong><em>πάντα.</em></strong></span> 
     </span>
     <span class='ocr_line' id='line_1_13' title="bbox 205 1824 1389 1907; baseline -0.001 -15"><span class='ocrx_word' id='word_1_91' title='bbox 205 1831 388 1893; x_wconf 83' lang='lat' dir='ltr'>annotatur:</span> <span class='ocrx_word' id='word_1_92' title='bbox 411 1824 596 1904; x_wconf 76' lang='grc' dir='ltr'><strong><em>Ἀ’ρίςσιρχσς</em></strong></span> <span class='ocrx_word' id='word_1_93' title='bbox 623 1825 736 1905; x_wconf 92' lang='grc' dir='ltr'><strong><em>χάριν</em></strong></span> <span class='ocrx_word' id='word_1_94' title='bbox 764 1824 885 1889; x_wconf 75' lang='grc' dir='ltr'><strong><em>εἰδέωτ</em></strong></span> <span class='ocrx_word' id='word_1_95' title='bbox 919 1828 951 1890; x_wconf 80' lang='lat' dir='ltr'>ai</span> <span class='ocrx_word' id='word_1_96' title='bbox 974 1826 1005 1890; x_wconf 72' lang='grc' dir='ltr'>δὲ</span> <span class='ocrx_word' id='word_1_97' title='bbox 1025 1827 1169 1900; x_wconf 66' lang='lat' dir='ltr'>inachiae</span> <span class='ocrx_word' id='word_1_98' title='bbox 1199 1828 1301 1893; x_wconf 81' lang='grc' dir='ltr'><strong><em>εἰδέω</em></strong></span> <span class='ocrx_word' id='word_1_99' title='bbox 1324 1825 1389 1907; x_wconf 88' lang='grc' dir='ltr'>χά·</span> 
     </span>
     <span class='ocr_line' id='line_1_14' title="bbox 204 1929 1390 2015; baseline 0.002 -23"><span class='ocrx_word' id='word_1_100' title='bbox 204 1954 271 2010; x_wconf 91' lang='grc' dir='ltr'><strong><em>ριν.</em></strong></span> <span class='ocrx_word' id='word_1_101' title='bbox 308 1929 407 1994; x_wconf 81' lang='lat' dir='ltr'><strong>Unice</strong></span> <span class='ocrx_word' id='word_1_102' title='bbox 426 1951 500 1994; x_wconf 86' lang='lat' dir='ltr'>vcra</span> <span class='ocrx_word' id='word_1_103' title='bbox 517 1937 565 1994; x_wconf 89' lang='lat' dir='ltr'>est</span> <span class='ocrx_word' id='word_1_104' title='bbox 584 1937 640 1992; x_wconf 84' lang='grc' dir='ltr'>τῶν</span> <span class='ocrx_word' id='word_1_105' title='bbox 661 1929 801 2004; x_wconf 66' lang='lat' dir='ltr'>inantea</span> <span class='ocrx_word' id='word_1_106' title='bbox 822 1933 978 2014; x_wconf 88' lang='lat' dir='ltr'>scriptura</span> <span class='ocrx_word' id='word_1_107' title='bbox 997 1932 1111 1998; x_wconf 88' lang='lat' dir='ltr'>leniter</span> <span class='ocrx_word' id='word_1_108' title='bbox 1129 1932 1295 1998; x_wconf 86' lang='lat' dir='ltr'>emendata</span> <span class='ocrx_word' id='word_1_109' title='bbox 1310 1931 1390 2015; x_wconf 76' lang='grc' dir='ltr'><strong><em>(ἰδέω</em></strong></span> 
     </span>
     <span class='ocr_line' id='line_1_15' title="bbox 206 2034 1392 2122; baseline 0.003 -24"><span class='ocrx_word' id='word_1_110' title='bbox 206 2035 295 2113; x_wconf 86' lang='grc' dir='ltr'><strong><em>χάριν</em></strong></span> <span class='ocrx_word' id='word_1_111' title='bbox 320 2055 375 2119; x_wconf 90' lang='lat' dir='ltr'>pro</span> <span class='ocrx_word' id='word_1_112' title='bbox 399 2036 496 2110; x_wconf 73' lang='grc' dir='ltr'><strong><em>εἰδέω)</em></strong></span> <span class='ocrx_word' id='word_1_113' title='bbox 519 2041 550 2100; x_wconf 91' lang='lat' dir='ltr'>et</span> <span class='ocrx_word' id='word_1_114' title='bbox 574 2034 775 2100; x_wconf 80' lang='lat' dir='ltr'>Aristarchus</span> <span class='ocrx_word' id='word_1_115' title='bbox 798 2036 982 2119; x_wconf 84' lang='lat' dir='ltr'>imprudens</span> <span class='ocrx_word' id='word_1_116' title='bbox 1003 2045 1144 2101; x_wconf 90' lang='lat' dir='ltr'>metrum</span> <span class='ocrx_word' id='word_1_117' title='bbox 1162 2037 1392 2122; x_wconf 83' lang='lat' dir='ltr'>pessumdedit.</span> 
     </span>
     <span class='ocr_line' id='line_1_16' title="bbox 206 2139 1392 2226; baseline 0 -20"><span class='ocrx_word' id='word_1_118' title='bbox 206 2141 327 2206; x_wconf 86' lang='lat' dir='ltr'>Mirum</span> <span class='ocrx_word' id='word_1_119' title='bbox 350 2146 398 2205; x_wconf 89' lang='lat' dir='ltr'>cst</span> <span class='ocrx_word' id='word_1_120' title='bbox 414 2142 510 2204; x_wconf 88' lang='lat' dir='ltr'>etism</span> <span class='ocrx_word' id='word_1_121' title='bbox 532 2140 707 2204; x_wconf 81' lang='lat' dir='ltr'>Aristarchi</span> <span class='ocrx_word' id='word_1_122' title='bbox 727 2139 765 2204; x_wconf 92' lang='lat' dir='ltr'>de</span> <span class='ocrx_word' id='word_1_123' title='bbox 783 2139 841 2206; x_wconf 89' lang='lat' dir='ltr'>tali</span> <span class='ocrx_word' id='word_1_124' title='bbox 858 2143 1084 2223; x_wconf 87' lang='lat' dir='ltr'>compositione</span> <span class='ocrx_word' id='word_1_125' title='bbox 1095 2141 1392 2226; x_wconf 86' lang='lat' dir='ltr'>iudicium:nempe</span> 
     </span>
     <span class='ocr_line' id='line_1_17' title="bbox 204 2243 1392 2329; baseline 0 -19"><span class='ocrx_word' id='word_1_126' title='bbox 204 2248 266 2323; x_wconf 74' lang='grc' dir='ltr'>ἐγὼ</span> <span class='ocrx_word' id='word_1_127' title='bbox 293 2247 324 2310; x_wconf 77' lang='grc' dir='ltr'>δὲ</span> <span class='ocrx_word' id='word_1_128' title='bbox 348 2245 381 2308; x_wconf 76' lang='lat' dir='ltr'>ad</span> <span class='ocrx_word' id='word_1_129' title='bbox 405 2267 450 2307; x_wconf 86' lang='grc' dir='ltr'><strong><em>τοι</em></strong></span> <span class='ocrx_word' id='word_1_130' title='bbox 475 2243 540 2308; x_wconf 73' lang='grc' dir='ltr'><strong><em>ἰδέω</em></strong></span> <span class='ocrx_word' id='word_1_131' title='bbox 563 2245 657 2326; x_wconf 88' lang='grc' dir='ltr'><strong><em>χάριν</em></strong></span> <span class='ocrx_word' id='word_1_132' title='bbox 681 2245 934 2329; x_wconf 90' lang='lat' dir='ltr'>componendum</span> <span class='ocrx_word' id='word_1_133' title='bbox 958 2253 1025 2311; x_wconf 92' lang='lat' dir='ltr'>erat</span> <span class='ocrx_word' id='word_1_134' title='bbox 1048 2267 1122 2311; x_wconf 89' lang='lat' dir='ltr'>cum</span> <span class='ocrx_word' id='word_1_135' title='bbox 1146 2245 1225 2310; x_wconf 92' lang='lat' dir='ltr'>locis</span> <span class='ocrx_word' id='word_1_136' title='bbox 1246 2244 1392 2310; x_wconf 90' lang='lat' dir='ltr'>huiusce-</span> 
     </span>
     <span class='ocr_line' id='line_1_18' title="bbox 203 2348 1394 2433; baseline 0 -17"><span class='ocrx_word' id='word_1_137' title='bbox 203 2351 310 2426; x_wconf 88' lang='lat' dir='ltr'>modi,</span> <span class='ocrx_word' id='word_1_138' title='bbox 344 2350 404 2425; x_wconf 78' lang='grc' dir='ltr'>ἐγὼ</span> <span class='ocrx_word' id='word_1_139' title='bbox 436 2350 467 2414; x_wconf 75' lang='grc' dir='ltr'><strong><em>δέ</em></strong></span> <span class='ocrx_word' id='word_1_140' title='bbox 501 2351 537 2413; x_wconf 88' lang='grc' dir='ltr'>Κ’</span> <span class='ocrx_word' id='word_1_141' title='bbox 569 2348 659 2426; x_wconf 71' lang='lat' dir='ltr'>dyc,</span> <span class='ocrx_word' id='word_1_142' title='bbox 685 2357 717 2414; x_wconf 82' lang='lat' dir='ltr'>et</span> <span class='ocrx_word' id='word_1_143' title='bbox 742 2350 802 2426; x_wconf 73' lang='grc' dir='ltr'>έχίι</span> <span class='ocrx_word' id='word_1_144' title='bbox 826 2350 857 2414; x_wconf 81' lang='grc' dir='ltr'><strong><em>δέ</em></strong></span> <span class='ocrx_word' id='word_1_145' title='bbox 881 2359 935 2414; x_wconf 98' lang='grc' dir='ltr'>ΚΕ</span> <span class='ocrx_word' id='word_1_146' title='bbox 958 2351 1035 2414; x_wconf 85' lang='grc' dir='ltr'><strong><em>λκὸν</em></strong></span> <span class='ocrx_word' id='word_1_147' title='bbox 1058 2351 1192 2428; x_wconf 76' lang='grc' dir='ltr'><strong><em>οἰχείρσι,</em></strong></span> <span class='ocrx_word' id='word_1_148' title='bbox 1217 2351 1255 2417; x_wconf 84' lang='lat' dir='ltr'>de</span> <span class='ocrx_word' id='word_1_149' title='bbox 1278 2351 1394 2433; x_wconf 87' lang='lat' dir='ltr'>quibus</span> 
     </span>
     <span class='ocr_line' id='line_1_19' title="bbox 204 2454 1393 2539; baseline -0.001 -19"><span class='ocrx_word' id='word_1_150' title='bbox 204 2455 288 2520; x_wconf 82' lang='lat' dir='ltr'>infra</span> <span class='ocrx_word' id='word_1_151' title='bbox 317 2455 478 2531; x_wconf 84' lang='lat' dir='ltr'>dicemus,</span> <span class='ocrx_word' id='word_1_152' title='bbox 510 2454 564 2520; x_wconf 88' lang='lat' dir='ltr'>sed</span> <span class='ocrx_word' id='word_1_153' title='bbox 596 2454 670 2520; x_wconf 88' lang='lat' dir='ltr'>audi</span> <span class='ocrx_word' id='word_1_154' title='bbox 702 2455 883 2539; x_wconf 87' lang='lat' dir='ltr'>opinionem</span> <span class='ocrx_word' id='word_1_155' title='bbox 912 2455 1104 2520; x_wconf 76' lang='lat' dir='ltr'>Aristarchi:</span> <span class='ocrx_word' id='word_1_156' title='bbox 1133 2460 1248 2520; x_wconf 74' lang='lat' dir='ltr'>&#39;edel</span> <span class='ocrx_word' id='word_1_157' title='bbox 1274 2455 1304 2521; x_wconf 76' lang='grc' dir='ltr'><strong><em>δέ</em></strong></span> <span class='ocrx_word' id='word_1_158' title='bbox 1329 2457 1393 2530; x_wconf 77' lang='grc' dir='ltr'><strong><em>ἤτοι</em></strong></span> 
     </span>
    </p>
   </div>
   <div class='ocr_carea' id='block_1_4' title="bbox 204 2556 1399 3168">
    <p class='ocr_par' dir='ltr' id='par_1_4' title="bbox 204 2556 1399 3168">
     <span class='ocr_line' id='line_1_20' title="bbox 206 2556 1392 2647; baseline 0.001 -22"><span class='ocrx_word' id='word_1_159' title='bbox 206 2560 357 2634; x_wconf 77' lang='grc' dir='ltr'><strong><em>εἰδείην</em></strong></span> <span class='ocrx_word' id='word_1_160' title='bbox 388 2557 425 2626; x_wconf 79' lang='grc' dir='ltr'>ἵν’</span> <span class='ocrx_word' id='word_1_161' title='bbox 455 2556 472 2639; x_wconf 68' lang='grc' dir='ltr'><strong><em>ᾖ</em></strong></span> <span class='ocrx_word' id='word_1_162' title='bbox 504 2561 538 2624; x_wconf 78' lang='grc' dir='ltr'><strong><em>σέ</em></strong></span> <span class='ocrx_word' id='word_1_163' title='bbox 562 2562 644 2640; x_wconf 78' lang='grc' dir='ltr'><strong><em>ρ’νίμσι</em></strong></span> <span class='ocrx_word' id='word_1_164' title='bbox 670 2559 901 2636; x_wconf 74' lang='grc' dir='ltr'><strong><em>ένκλλκχμένον</em></strong></span> <span class='ocrx_word' id='word_1_165' title='bbox 927 2561 1143 2647; x_wconf 77' lang='lat' dir='ltr'>(coniunctivae</span> <span class='ocrx_word' id='word_1_166' title='bbox 1164 2577 1224 2627; x_wconf 74' lang='grc' dir='ltr'>Ρλο</span> <span class='ocrx_word' id='word_1_167' title='bbox 1249 2563 1392 2645; x_wconf 76' lang='lat' dir='ltr'>optativo:</span> 
     </span>
     <span class='ocr_line' id='line_1_21' title="bbox 206 2661 1393 2750; baseline -0.003 -18"><span class='ocrx_word' id='word_1_168' title='bbox 206 2667 282 2750; x_wconf 86' lang='lat' dir='ltr'>quid</span> <span class='ocrx_word' id='word_1_169' title='bbox 302 2661 511 2750; x_wconf 81' lang='lat' dir='ltr'>simpliciust)</span> <span class='ocrx_word' id='word_1_170' title='bbox 533 2664 549 2738; x_wconf 76' lang='grc' dir='ltr'>εἰ</span> <span class='ocrx_word' id='word_1_171' title='bbox 570 2667 634 2730; x_wconf 89' lang='grc' dir='ltr'>ἘΚ</span> <span class='ocrx_word' id='word_1_172' title='bbox 655 2673 862 2730; x_wconf 73' lang='grc' dir='ltr'>ΠΕΡΙΟΕΟΥ</span> <span class='ocrx_word' id='word_1_173' title='bbox 883 2665 1037 2740; x_wconf 74' lang='grc' dir='ltr'><strong><em>νοουμένου</em></strong></span> <span class='ocrx_word' id='word_1_174' title='bbox 1060 2671 1114 2731; x_wconf 81' lang='grc' dir='ltr'>τοῦ</span> <span class='ocrx_word' id='word_1_175' title='bbox 1137 2675 1191 2731; x_wconf 87' lang='grc' dir='ltr'>ΚΕ</span> <span class='ocrx_word' id='word_1_176' title='bbox 1212 2668 1272 2743; x_wconf 63' lang='lat' dir='ltr'>eya</span> <span class='ocrx_word' id='word_1_177' title='bbox 1292 2667 1325 2731; x_wconf 79' lang='grc' dir='ltr'><strong><em>δέ</em></strong></span> <span class='ocrx_word' id='word_1_178' title='bbox 1349 2688 1393 2732; x_wconf 88' lang='grc' dir='ltr'><strong><em>σοι</em></strong></span> 
     </span>
     <span class='ocr_line' id='line_1_22' title="bbox 204 2769 1395 2855; baseline 0.003 -21"><span class='ocrx_word' id='word_1_179' title='bbox 204 2772 327 2844; x_wconf 72' lang='lat' dir='ltr'>siccant</span> <span class='ocrx_word' id='word_1_180' title='bbox 359 2770 462 2850; x_wconf 86' lang='grc' dir='ltr'><strong><em>χάριν.</em></strong></span> <span class='ocrx_word' id='word_1_181' title='bbox 509 2769 658 2836; x_wconf 91' lang='lat' dir='ltr'>Nondum</span> <span class='ocrx_word' id='word_1_182' title='bbox 691 2769 788 2834; x_wconf 90' lang='lat' dir='ltr'>multi</span> <span class='ocrx_word' id='word_1_183' title='bbox 812 2773 887 2835; x_wconf 90' lang='lat' dir='ltr'>anni</span> <span class='ocrx_word' id='word_1_184' title='bbox 911 2777 986 2836; x_wconf 87' lang='lat' dir='ltr'>sunt</span> <span class='ocrx_word' id='word_1_185' title='bbox 1009 2791 1048 2836; x_wconf 81' lang='lat' dir='ltr'>ex</span> <span class='ocrx_word' id='word_1_186' title='bbox 1072 2791 1134 2855; x_wconf 89' lang='lat' dir='ltr'>quo</span> <span class='ocrx_word' id='word_1_187' title='bbox 1156 2771 1288 2838; x_wconf 86' lang='lat' dir='ltr'>cruditis</span> <span class='ocrx_word' id='word_1_188' title='bbox 1310 2793 1395 2838; x_wconf 89' lang='lat' dir='ltr'>com·</span> 
     </span>
     <span class='ocr_line' id='line_1_23' title="bbox 205 2873 1394 2963; baseline -0.001 -22"><span class='ocrx_word' id='word_1_189' title='bbox 205 2876 297 2963; x_wconf 87' lang='lat' dir='ltr'>plura</span> <span class='ocrx_word' id='word_1_190' title='bbox 316 2877 464 2956; x_wconf 77' lang='lat' dir='ltr'>clepantcr</span> <span class='ocrx_word' id='word_1_191' title='bbox 483 2875 635 2938; x_wconf 80' lang='lat' dir='ltr'>abundare</span> <span class='ocrx_word' id='word_1_192' title='bbox 655 2875 845 2940; x_wconf 83' lang='lat' dir='ltr'>ridebantur</span> <span class='ocrx_word' id='word_1_193' title='bbox 863 2882 895 2940; x_wconf 89' lang='lat' dir='ltr'>st</span> <span class='ocrx_word' id='word_1_194' title='bbox 915 2873 980 2940; x_wconf 83' lang='lat' dir='ltr'>alia</span> <span class='ocrx_word' id='word_1_195' title='bbox 997 2883 1106 2941; x_wconf 85' lang='lat' dir='ltr'>contra</span> <span class='ocrx_word' id='word_1_196' title='bbox 1123 2877 1271 2957; x_wconf 76' lang='grc' dir='ltr'><strong><em>σίκρσιιίσν</em></strong></span> <span class='ocrx_word' id='word_1_197' title='bbox 1281 2879 1394 2953; x_wconf 70' lang='lat' dir='ltr'>adesce,</span> 
     </span>
     <span class='ocr_line' id='line_1_24' title="bbox 204 2978 1392 3067; baseline 0.003 -22"><span class='ocrx_word' id='word_1_198' title='bbox 204 2989 242 3046; x_wconf 86' lang='lat' dir='ltr'>nt</span> <span class='ocrx_word' id='word_1_199' title='bbox 265 2979 332 3045; x_wconf 89' lang='lat' dir='ltr'>sola</span> <span class='ocrx_word' id='word_1_200' title='bbox 353 2985 484 3044; x_wconf 89' lang='lat' dir='ltr'>naturae</span> <span class='ocrx_word' id='word_1_201' title='bbox 507 2978 697 3064; x_wconf 81' lang='lat' dir='ltr'>simplicitas</span> <span class='ocrx_word' id='word_1_202' title='bbox 719 2987 775 3043; x_wconf 86' lang='lat' dir='ltr'>aut</span> <span class='ocrx_word' id='word_1_203' title='bbox 794 2979 917 3043; x_wconf 90' lang='lat' dir='ltr'>dicendi</span> <span class='ocrx_word' id='word_1_204' title='bbox 937 2984 1054 3045; x_wconf 88' lang='lat' dir='ltr'>veritas</span> <span class='ocrx_word' id='word_1_205' title='bbox 1074 2981 1225 3062; x_wconf 78' lang='grc' dir='ltr'><strong><em>ιἰισίσρσιιι</em></strong></span> <span class='ocrx_word' id='word_1_206' title='bbox 1247 3001 1312 3048; x_wconf 77' lang='grc' dir='ltr'><strong><em>εσσε</em></strong></span> <span class='ocrx_word' id='word_1_207' title='bbox 1334 3004 1392 3067; x_wconf 90' lang='lat' dir='ltr'>pu-</span> 
     </span>
     <span class='ocr_line' id='line_1_25' title="bbox 204 3081 1399 3168; baseline 0.001 -18"><span class='ocrx_word' id='word_1_208' title='bbox 204 3093 335 3152; x_wconf 86' lang='lat' dir='ltr'>taretur.</span> <span class='ocrx_word' id='word_1_209' title='bbox 370 3084 436 3150; x_wconf 89' lang='lat' dir='ltr'>Ubi</span> <span class='ocrx_word' id='word_1_210' title='bbox 458 3083 572 3149; x_wconf 80' lang='lat' dir='ltr'>vocula</span> <span class='ocrx_word' id='word_1_211' title='bbox 594 3092 647 3147; x_wconf 81' lang='grc' dir='ltr'>ΚΕ</span> <span class='ocrx_word' id='word_1_212' title='bbox 670 3083 754 3168; x_wconf 91' lang='lat' dir='ltr'>apud</span> <span class='ocrx_word' id='word_1_213' title='bbox 777 3081 955 3147; x_wconf 89' lang='lat' dir='ltr'>Homerum</span> <span class='ocrx_word' id='word_1_214' title='bbox 979 3105 1051 3150; x_wconf 85' lang='lat' dir='ltr'>curn</span> <span class='ocrx_word' id='word_1_215' title='bbox 1075 3086 1184 3150; x_wconf 85' lang='lat' dir='ltr'>futuro</span> <span class='ocrx_word' id='word_1_216' title='bbox 1207 3086 1315 3150; x_wconf 90' lang='lat' dir='ltr'>iuncta</span> <span class='ocrx_word' id='word_1_217' title='bbox 1351 3093 1399 3151; x_wconf 84' lang='lat' dir='ltr'>est</span> 
     </span>
    </p>
   </div>
   <div class='ocr_carea' id='block_1_5' title="bbox 206 3187 1397 3906">
    <p class='ocr_par' dir='ltr' id='par_1_5' title="bbox 206 3187 1397 3906">
     <span class='ocr_line' id='line_1_26' title="bbox 206 3187 1394 3275; baseline -0.002 -19"><span class='ocrx_word' id='word_1_218' title='bbox 206 3191 269 3256; x_wconf 88' lang='lat' dir='ltr'>dici</span> <span class='ocrx_word' id='word_1_219' title='bbox 299 3197 423 3275; x_wconf 73' lang='lat' dir='ltr'>poterut</span> <span class='ocrx_word' id='word_1_220' title='bbox 454 3188 617 3264; x_wconf 75' lang='grc' dir='ltr'><strong><em>παρέλκειν</em></strong></span> <span class='ocrx_word' id='word_1_221' title='bbox 648 3191 683 3251; x_wconf 82' lang='grc' dir='ltr'><strong><em>τί</em></strong></span> <span class='ocrx_word' id='word_1_222' title='bbox 710 3196 762 3252; x_wconf 89' lang='grc' dir='ltr'>ΚΕ</span> <span class='ocrx_word' id='word_1_223' title='bbox 785 3187 838 3252; x_wconf 80' lang='lat' dir='ltr'>vel</span> <span class='ocrx_word' id='word_1_224' title='bbox 861 3189 896 3250; x_wconf 83' lang='grc' dir='ltr'>ἐκ</span> <span class='ocrx_word' id='word_1_225' title='bbox 921 3193 1062 3266; x_wconf 80' lang='grc' dir='ltr'><strong><em>περισσοῦ</em></strong></span> <span class='ocrx_word' id='word_1_226' title='bbox 1088 3190 1234 3265; x_wconf 65' lang='lat' dir='ltr'>coarctat,</span> <span class='ocrx_word' id='word_1_227' title='bbox 1259 3193 1394 3263; x_wconf 81' lang='grc' dir='ltr'><strong><em>κεῖσάσιι,</em></strong></span> 
     </span>
     <span class='ocr_line' id='line_1_27' title="bbox 207 3292 1395 3379; baseline 0.002 -21"><span class='ocrx_word' id='word_1_228' title='bbox 207 3297 359 3369; x_wconf 70' lang='lat' dir='ltr'>rideatur,</span> <span class='ocrx_word' id='word_1_229' title='bbox 391 3299 466 3379; x_wconf 89' lang='lat' dir='ltr'>quis</span> <span class='ocrx_word' id='word_1_230' title='bbox 493 3299 565 3378; x_wconf 89' lang='lat' dir='ltr'>post·</span> <span class='ocrx_word' id='word_1_231' title='bbox 586 3292 767 3358; x_wconf 89' lang='lat' dir='ltr'>Homerum</span> <span class='ocrx_word' id='word_1_232' title='bbox 790 3312 884 3358; x_wconf 91' lang='lat' dir='ltr'>nemo</span> <span class='ocrx_word' id='word_1_233' title='bbox 907 3313 976 3358; x_wconf 87' lang='lat' dir='ltr'>eam</span> <span class='ocrx_word' id='word_1_234' title='bbox 999 3293 1189 3378; x_wconf 89' lang='lat' dir='ltr'>particulam</span> <span class='ocrx_word' id='word_1_235' title='bbox 1203 3294 1319 3378; x_wconf 77' lang='lat' dir='ltr'>futuro</span> <span class='ocrx_word' id='word_1_236' title='bbox 1343 3295 1395 3360; x_wconf 91' lang='lat' dir='ltr'>ad·</span> 
     </span>
     <span class='ocr_line' id='line_1_28' title="bbox 208 3398 1393 3484; baseline -0.005 -16"><span class='ocrx_word' id='word_1_237' title='bbox 208 3402 317 3478; x_wconf 90' lang='lat' dir='ltr'>debat,</span> <span class='ocrx_word' id='word_1_238' title='bbox 351 3405 384 3465; x_wconf 88' lang='lat' dir='ltr'>et</span> <span class='ocrx_word' id='word_1_239' title='bbox 415 3399 499 3484; x_wconf 90' lang='lat' dir='ltr'>apud</span> <span class='ocrx_word' id='word_1_240' title='bbox 530 3398 709 3464; x_wconf 91' lang='lat' dir='ltr'>Homerum</span> <span class='ocrx_word' id='word_1_241' title='bbox 736 3398 865 3482; x_wconf 84' lang='lat' dir='ltr'>perinde</span> <span class='ocrx_word' id='word_1_242' title='bbox 889 3398 1107 3464; x_wconf 84' lang='lat' dir='ltr'>cstadditane</span> <span class='ocrx_word' id='word_1_243' title='bbox 1130 3401 1235 3464; x_wconf 89' lang='lat' dir='ltr'>sitan</span> <span class='ocrx_word' id='word_1_244' title='bbox 1257 3419 1319 3463; x_wconf 91' lang='lat' dir='ltr'>non</span> <span class='ocrx_word' id='word_1_245' title='bbox 1343 3401 1393 3464; x_wconf 85' lang='lat' dir='ltr'>sit.</span> 
     </span>
     <span class='ocr_line' id='line_1_29' title="bbox 208 3500 1396 3589; baseline -0.003 -16"><span class='ocrx_word' id='word_1_246' title='bbox 208 3505 271 3573; x_wconf 78' lang='lat' dir='ltr'>Sed</span> <span class='ocrx_word' id='word_1_247' title='bbox 303 3507 360 3570; x_wconf 89' lang='lat' dir='ltr'>ubi</span> <span class='ocrx_word' id='word_1_248' title='bbox 387 3506 532 3582; x_wconf 74' lang='grc' dir='ltr'><strong><em>ὁμηρικῶς</em></strong></span> <span class='ocrx_word' id='word_1_249' title='bbox 556 3524 613 3589; x_wconf 91' lang='lat' dir='ltr'>pro</span> <span class='ocrx_word' id='word_1_250' title='bbox 637 3504 697 3580; x_wconf 70' lang='lat' dir='ltr'>tyn</span> <span class='ocrx_word' id='word_1_251' title='bbox 722 3504 747 3566; x_wconf 78' lang='grc' dir='ltr'>δ’</span> <span class='ocrx_word' id='word_1_252' title='bbox 770 3500 853 3584; x_wconf 79' lang='grc' dir='ltr'><strong><em>άξιι,</em></strong></span> <span class='ocrx_word' id='word_1_253' title='bbox 877 3501 938 3578; x_wconf 72' lang='grc' dir='ltr'>ἐγὼ</span> <span class='ocrx_word' id='word_1_254' title='bbox 963 3503 994 3568; x_wconf 76' lang='grc' dir='ltr'><strong><em>δέ</em></strong></span> <span class='ocrx_word' id='word_1_255' title='bbox 1020 3525 1063 3566; x_wconf 90' lang='grc' dir='ltr'><strong><em>σοι</em></strong></span> <span class='ocrx_word' id='word_1_256' title='bbox 1088 3503 1181 3584; x_wconf 84' lang='grc' dir='ltr'><strong><em>χάριν</em></strong></span> <span class='ocrx_word' id='word_1_257' title='bbox 1203 3503 1326 3579; x_wconf 82' lang='grc' dir='ltr'><strong><em>εἰσοροσιι</em></strong></span> <span class='ocrx_word' id='word_1_258' title='bbox 1350 3503 1396 3570; x_wconf 87' lang='lat' dir='ltr'>di-</span> 
     </span>
     <span class='ocr_line' id='line_1_30' title="bbox 208 3605 1396 3693; baseline -0.003 -17"><span class='ocrx_word' id='word_1_259' title='bbox 208 3615 292 3677; x_wconf 87' lang='lat' dir='ltr'>citur</span> <span class='ocrx_word' id='word_1_260' title='bbox 322 3609 382 3688; x_wconf 74' lang='grc' dir='ltr'>ἐγὼ</span> <span class='ocrx_word' id='word_1_261' title='bbox 407 3609 439 3674; x_wconf 80' lang='grc' dir='ltr'><strong><em>δέ</em></strong></span> <span class='ocrx_word' id='word_1_262' title='bbox 463 3611 491 3674; x_wconf 90' lang='grc' dir='ltr'>κ’</span> <span class='ocrx_word' id='word_1_263' title='bbox 520 3607 606 3686; x_wconf 64' lang='lat' dir='ltr'>hya,</span> <span class='ocrx_word' id='word_1_264' title='bbox 631 3609 691 3685; x_wconf 72' lang='grc' dir='ltr'>ἐγὼ</span> <span class='ocrx_word' id='word_1_265' title='bbox 715 3605 748 3671; x_wconf 77' lang='grc' dir='ltr'><strong><em>δέ</em></strong></span> <span class='ocrx_word' id='word_1_266' title='bbox 770 3605 805 3671; x_wconf 88' lang='grc' dir='ltr'><strong><em>κέ</em></strong></span> <span class='ocrx_word' id='word_1_267' title='bbox 828 3630 872 3670; x_wconf 84' lang='grc' dir='ltr'><strong><em>σσι</em></strong></span> <span class='ocrx_word' id='word_1_268' title='bbox 897 3605 975 3670; x_wconf 78' lang='grc' dir='ltr'><strong><em>ειὸέσν</em></strong></span> <span class='ocrx_word' id='word_1_269' title='bbox 999 3606 1111 3687; x_wconf 90' lang='grc' dir='ltr'><strong><em>χάριν,</em></strong></span> <span class='ocrx_word' id='word_1_270' title='bbox 1135 3609 1211 3692; x_wconf 76' lang='lat' dir='ltr'>quis</span> <span class='ocrx_word' id='word_1_271' title='bbox 1234 3616 1287 3673; x_wconf 88' lang='grc' dir='ltr'>ΚΕ</span> <span class='ocrx_word' id='word_1_272' title='bbox 1309 3627 1396 3693; x_wconf 88' lang='lat' dir='ltr'>pror·</span> 
     </span>
     <span class='ocr_line' id='line_1_31' title="bbox 209 3710 1397 3797; baseline -0.004 -15"><span class='ocrx_word' id='word_1_273' title='bbox 209 3738 262 3782; x_wconf 88' lang='lat' dir='ltr'>sus</span> <span class='ocrx_word' id='word_1_274' title='bbox 280 3717 492 3781; x_wconf 80' lang='lat' dir='ltr'>necessarium</span> <span class='ocrx_word' id='word_1_275' title='bbox 513 3719 580 3797; x_wconf 83' lang='lat' dir='ltr'>cst,</span> <span class='ocrx_word' id='word_1_276' title='bbox 600 3715 763 3794; x_wconf 71' lang='grc' dir='ltr'><strong><em>παρέλκειν</em></strong></span> <span class='ocrx_word' id='word_1_277' title='bbox 783 3710 836 3775; x_wconf 87' lang='lat' dir='ltr'>vel</span> <span class='ocrx_word' id='word_1_278' title='bbox 855 3711 887 3775; x_wconf 88' lang='grc' dir='ltr'><strong><em>έκ</em></strong></span> <span class='ocrx_word' id='word_1_279' title='bbox 906 3715 1047 3790; x_wconf 76' lang='grc' dir='ltr'><strong><em>περισσοῦ</em></strong></span> <span class='ocrx_word' id='word_1_280' title='bbox 1061 3714 1190 3776; x_wconf 83' lang='grc' dir='ltr'><strong><em>νοείσίιοι</em></strong></span> <span class='ocrx_word' id='word_1_281' title='bbox 1202 3711 1291 3777; x_wconf 89' lang='lat' dir='ltr'>nullo</span> <span class='ocrx_word' id='word_1_282' title='bbox 1301 3711 1397 3777; x_wconf 89' lang='lat' dir='ltr'>modo</span> 
     </span>
     <span class='ocr_line' id='line_1_32' title="bbox 209 3821 405 3906; baseline -0.015 -20"><span class='ocrx_word' id='word_1_283' title='bbox 209 3821 271 3886; x_wconf 90' lang='lat' dir='ltr'>dici</span> <span class='ocrx_word' id='word_1_284' title='bbox 293 3825 405 3906; x_wconf 87' lang='lat' dir='ltr'>potest.</span> 
     </span>
    </p>
   </div>
   <div class='ocr_carea' id='block_1_6' title="bbox 208 4020 1397 4528">
    <p class='ocr_par' dir='ltr' id='par_1_6' title="bbox 208 4020 1397 4528">
     <span class='ocr_line' id='line_1_33' title="bbox 253 4020 828 4108; baseline -0.014 -15"><span class='ocrx_word' id='word_1_285' title='bbox 253 4027 303 4093; x_wconf 84' lang='lat' dir='ltr'>Ad</span> <span class='ocrx_word' id='word_1_286' title='bbox 326 4025 417 4092; x_wconf 81' lang='lat' dir='ltr'>Iliad.</span> <span class='ocrx_word' id='word_1_287' title='bbox 443 4033 477 4090; x_wconf 90' lang='grc' dir='ltr'>Ε.</span> <span class='ocrx_word' id='word_1_288' title='bbox 504 4022 580 4091; x_wconf 83' lang='grc'><strong>787.</strong></span> <span class='ocrx_word' id='word_1_289' title='bbox 604 4027 650 4108; x_wconf 84' lang='lat' dir='ltr'>(et</span> <span class='ocrx_word' id='word_1_290' title='bbox 674 4034 712 4087; x_wconf 85' lang='grc' dir='ltr'>Θ.</span> <span class='ocrx_word' id='word_1_291' title='bbox 737 4020 828 4106; x_wconf 80' lang='lat'>228).</span> 
     </span>
     <span class='ocr_line' id='line_1_34' title="bbox 365 4125 1209 4208; baseline -0.002 -14"><span class='ocrx_word' id='word_1_292' title='bbox 365 4130 484 4205; x_wconf 77' lang='grc' dir='ltr'><strong><em>λίἰίιο,</em></strong></span> <span class='ocrx_word' id='word_1_293' title='bbox 509 4131 663 4208; x_wconf 51' lang='lat' dir='ltr'>&#39;Aterion</span> <span class='ocrx_word' id='word_1_294' title='bbox 688 4125 761 4191; x_wconf 83' lang='grc' dir='ltr'><strong><em>κάκ’</em></strong></span> <span class='ocrx_word' id='word_1_295' title='bbox 788 4126 950 4206; x_wconf 72' lang='grc' dir='ltr'><strong><em>ἐλέγχειν,</em></strong></span> <span class='ocrx_word' id='word_1_296' title='bbox 974 4126 1063 4198; x_wconf 74' lang='grc' dir='ltr'><strong><em>ιείδοο</em></strong></span> <span class='ocrx_word' id='word_1_297' title='bbox 1087 4129 1209 4204; x_wconf 58' lang='lat' dir='ltr'>anneot.</span> 
     </span>
     <span class='ocr_line' id='line_1_35' title="bbox 208 4223 1397 4322; baseline -0.004 -18"><span class='ocrx_word' id='word_1_298' title='bbox 208 4239 372 4304; x_wconf 83' lang='lat' dir='ltr'>annotavit</span> <span class='ocrx_word' id='word_1_299' title='bbox 395 4235 569 4322; x_wconf 86' lang='lat' dir='ltr'>Didymus:</span> <span class='ocrx_word' id='word_1_300' title='bbox 598 4223 782 4316; x_wconf 75' lang='grc' dir='ltr'><strong><em>’Λρίςιιρχσς</em></strong></span> <span class='ocrx_word' id='word_1_301' title='bbox 808 4232 839 4297; x_wconf 76' lang='grc' dir='ltr'>δὲ</span> <span class='ocrx_word' id='word_1_302' title='bbox 872 4231 958 4298; x_wconf 81' lang='grc' dir='ltr'><strong><em>κάκ’</em></strong></span> <span class='ocrx_word' id='word_1_303' title='bbox 987 4231 1220 4314; x_wconf 76' lang='grc' dir='ltr'><strong><em>έλεχχέΕΟ.</em></strong></span> <span class='ocrx_word' id='word_1_304' title='bbox 1268 4229 1397 4318; x_wconf 88' lang='lat' dir='ltr'>Optime</span> 
     </span>
     <span class='ocr_line' id='line_1_36' title="bbox 210 4341 496 4431; baseline -0.007 -23"><span class='ocrx_word' id='word_1_305' title='bbox 210 4342 331 4431; x_wconf 75' lang='lat' dir='ltr'>legitur</span> <span class='ocrx_word' id='word_1_306' title='bbox 355 4353 394 4408; x_wconf 87' lang='grc' dir='ltr'>Δ.</span> <span class='ocrx_word' id='word_1_307' title='bbox 419 4341 496 4408; x_wconf 78' lang='grc'><strong>242.</strong></span> 
     </span>
     <span class='ocr_line' id='line_1_37' title="bbox 412 4443 1197 4528; baseline -0.003 -16"><span class='ocrx_word' id='word_1_308' title='bbox 412 4451 546 4528; x_wconf 77' lang='grc' dir='ltr'><strong><em>’Λρχεῖοι</em></strong></span> <span class='ocrx_word' id='word_1_309' title='bbox 570 4443 718 4526; x_wconf 81' lang='grc' dir='ltr'><strong><em>ιιάρισιρσι,</em></strong></span> <span class='ocrx_word' id='word_1_310' title='bbox 744 4443 916 4523; x_wconf 75' lang='grc' dir='ltr'><strong><em>ἐλεγχέες,</em></strong></span> <span class='ocrx_word' id='word_1_311' title='bbox 941 4443 975 4508; x_wconf 80' lang='grc' dir='ltr'>οὔ</span> <span class='ocrx_word' id='word_1_312' title='bbox 997 4468 1028 4508; x_wconf 90' lang='grc' dir='ltr'>νν</span> <span class='ocrx_word' id='word_1_313' title='bbox 1053 4443 1181 4521; x_wconf 72' lang='grc' dir='ltr'><strong><em>σέβεσθε</em></strong></span> <span class='ocrx_word' id='word_1_314' title='bbox 1188 4464 1197 4522; x_wconf 87' lang='lat'>;</span> 
     </span>
    </p>
   </div>
   <div class='ocr_carea' id='block_1_7' title="bbox 0 0 1715 5192">
    <p class='ocr_par' dir='ltr' id='par_1_7' title="bbox 0 0 1715 5192">
     <span class='ocr_line' id='line_1_38' title="bbox 0 0 1715 5192; baseline 0 0"><span class='ocrx_word' id='word_1_315' title='bbox 0 0 1715 5192; x_wconf 95' lang='lat' dir='ltr'> </span> 
     </span>
    </p>
   </div>
  </div>
 </body>
</html>
