3410 5180
877 303 942 378 504

326 495 456 580 ὀρωτέας
490 495 543 565 καὶ
575 498 738 578 εὐσεβεέας
761 497 818 568 dise
843 498 894 564 aad
921 504 979 564 τών
1002 498 1142 581 τρότερον
1166 501 1379 580 γεγενημένων
1403 499 1507 576 ώδικη·

324 603 433 682 μώτων
455 607 490 670 τὸ
509 605 688 683 λαμβάνειν
708 605 791 680 δίκην
811 604 970 687 έτέῦχετε
991 605 1112 680 ταύτας
1135 606 1194 680 τώς
1215 610 1344 690 ἡμέρας.
1381 605 1508 693 Optime

325 710 505 777 emendavit
529 711 692 776 Dobraaus
715 711 868 791 έτέχετε,
891 711 975 796 quod
997 710 1059 778 loei
1082 716 1237 778 sententia
1255 713 1415 800 postulat,
1436 715 1509 798 quia

325 817 363 882 de
387 823 472 884 aeria
495 825 527 882 et
550 822 702 903 perpetua
724 816 950 883 consuetudine
972 817 1050 883 haee
1073 818 1232 886 dieantur.

368 1028 448 1116 Pag.
474 1023 549 1092 520.
575 1025 605 1089 5.
632 1024 731 1091 καίτοι
757 1024 847 1091 aava
869 1028 903 1104 γ’
926 1026 1021 1100 οὐδεὶς
1044 1029 1168 1094 τώτοτε
1190 1026 1295 1094 οὐδένα
1319 1025 1415 1110 φησὶν
1436 1027 1510 1100 οἰκη-

323 1134 422 1200 ιοοέναι
447 1133 652 1212 τολμήσαντα
679 1131 756 1217 [οὐδὲ
780 1131 966 1219 ποιήσαντα]
994 1134 1024 1196 ἕν
1049 1141 1087 1214 τῇ
1112 1131 1212 1199 τέλει.
1251 1131 1334 1212 Quia
1356 1133 1391 1196 τό
1415 1139 1509 1198 ποιεῖν

323 1242 406 1305 inest
437 1238 467 1302 έν
499 1239 542 1318 τῷ
573 1240 695 1315 τολμᾶν
727 1237 934 1324 frigidissime
966 1243 998 1304 et
1028 1239 1226 1324 ineptissime
1249 1239 1315 1303 οὐδὲ
1338 1239 1508 1314 τοιησαντα

322 1344 439 1412 sciolus
462 1343 579 1428 aliquis
602 1343 640 1408 de
664 1363 721 1408 suo
744 1343 885 1408 inseruit.

367 1454 442 1516 Post
469 1470 570 1536 panea
601 1449 820 1515 scribendum:
852 1447 940 1515 ώλλόι
972 1449 1023 1514 καὶ
1056 1449 1107 1514 τόν
1142 1447 1328 1516 ὀιόώσιιαλον
1361 1448 1508 1532 διέφθειρέ

278 1577 281 1584 ·
320 1564 404 1621 MOI
430 1556 504 1643 (nou
525 1555 596 1643 μον)
620 1559 675 1622 τοῦ
696 1559 800 1637 χοροῦ.

366 1763 446 1854 Pag.
482 1761 557 1828 521.
595 1761 627 1826 2.
660 1762 703 1829 τώ
739 1764 782 1837 εἷς
816 1763 871 1840 ἐμὲ
892 1802 933 1812 -
957 1761 1168 1842 ἠσελγημένα.
1239 1763 1386 1831 Nutanda
1419 1766 1509 1833 verbi

321 1873 434 1938 forma.
480 1868 529 1934 Ex
559 1868 700 1947 ώσελγώο
729 1871 871 1935 nascitur
901 1871 1096 1955 ώσελγοιίνω,
1130 1875 1168 1935 ut
1192 1869 1393 1950 δνσιιολαένω,
1419 1873 1509 1952 οὶγρι·

322 1978 408 2058 μένω,
442 1975 645 2057 χαλεπαίνω,
671 1975 877 2056 δνσμεναένω,
903 1976 1115 2053 ώκολαςαένω,
1138 1997 1218 2062 quae
1242 1981 1351 2044 omnia
1372 1979 1509 2062 improbi-

321 2093 408 2150 ὀοόονο
440 2083 580 2168 aliquam
612 2082 776 2161 denotant,
798 2103 900 2168 neque
924 2103 963 2148 ex
987 2081 1124 2167 εὔκολοι,
1149 2083 1292 2163 εὐμενής,
1316 2090 1412 2168 τρρῐος
1436 2085 1507 2150 sim.

321 2190 496 2275 quidquam
528 2187 749 2253 huiuscemodi
785 2189 953 2256 formatur.
1000 2189 1139 2255 Perfeeti
1173 2193 1292 2275 passivi
1326 2191 1428 2256 forma
1461 2195 1510 2254 est

320 2317 418 2382 quam
452 2294 540 2360 vides
575 2294 769 2370 ἦσέλγημαιτ
803 2315 897 2360 nemo
931 2299 1040 2360 autem
1072 2301 1219 2362 veterum
1253 2298 1344 2362 novit
1374 2294 1509 2363 verbum

320 2405 481 2480 ώσελγεῖν.
529 2399 731 2484 Quamquam
762 2420 891 2464 summa
914 2405 962 2464 est
985 2404 1017 2465 et
1040 2399 1239 2466 admirabilis
1261 2403 1296 2466 in
1319 2399 1510 2468 Graecitatis

319 2528 380 2572 usu
411 2509 587 2572 constantia
617 2510 648 2570 et
678 2503 841 2592 analogia,
874 2509 983 2571 tamen
1013 2511 1088 2571 sunt
1116 2505 1288 2582 nonnulla,
1323 2509 1358 2572 in
1393 2506 1509 2593 quibua

319 2611 489 2690 οόνωμαλόα
513 2610 669 2697 quaedam
693 2613 841 2675 cernitur.

368 2717 418 2784 Ex
447 2714 558 2795 ὀμννμι
590 2716 747 2781 formatur
779 2715 938 2794 ὀμώμοται
970 2723 1002 2783 et
1024 2714 1254 2803 ξυνομώμοται,
1276 2718 1331 2784 sed
1354 2720 1388 2783 in
1414 2719 1511 2803 parti-

321 2825 405 2909 cipio
426 2847 446 2887 σ
467 2826 597 2908 apparet
616 2827 648 2887 et
668 2820 875 2899 ὀμωμοσμένα
895 2821 1050 2890 dicebant.
1086 2823 1275 2904 Παραβαένω
1294 2824 1392 2889 habet
1410 2846 1511 2903 ταρα-

319 2928 485 3008 βέβαμαι,
510 2928 564 2994 sed
583 2927 879 3008 ταραβεβοισμένος.
917 2928 1102 3008 Ὀμώμοται
1123 2928 1244 3017 legitur
1260 2949 1333 3017 pag.
1360 2928 1437 2994 505.
1454 2927 1508 2996 29.

319 3041 375 3109 τῆς
406 3036 522 3110 calana,
555 3033 586 3098 έν
616 3030 635 3114 ᾗ
664 3032 846 3114 γέγραπται
872 3034 931 3100 καὶ
964 3036 1125 3113 ὀμώμοται
1158 3033 1227 3122 (ubi
1256 3055 1365 3101 omnes
1388 3039 1512 3122 praeter

319 3163 421 3207 unum
441 3143 462 3203 S
482 3139 661 3220 ὀμώμονται
682 3139 860 3227 exhibent),
879 3145 917 3206 ut
930 3140 1014 3226 apud
1026 3140 1511 3228 Aristophanemindyeietrata:

522 3246 605 3312 rovrl
630 3245 665 3310 τό
689 3249 828 3324 τρώγμα
851 3244 1058 3326 τανταχόθεν
1081 3245 1293 3326 ξυνομώμοται

523 3351 580 3416 dard
604 3356 662 3416 τών
686 3357 847 3429 γυναικών.

363 3456 575 3544 Partieipium
598 3455 720 3544 legitur
741 3457 826 3548 apud
844 3457 1092 3524 Demosthenem
1112 3479 1184 3546 pag.
1210 3456 1287 3524 594.
1309 3454 1362 3524 17.
1384 3455 1509 3522 ἐναντία

317 3573 380 3639 τοῖς
404 3561 640 3645 ὀμωμοσμένοις.
664 3568 697 3628 et
718 3583 791 3650 pag.
817 3559 894 3629 754.
918 3561 973 3629 28.
996 3570 1055 3628 τῶν
1075 3561 1299 3643 ὀμωμοσμένων
1319 3558 1408 3644 ώριοων
1427 3564 1507 3641 οἱμε-

316 3671 480 3745 λώσαντεο.
527 3665 816 3750 Παραβεβασμένος
851 3668 973 3759 legitur
1006 3690 1080 3757 pag.
1116 3667 1193 3738 215.
1227 3670 1258 3736 1.
1290 3670 1320 3735 ἕν
1350 3669 1408 3748 μὲν
1442 3675 1505 3742 τοῖς

316 3773 612 3860 παραβεβασμένοις
637 3770 730 3855 ὅρκοις
754 3773 905 3852 ἐμμένειν.

362 3985 442 4074 Pag.
477 3983 551 4051 521.
585 3981 616 4049 7.
648 3980 711 4064 ἔχω
744 3982 775 4048 δέ
799 3982 904 4061 λέγειν
928 3982 980 4048 καὶ
1006 3983 1148 4063 τονηρέοιο
1173 3984 1278 4065 ἑτέρας
1304 3987 1506 4064 ταμτληόεῑο

318 4093 440 4178 [αὐτοῦ]
460 4130 503 4142 -
521 4090 572 4154 καὶ
605 4089 801 4168 τολμήματα
830 4093 883 4154 τοῦ
913 4092 1023 4170 μιαροῦ
1055 4090 1162 4154 τούτου
1193 4089 1305 4162 τολλόιΙ
1331 4090 1383 4156 καὶ
1412 4091 1506 4159 ὀεινώ.

316 4199 388 4264 Non
418 4196 579 4262 intellexit
608 4193 783 4262 Graeculus
814 4193 954 4276 πονηρίας
987 4199 1040 4260 τοῦ
1071 4201 1181 4276 μιαροῦ
1209 4197 1315 4263 τούτου
1339 4200 1507 4265 coniuncta

316 4323 383 4368 esse
405 4307 437 4367 et
460 4301 668 4389 frigidissime
691 4301 787 4367 αὐτοῦ
812 4303 947 4367 inseruit
966 4301 1004 4367 de
1027 4321 1094 4367 suo.
1137 4301 1247 4369 Mutat
1270 4305 1365 4370 αὐτοῦ
1388 4307 1423 4370 in
1446 4301 1506 4372 Oo-

315 4405 439 4473 dieibua
461 4407 586 4484 laeum,
612 4406 695 4491 qnod
720 4407 800 4475 solet
823 4427 890 4474 esse
912 4407 1033 4476 fraudis
1056 4407 1224 4474 indicium.
