3208 5158
672 331 736 411 tot

114 554 173 600 uon
205 539 273 600 erat
301 534 371 599 άυτί
398 533 638 615 γυμνασιάρχου
662 534 921 621 (ἐγυμνασιάρχει
946 531 1295 617 χάρ),υυι1άντιχυμ-

113 640 295 721 ιασίαρχος,
318 643 394 726 quia
417 642 556 706 absentis
578 641 711 706 Antonii
733 643 891 708 vinarium
915 643 1040 730 egebat.

153 849 232 938 Pag.
260 847 338 916 676.
361 853 430 930 καθ’Ι
455 853 540 929 ἡμᾶς
563 851 595 916 δὲ
618 852 736 926 saules
757 851 854 931 ιιάριος
873 851 996 918 πάντων
1015 853 1087 929 elsio
1107 851 1294 931 άξιίλονΟΟ

111 957 159 1018 καί
182 956 335 1033 βασιλεὺς
360 957 417 1022 ὑπὸ
442 959 597 1035 Ῥυμαίοιν
622 959 790 1037 ὠνομάσθη.
837 957 986 1045 Repetitis
1008 957 1132 1046 syllaba
1159 960 1295 1026 seriben-

110 1060 200 1127 dum:
246 1061 407 1141 άξιάλογσι
444 1063 515 1128 “OC
551 1063 603 1126 καί
638 1063 792 1141 βασιλεύς
829 1065 890 1129 ιιτὲ.
951 1063 1101 1137 Βασιλεὺς
1138 1065 1294 1143 ὠνομάσθη

110 1165 258 1234 Latinum
291 1171 397 1256 magis
426 1188 523 1254 qnam
544 1165 704 1236 Graecum
728 1176 792 1237 eet:
816 1192 870 1238 ree
892 1171 1059 1255 appellatus
1081 1179 1124 1236 eet
1146 1192 1185 1237 ex
1208 1170 1293 1238 Seio.

151 1376 228 1466 Peg.
263 1375 340 1444 679.
371 1379 397 1445 οί
430 1374 478 1444 οὖν
509 1375 584 1442 Ἐπ’
618 1379 812 1459 Ἀντιπάτρῳ
839 1381 881 1460 τῷ
906 1379 1053 1460 Δερβίτρ
1075 1379 1227 1465 (Κίλικες)
1250 1417 1292 1430 -

109 1483 174 1548 τίνα
203 1484 330 1561 λάβωσι
361 1481 469 1559 ratim
503 1481 667 1568 Loquendi
697 1504 774 1549 usus
806 1490 838 1550 et
870 1487 917 1550 rei
946 1493 1060 1551 natura
1090 1487 1223 1552 suadent
1257 1492 1295 1551 ut

108 1589 176 1653 ‘'rx'
206 1590 403 1671 Ἀντιπάτρῳ
433 1609 631 1675 reponamus.
690 1588 838 1655 Vidimus
872 1611 968 1675 supra
1010 1593 1196 1673 Βακτριανὴν
1238 1593 1293 1668 τὴν

109 1693 162 1758 ὑπὸ
192 1696 366 1776 Στασάνορι
398 1701 430 1761 et
460 1697 486 1760 οί
519 1696 572 1760 ὑπ’
607 1693 752 1779 Ἀμύντα
785 1693 956 1774 χευάμενοι,
983 1703 1016 1762 et
1037 1701 1163 1784 saepius
1184 1699 1210 1763 σί
1236 1698 1293 1763 ὑπὸ

108 1803 264 1876 Ῥωμαίοις
297 1811 330 1868 et
363 1801 469 1867 multa
502 1803 576 1866 sim.
623 1801 744 1867 Eadem
776 1822 870 1888 opera
899 1805 1021 1890 corrige
1052 1823 1127 1891 pag.
1158 1802 1235 1869 661.
1266 1805 1292 1868 ol

108 1911 200 1989 Κᾶρες
225 1909 284 1974 ὑπὸ
307 1907 424 1974 Mirm
449 1909 614 1972 ἐτάττοντο
637 1929 694 1994 pro
717 1910 815 1974 Μίυυ.

150 2117 228 2207 Peg.
255 2115 330 2183 680.
356 2117 370 2182 ί
394 2115 425 2182 δὲ
448 2115 587 2196 Πριάμου
612 2115 756 2198 (πλοῦτοι
781 2115 917 2200 ἐγένετο)
942 2118 975 2181 ἐκ
998 2123 1056 2181 τῶν
1080 2119 1110 2180 ἕν
1133 2117 1290 2199 ’Λστιίροιο

110 2223 171 2302 περί
196 2225 334 2302 ΙἌβυδον
357 2226 526 2305 χρυσείων,
552 2220 589 2287 ὦν
613 2220 666 2288 καί
693 2225 744 2285 νῦν
768 2219 812 2286 ἔτι
835 2223 930 2300 μικρά
954 2223 1114 2300 λείπεται,
1140 2225 1241 2297 πολλὴ
1265 2225 1292 2290 δ’

108 2330 124 2404 ἦ
150 2329 273 2408 ίιιβολΗ
298 2330 352 2395 καί
374 2331 415 2394 τά
441 2329 609 2407 ὀρύγματα
633 2336 748 2404 σημεῖα
769 2337 826 2404 τῆς
850 2329 951 2394 πάλαι
975 2330 1180 2404 μεταλλείας.
1229 2329 1292 2395 Ριο

97 2437 125 2530 1ιί
154 2436 267 2513 ἐκβολή
298 2434 513 2521 reponendum
545 2439 593 2500 est
622 2453 738 2499 nomen
765 2436 801 2498 in
823 2454 860 2499 ea
882 2456 917 2500 re
940 2437 1120 2520 proprium,
1144 2435 1228 2520 quod
1251 2436 1291 2501 ad

108 2538 189 2606 huno
210 2562 307 2627 usque
330 2542 415 2607 diem
440 2540 648 2605 Athenienses
670 2541 824 2616 retinent,
845 2542 921 2618 (nisi
940 2539 1019 2606 forte
1040 2546 1088 2605 est
1106 2541 1145 2605 ab
1167 2541 1291 2607 erudito

109 2644 208 2730 aliquo
231 2669 269 2712 ex
292 2645 446 2712 Strabone
468 2648 642 2728 reeoetum)
667 2646 866 2722 ἠέκβσλλί.
903 2647 989 2712 Audi
1009 2643 1197 2712 Strabonem
1216 2668 1290 2735 pag.

111 2746 182 2816 399.
205 2752 242 2818 de
264 2752 406 2818 metallis
427 2751 624 2818 Laureotiois
646 2753 692 2816 ita
715 2751 891 2818 dicentem:
917 2753 976 2817 νυνί
1002 2752 1030 2816 δ’
1055 2753 1209 2818 ἐκλείπει·
1237 2754 1289 2818 καί

110 2853 143 2929 ts
173 2860 222 2920 καί
254 2860 281 2924 σι’
312 2855 509 2939 ἐρχαζίμενοι
540 2867 593 2932 τῆς
626 2857 822 2934 μεταλλείας
846 2858 975 2929 άσίενῶς
1000 2857 1210 2933 ὑπακουούσας
1234 2861 1290 2935 τὴν

109 2965 245 3028 παλαιάν
268 2965 511 3030 ἘΚΒΟΛΑΔΛ
535 2962 588 3030 καί
613 2963 742 3041 σκυρίαν
763 2963 1010 3042 άνοιχυνειίοντες
1034 2961 1165 3044 εὕρισκον
1190 2961 1233 3029 ἔτι
1257 2963 1290 3040 ἐξ

111 3067 197 3142 sirie
231 3069 509 3149 άτοιιαίαιράμενον
542 3069 683 3147 άρχιίριον
715 3075 773 3133 τῖον
796 3068 936 3148 άρχοιίων
958 3071 1088 3147 άπείρυτ
1114 3068 1287 3140 καμινευάν·

110 3194 171 3239 τοι.
204 3174 253 3240 Ne
275 3174 311 3239 hi
335 3173 462 3260 quidem
488 3193 527 3238 ex
550 3175 651 3239 scoria
671 3194 764 3238 omne
784 3180 954 3261 argeutum
976 3179 1185 3248 excoxerunt,
1205 3175 1289 3240 unde

111 3286 208 3346 nostra
236 3281 394 3346 memoria
424 3283 441 3355 »ί
473 3279 601 3344 παλαιά
625 3278 760 3357 ἐκβολάς
783 3278 967 3345 hominibus
989 3279 1156 3345 industriis
1179 3285 1211 3345 et
1232 3287 1289 3353 τῆς

111 3387 296 3460 μεταλλείας
319 3388 431 3471 peritis
453 3405 552 3452 novas
574 3387 705 3452 divitias
728 3385 846 3451 attulit.

149 3593 259 3663 Strabo
289 3617 363 3684 pag.
390 3593 466 3661 684.
513 3593 648 3666 Πόπλιος
673 3593 823 3666 Κλαύδιος
848 3599 992 3674 Ποῦλχερ
1017 3595 1157 3671 ἐμπεσὼν
1180 3595 1222 3665 elo
1245 3595 1288 3658 τά

111 3701 226 3781 λρςνίρια
258 3703 366 3781 λύτρον
399 3701 576 3779 αίτοιίμενος
609 3699 750 3768 sescena
781 3703 823 3782 τῷ
846 3700 979 3779 βασιλεῖ
999 3701 1137 3778 δεόμενος
1161 3701 1288 3780 πέμψαι

111 3807 156 3869 καί
185 3807 352 3874 ‘poemen
384 3808 489 3873 adria.
536 3806 609 3873 Non
638 3808 698 3873 lroe
723 3807 852 3892 petebat
882 3803 1034 3891 Clodius,
1066 3806 1121 3872 sed
1154 3810 1192 3871 ut
1214 3826 1289 3871 sea

111 3913 308 3995 pnedombns
330 3915 506 3980 redimeret:
527 3915 630 4001 igitur
653 3913 817 3979 Λάσασίαι
843 3912 946 3979 αὐτόν.

149 4119 391 4208 Nonnumquam
422 4124 456 4186 in
479 4120 555 4187 loeis
579 4121 635 4186 ubi
659 4125 804 4187 vetustus
827 4120 924 4196 liber,
949 4117 1033 4184 unde
1056 4121 1155 4184 nostri
1177 4139 1287 4186 omnes

112 4233 284 4306 manarunt,
311 4248 457 4314 perrosue
475 4232 543 4293 erat
562 4232 618 4292 aut
639 4226 780 4311 alioquin
799 4231 960 4291 vetustate
980 4231 1162 4310 corruptus,
1183 4246 1285 4291 unum

113 4335 140 4395 et
164 4331 296 4399 alterum
326 4331 519 4400 vocabulum
549 4334 660 4418 periit,
692 4341 730 4396 ut
752 4351 827 4420 pag.
852 4328 928 4397 713.
950 4331 1021 4401 τοὺς
1044 4330 1101 4408 μὲν
1125 4331 1287 4408 ἐντιμοτά·

112 4457 172 4512 τους
202 4441 271 4528 (τῶν
302 4437 470 4521 Γαρμάνυν
501 4440 535 4504 in
565 4435 668 4518 Indis)
714 4437 875 4516 ’Τλοβίους
902 4437 997 4520 Φησίν
1035 4437 1286 4530 (Megasthenes)
