3358 5200
772 411 809 459 x1

187 634 256 680 esse
288 612 434 679 lectionis
468 614 604 680 varietas
640 633 676 678 ea
710 635 743 678 re
777 635 853 680 vera
882 615 975 703 plane
1007 616 1096 684 nulla
1126 623 1185 685 eet.
1241 617 1383 705 Ineptius

191 737 292 801 etiam
320 742 470 822 peccatur
500 737 535 800 in
565 734 674 800 ficturo
704 736 757 815 ἐρῶ
788 735 893 801 dicam.
953 737 1053 825 Saepe
1088 739 1213 805 videbis
1244 741 1385 820 ἀτιιῖρυ,

190 857 364 938 ιιαταῖρυν,
395 856 561 936 ἀνταίρων,
596 854 743 936 σροαῖρυ,
778 857 894 938 trotio
925 880 982 945 pro
1012 861 1133 941 ἀτεροῖ,
1169 869 1302 941 κατερεῖν
1325 869 1385 928 cet.

188 979 402 1063 Inspiciamus
432 982 466 1043 in
497 997 561 1044 uno
583 978 699 1043 horum
721 981 1010 1064 praestantissimos
1035 979 1183 1060 Codices,
1209 983 1384 1068 inquibus

190 1107 404 1164 c'rNererN
434 1103 546 1164 autin
568 1099 718 1179 συναῖρειν
741 1102 935 1185 pervertitur
958 1107 1014 1167 aul
1037 1104 1071 1169 iu
1094 1111 1250 1184 συνεργεῖν
1273 1110 1329 1170 aut
1352 1107 1387 1169 in

188 1229 365 1300 συνηγορεῖν
389 1221 533 1307 denique.

235 1341 318 1430 Pag.
344 1341 420 1406 414.
445 1341 499 1407 22.
525 1347 659 1422 συνερῶν.
685 1344 725 1408 Α.
750 1343 903 1425 συναίρειν.

341 1463 418 1529 434.
444 1463 497 1530 10.
522 1468 682 1544 συνεροῦσι.
708 1463 741 1530 S.
765 1454 945 1546 cvvclpovor.

343 1584 419 1652 443.
445 1583 477 1652 2.
501 1581 581 1659 ὄντας
606 1593 731 1667 συνερεῖ.
756 1585 795 1652 U.
821 1595 971 1668 συνεργεῖ.

342 1705 420 1775 457.
445 1706 474 1772 5.
500 1714 640 1788 συνερεῖν.
668 1706 701 1774 S.
726 1710 886 1788 συναίρειν.

343 1828 419 1894 503.
445 1829 497 1897 19.
522 1834 728 1909 συνεροῦντας.
754 1827 785 1894 S.
811 1815 1037 1911 συνοῖιροῡντας.

343 1949 419 2016 605.
444 1949 498 2016 24.
522 1958 663 2031 συνερεῖν.
687 1949 720 2018 S.
744 1961 900 2032 συνεργεῖν
923 1952 979 2018 sed
999 1978 1024 2032 γ
1048 1959 1166 2039 puncto
1188 1961 1347 2020 notatum.

323 2071 422 2138 1234.
447 2073 476 2138 3.
503 2073 654 2148 τοιούτους
677 2073 774 2139 σοι’νυν
796 2074 867 2145 τοὺς
891 2079 1130 2155 συνηγοροῦντες
1155 2077 1207 2163 (Α.
1233 2081 1386 2157 συνεροῦν·

191 2219 269 2273 τας,
297 2196 382 2280 quod
404 2215 516 2260 verum
540 2197 600 2279 est)
624 2194 728 2268 αὐτοῖς
753 2195 1045 2277 παρεσκευασμένοι.

236 2317 360 2382 Eadem
390 2319 564 2403 scripturae
595 2318 805 2404 discrepantia
832 2320 952 2404 passim
986 2318 1071 2404 apud
1102 2318 1180 2384 alios
1210 2321 1386 2405 reperitur,

190 2436 297 2504 veluti
330 2439 413 2524 apud
444 2437 576 2526 Lysiam
608 2460 696 2526 pag..
717 2437 794 2506 128.
828 2437 860 2506 9.
893 2440 981 2504 ἀλλά
1007 2440 1059 2504 καῖ
1082 2447 1141 2505 τῶν
1164 2439 1386 2521 ξυνεργούντων

189 2561 297 2629 αὐτοῖς
328 2557 411 2637 ἀξιον
441 2559 609 2641 ῖαυμάζειν
640 2560 763 2641 πότερον
793 2563 832 2634 ὡς
865 2563 953 2626 καλοῖ
978 2563 1109 2638 κάγαθοὶ
1138 2563 1385 2637 αῖτήσοντοιι

190 2683 271 2756 -ή
305 2683 344 2752 ὥς
373 2680 457 2745 δεινοὶ
489 2680 593 2760 λέγειν
624 2684 978 2760 ἀπολογήσονται,
1011 2682 1068 2747 ubi
1098 2681 1249 2748 Reiekius
1271 2705 1386 2750 verum

188 2803 276 2869 vidit
298 2801 495 2882 ξυνερούντυν
518 2823 679 2889 reponens.

237 2923 394 3012 Magnam
424 2927 492 2991 vim
525 2925 709 3006 inutilium,
726 2929 954 3012 scripturarum
979 2947 1141 3014 expungas
1164 2926 1221 2992 ubi
1245 2927 1387 2992 animad-

189 3049 326 3113 verteris
349 3047 534 3124 ἀδικήσουσι
561 3069 579 3112 a
602 3048 712 3113 scribis
734 3050 769 3112 in
790 3047 1013 3125 ἀδικηθήσομαι
1038 3052 1074 3139 ot
1093 3049 1212 3113 similia
1236 3047 1387 3114 similiter

189 3171 311 3255 passim
342 3168 507 3255 depravari
537 3167 645 3234 solere.
692 3170 901 3236 Athenienses
923 3177 1090 3234 constanter
1113 3169 1259 3236 dicebant
1281 3170 1386 3243 ἀδική·
1424 3243 1428 3250 ,

189 3312 309 3367 σομαι,
334 3289 580 3370 ἀτοςερήσομαι,
605 3288 816 3371 ζημιώσομαι,
840 3289 1031 3369 τιμήσομαι,
1056 3292 1268 3373 φάονήσομαι,
1291 3293 1387 3372 φιλή-

188 3436 306 3488 σομαι,
338 3410 538 3493 φοβήσομαι,
572 3412 786 3492 testaceam.
834 3411 923 3478 Haec
952 3415 1060 3479 omnia
1094 3414 1202 3476 mirati
1236 3410 1386 3477 Graeculi

188 3533 230 3599 ad
254 3553 345 3597 enam
368 3532 524 3605 συνήθειαν
549 3530 745 3619 refingebant
769 3531 1036 3612 ἀσοςερηῖήσομαι
1059 3533 1199 3599 dicentes
1220 3538 1252 3598 et
1275 3533 1386 3614 ζημιω-

187 3655 322 3730 θήσομαι
346 3658 377 3720 et
396 3654 632 3735 ὠφεληθήσομαι
653 3659 687 3718 et
705 3653 913 3731 τιμηθήσομαι
931 3657 990 3718 cet.
1037 3652 1123 3717 Hinc
1146 3653 1291 3738 frequens
1313 3652 1384 3717 ubi-

187 3797 252 3862 que
288 3780 336 3840 est
372 3777 406 3839 in
446 3773 564 3840 talibus
600 3773 772 3841 lectionum
806 3775 958 3850 variatas,
996 3793 1075 3857 quae
1110 3792 1172 3837 non
1207 3778 1255 3838 est
1292 3776 1385 3840 unius

188 3899 287 3978 assis,
307 3901 344 3960 ut
362 3896 509 3981 equidem
530 3898 650 3982 opinor.
698 3895 791 3961 Nihil
810 3901 858 3962 est
877 3894 992 3959 utilius
1015 3897 1048 3958 in
1071 3915 1186 3982 genere
1205 3894 1264 3958 hoc
1287 3914 1384 3979 quam

186 4019 221 4081 in
247 4017 467 4102 Aristophanis
490 4017 605 4082 (lodice
628 4016 813 4083 Rauennate
837 4018 1012 4101 scripturae
1036 4014 1257 4080 diversitatem
1280 4015 1384 4081 obser·

187 4158 285 4212 vare,
315 4139 390 4222 quia
420 4138 460 4203 ob
491 4141 587 4204 metri
611 4135 822 4216 τειῖανάγκην
846 4139 957 4202 statim
981 4155 1100 4200 errores
1124 4135 1159 4198 hi
1182 4156 1291 4201 omncs
1315 4156 1384 4201 ma·

187 4259 299 4323 nilesti
330 4263 486 4326 tenentur.
542 4257 689 4324 Multum
719 4260 816 4324 etiam
847 4255 987 4342 proderit
1017 4255 1196 4321 iunioribus
1232 4257 1383 4324 lectiones

188 4401 229 4445 ex
253 4377 407 4444 Urbinate
430 4377 575 4446 Isocratis
599 4399 673 4444 cum
697 4377 840 4466 vulgatis
864 4397 1056 4462 comparare.

235 4499 458 4584 Depravabant
486 4505 647 4587 practerea
676 4519 714 4566 ea
744 4501 851 4565 omnia
883 4497 976 4563 stulti
1008 4496 1174 4576 Graeculi,
1207 4519 1286 4586 quae
1320 4500 1382 4587 ipsi
