3410 5180
929 353 995 422 500

363 537 460 608 Solon
481 539 516 606 in
537 540 674 608 ferendis
695 545 787 610 novis
808 543 936 634 legibus
957 543 1063 611 voluit
1086 543 1267 612 observari:
1290 545 1396 608 ταῦτα
1419 547 1497 609 sunt
1519 565 1561 607 ea

364 669 440 732 quae
469 647 612 727 ἀν’νῖιιιιιι,
646 669 782 735 quorum
813 649 896 715 nihil
927 653 1055 716 omnino
1079 649 1229 736 Leptines
1251 651 1363 716 fecisse
1386 651 1557 738 arguitur:

364 759 396 816 οί
427 775 480 817 noe
505 754 636 839 (inquit)
652 757 786 841 sectatus
808 757 1013 822 haecomnia.
1062 757 1231 822 Praeterea
1254 754 1323 822 dele
1346 776 1462 822 nomen
1485 775 1559 842 pro-

364 859 472 944 prium
495 858 652 934 Λεπτίνης
675 859 778 926 aliene
801 861 873 927 sede
894 859 1095 928 collocatum.

410 1065 491 1154 Peg.
524 1064 602 1132 489.
637 1066 691 1135 10.
721 1070 774 1135 oba
806 1068 888 1149 ἔξει-ι
919 1070 1006 1150 παρά
1036 1079 1100 1144 τοῖς
1130 1069 1385 1149 Λακεδαιμονίοις
1418 1069 1463 1135 τά
1497 1075 1557 1134 τῶν

364 1170 533 1247 Ἀθηναίων
562 1175 697 1240 ἐπαινεῖν
727 1175 845 1255 νόμιμα
861 1215 920 1262 -,
952 1176 1030 1242 ἀλλ’
1061 1168 1147 1260 ἀπῇ
1170 1176 1244 1258 παρ’
1268 1177 1387 1250 ἐκείνοις
1411 1175 1557 1258 πολιτεία

367 1278 519 1360 συμφέρει
541 1279 636 1346 ταῦτ’
661 1283 796 1348 ἐπαινεῖν
818 1282 942 1361 ἀνάγιιιρ
967 1283 1020 1348 οιαὶ
1044 1290 1148 1348 ποιεῖν.
1184 1282 1318 1348 Prorsus
1342 1283 1484 1348 alienum
1507 1287 1558 1346 est

367 1403 386 1450 a
416 1383 479 1450 1οοὶ
506 1389 663 1454 sententia
686 1388 738 1452 καί
763 1395 869 1454 ποιεῖν.
915 1388 987 1456 Hoc
1010 1388 1139 1474 quidem
1164 1391 1275 1475 opinor
1296 1388 1455 1455 habebant
1477 1389 1556 1453 oiri·

367 1493 450 1555 teter
473 1511 599 1570 omnes,
623 1498 662 1559 ut
683 1496 769 1560 cives
792 1500 980 1582 cogerentur
1003 1502 1098 1560 ποιεῖν
1120 1489 1142 1558 ἀ
1167 1503 1204 1575 τῇ
1229 1493 1371 1577 πολιτεία
1392 1489 1555 1573 συμφέρει.

368 1591 482 1662 Omnis
516 1603 598 1664 esset
632 1603 754 1666 remote
786 1600 935 1666 molestia
966 1603 994 1666 si
1028 1599 1189 1688 legeretur
1221 1603 1313 1664 ταῦτ’
1344 1599 1468 1678 ἀνοίγιιν
1500 1596 1554 1661 καῖ

367 1698 599 1770 ’61]ΑΙΝΕΙΝ.
645 1704 769 1791 Nempe
798 1705 859 1772 hoe
889 1711 984 1795 urget
1014 1703 1127 1771 Orator
1155 1729 1228 1771 ιιιοο
1256 1727 1395 1792 qumque
1423 1703 1557 1768 ονὀἰίοίιζι

367 1804 508 1874 uetitum
531 1817 559 1875 et
580 1811 657 1892 ίοροο
679 1813 804 1876 laudare
825 1821 974 1897 oportere,
996 1834 1056 1877 ινοιι
1080 1813 1181 1877 atiena
1205 1813 1355 1878 σσίοίίοιο.
1401 1810 1439 1876 Ιιι
1462 1831 1499 1876 ea
1521 1831 1556 1874 re

367 1913 466 1978 etiem
496 1918 551 2000 qui
581 1917 817 1984 mentiebantur
848 1919 888 1985 ad
911 1921 1067 1985 maiorem
1089 1921 1211 2004 patriae
1232 1917 1371 2006 gloriam
1393 1916 1556 2003 paratissi-

368 2038 457 2085 mam
489 2024 618 2088 veniam
651 2024 866 2108 impetrabant
901 2028 933 2090 et
965 2024 1177 2092 laudabantur
1211 2025 1328 2110 potius.
1374 2021 1462 2087 Audi
1494 2021 1556 2087 De·

366 2126 565 2193 mosthenem
596 2129 795 2213 apertissime
825 2131 859 2197 id
889 2130 1091 2198 confitentem
1124 2152 1199 2217 pag.
1235 2128 1311 2195 493.
1347 2124 1378 2194 7.
1410 2129 1479 2200 τοὺς
1512 2127 1556 2192 πά

369 2236 502 2296 τοιαῦτα
529 2233 682 2312 λέγοντας
714 2234 967 2317 παραδείγματα
998 2240 1036 2309 ὥς
1070 2236 1117 2317 ἀρ’
1150 2233 1415 2320 instrumienta
1447 2231 1555 2320 νοσοίη)

367 2336 503 2416 μεγάλα
527 2335 560 2404 εὖ
585 2337 732 2412 παίίντει
756 2340 848 2407 οὐδέν’
871 2343 1023 2420 ἐτίμησαν
1040 2380 1082 2392 -
1101 2340 1306 2414 ἀπαιδεύτους
1331 2340 1448 2418 ἡγεῖσθ’
1478 2335 1556 2404 εἶναι

369 2441 504 2510 -διδτι
539 2446 631 2511 ἐκεῖνο
666 2450 826 2524 ἀγνοοῦσιν
858 2443 917 2526 ὅτι,
949 2451 983 2514 εί
1014 2449 1063 2513 τά
1095 2447 1261 2526 μάλιτα
1290 2447 1402 2512 ταῦθ’
1433 2441 1555 2518 οὕτως

368 2546 505 2631 εῖχεν,
537 2550 690 2632 ἀρνεῖσθαι
713 2555 836 2630 μάλλον
858 2553 875 2629 ἢ
899 2553 1005 2633 λέγειν
1027 2555 1131 2626 αὐτοῖς
1155 2559 1312 2633 προσῆκει.

412 2759 492 2847 Peg.
514 2757 591 2824 490.
612 2757 667 2826 21.
687 2760 712 2824 εί
734 2759 787 2824 καὶ
807 2761 893 2827 ιιατά
915 2763 991 2850 [τὸν]
1012 2763 1162 2842 λογισμὸν
1180 2762 1283 2827 ἐκεῖνα
1300 2759 1413 2842 Φαυείιρ
1425 2758 1557 2838 βελτίω.

368 2864 444 2931 Sine
473 2864 609 2932 articulo
641 2865 787 2931 dibebant
818 2868 905 2934 κατά
935 2867 1087 2948 λογισμίυ
1117 2874 1150 2935 et
1173 2868 1206 2933 ἒιι
1229 2871 1397 2946 λογισμοῦ,
1419 2871 1459 2932 ut
1480 2886 1554 2954 pag.

370 2968 446 3039 780.
462 2967 499 3035 ’2.
524 2970 579 3044 τὴν
601 2972 636 3036 ea
658 2978 810 3051 λογισμοῦ
834 2975 1001 3054 σωτηρίαν,
1026 2980 1059 3041 et
1081 2974 1154 3040 eliis
1176 2973 1264 3040 loeis.

412 3179 493 3270 Peg.
526 3178 604 3247 491.
634 3180 664 3247 1.
697 3182 749 3247 ιιαί
781 3185 855 3265 παρ’
887 3185 960 3262 ἡμῖν
990 3184 1042 3249 ἐπὶ
1071 3189 1129 3249 τῶν
1159 3182 1309 3264 προγόνων
1338 3181 1432 3248 πόλλ’
1456 3179 1556 3260 ἀγάί’

367 3287 562 3367 εἰργασμένοι
593 3287 671 3361 τινὲς
703 3285 818 3361 οὐδενὸς
850 3289 985 3367 ἠξιοῦντο
1015 3290 1166 3366 τοιούτου,
1190 3289 1265 3354 ἀλλ’
1287 3289 1463 3366 ἀγαπητῶς
1486 3287 1555 3351 ἔπι-

366 3391 556 3473 γράμματος
581 3395 612 3458 ἐν
634 3401 698 3465 τοῖς
721 3398 852 3474 Ἑρμαῖς
876 3392 986 3475 ἔτυχον
1009 3395 1061 3461 καὶ
1085 3393 1156 3468 ίους
1179 3397 1260 3460 τοῦί’
1284 3396 1355 3473 ὑμῖν
1378 3392 1555 3470 ἀναγνώσε-

365 3521 419 3565 παι
442 3497 478 3563 τὸ
503 3498 705 3580 ἐπίγραμμα.
752 3500 899 3566 Postulat
922 3503 969 3566 rei
990 3507 1104 3567 natura
1124 3499 1283 3587 pluralem
1306 3519 1477 3564 numemm
1499 3499 1552 3562 ιιοιὶ

366 3605 436 3678 ίσυρ
468 3606 597 3670 Tene·
631 3606 701 3685 ὑμῖν
731 3606 947 3685 ἀναγνώσεται
981 3605 1274 3689 πάπιγράμμαΤΑ.
1319 3604 1497 3694 Vulgatem
1524 3606 1553 3668 si

364 3711 574 3777 retinebimus
603 3711 767 3777 videbitur
797 3712 827 3775 ἐν
856 3719 918 3786 τοῖς
949 3716 1079 3795 Ἑρμαῖς
1109 3733 1211 3779 unum
1242 3717 1336 3798 atque
1370 3710 1456 3777 idem
1487 3711 1553 3796 epi·

365 3835 513 3906 gramma
534 3814 679 3902 pluribus
703 3836 871 3884 commune
894 3821 1084 3905 inscriptum
1108 3819 1223 3894 fuisse,
1248 3817 1331 3903 quod
1353 3837 1465 3883 verum
1489 3837 1552 3880 non

366 3943 433 3988 esse
468 3926 599 3989 constat.
649 3921 772 4008 Nempe
807 3923 890 4008 qnod
926 3924 1154 3990 Demosthenes
1187 3922 1357 4009 Leptinem
1390 3922 1552 3987 facturum

364 4050 432 4096 esse
451 4029 630 4115 suspicatur
646 4027 818 4094 Aeschines
837 4030 872 4093 in
896 4029 1102 4114 θινιιρίιονιιοο
1121 4029 1217 4106 iecit,
1238 4029 1293 4114 qui
1313 4029 1375 4094 tria
1392 4028 1550 4114 epigram·

364 4139 453 4200 mete
477 4135 507 4198 ἐν
529 4141 593 4204 ποῖι
617 4135 747 4214 Ἑρμαῖς
770 4135 871 4199 incisa
893 4135 1053 4202 indicibus
1074 4137 1231 4201 recitavit.

411 4343 490 4430 Peg.
523 4341 599 4409 491.
632 4342 665 4408 8.
698 4343 723 4408 εί
754 4343 811 4420 μὲν
841 4345 905 4423 γάρ
938 4344 1080 4423 ἀναξίους
1106 4342 1185 4412 είυαί
1207 4370 1253 4419 τις
1277 4343 1371 4427 Φῆσει
1394 4343 1552 4416 ιιάιιείνους

362 4448 530 4527 τιμάοίαι,
562 4447 609 4522 τίς
642 4445 726 4524 ἀξιος
759 4447 894 4536 είπάπυ,
921 4451 960 4537 [εί
982 4451 1063 4530 μήτε
1086 4458 1145 4517 τῶν
1168 4451 1314 4534 προτέρου
1338 4449 1443 4530 μηδεὶς
1468 4449 1555 4528 μήτε
