<?xml version="1.0" encoding="UTF-8"?>
<!DOCTYPE html PUBLIC "-//W3C//DTD XHTML 1.0 Transitional//EN"
    "http://www.w3.org/TR/xhtml1/DTD/xhtml1-transitional.dtd">
<html xmlns="http://www.w3.org/1999/xhtml" xml:lang="en" lang="en">
 <head>
  <title>
</title>
<meta http-equiv="Content-Type" content="text/html;charset=utf-8" />
  <meta name='ocr-system' content='tesseract 3.04.00' />
  <meta name='ocr-capabilities' content='ocr_page ocr_carea ocr_par ocr_line ocrx_word'/>
</head>
<body>
  <div class='ocr_page' id='page_1' title='image "./miscellaneacrit01cobegoog_0384.png"; bbox 0 0 3392 5186; ppageno 0'>
   <div class='ocr_carea' id='block_1_1' title="bbox 747 361 812 426">
    <p class='ocr_par' dir='ltr' id='par_1_1' title="bbox 747 361 812 426">
     <span class='ocr_line' id='line_1_1' title="bbox 747 361 812 426; baseline 0 0"><span class='ocrx_word' id='word_1_1' title='bbox 747 361 812 426; x_wconf 79' lang='lat'><strong>359</strong></span> 
     </span>
    </p>
   </div>
   <div class='ocr_carea' id='block_1_2' title="bbox 181 547 1372 1794">
    <p class='ocr_par' dir='ltr' id='par_1_2' title="bbox 181 547 1372 1794">
     <span class='ocr_line' id='line_1_2' title="bbox 229 547 1372 638; baseline 0 -22"><span class='ocrx_word' id='word_1_2' title='bbox 229 547 299 616; x_wconf 78' lang='lat' dir='ltr'><strong>Iam</strong></span> <span class='ocrx_word' id='word_1_3' title='bbox 322 551 412 617; x_wconf 83' lang='lat' dir='ltr'><strong>rides</strong></span> <span class='ocrx_word' id='word_1_4' title='bbox 434 571 543 617; x_wconf 83' lang='lat' dir='ltr'><strong>vorem</strong></span> <span class='ocrx_word' id='word_1_5' title='bbox 567 549 736 616; x_wconf 81' lang='lat' dir='ltr'><strong>lectionem</strong></span> <span class='ocrx_word' id='word_1_6' title='bbox 759 549 840 616; x_wconf 80' lang='lat' dir='ltr'><strong>hunc</strong></span> <span class='ocrx_word' id='word_1_7' title='bbox 865 567 951 616; x_wconf 75' lang='lat' dir='ltr'><strong>esset</strong></span> <span class='ocrx_word' id='word_1_8' title='bbox 983 550 1067 631; x_wconf 76' lang='grc' dir='ltr'><strong><em>εἴπερ</em></strong></span> <span class='ocrx_word' id='word_1_9' title='bbox 1091 552 1153 630; x_wconf 76' lang='grc' dir='ltr'><strong>γὰρ</strong></span> <span class='ocrx_word' id='word_1_10' title='bbox 1167 587 1186 600; x_wconf 90' lang='grc'><strong>-</strong></span> <span class='ocrx_word' id='word_1_11' title='bbox 1199 557 1312 638; x_wconf 69' lang='grc' dir='ltr'><strong><em>φῇσιν,</em></strong></span> <span class='ocrx_word' id='word_1_12' title='bbox 1338 551 1372 616; x_wconf 89' lang='lat' dir='ltr'><strong>id</strong></span> 
     </span>
     <span class='ocr_line' id='line_1_3' title="bbox 181 654 829 741; baseline -0.002 -19"><span class='ocrx_word' id='word_1_13' title='bbox 181 663 233 722; x_wconf 89' lang='lat' dir='ltr'><strong>est</strong></span> <span class='ocrx_word' id='word_1_14' title='bbox 256 659 309 722; x_wconf 75' lang='grc' dir='ltr'><strong><em>ἐὰν</em></strong></span> <span class='ocrx_word' id='word_1_15' title='bbox 334 664 392 739; x_wconf 65' lang='grc' dir='ltr'><strong>φῇ.</strong></span> <span class='ocrx_word' id='word_1_16' title='bbox 415 655 509 741; x_wconf 83' lang='lat' dir='ltr'><strong>plane</strong></span> <span class='ocrx_word' id='word_1_17' title='bbox 532 660 570 720; x_wconf 89' lang='lat' dir='ltr'><strong>ut</strong></span> <span class='ocrx_word' id='word_1_18' title='bbox 592 655 684 722; x_wconf 80' lang='lat' dir='ltr'><strong>Iliad.</strong></span> <span class='ocrx_word' id='word_1_19' title='bbox 708 667 748 720; x_wconf 84' lang='grc' dir='ltr'><strong>λ.</strong></span> <span class='ocrx_word' id='word_1_20' title='bbox 774 654 829 721; x_wconf 86' lang='grc'><strong>81.</strong></span> 
     </span>
     <span class='ocr_line' id='line_1_4' title="bbox 320 761 1207 845; baseline 0.006 -19"><span class='ocrx_word' id='word_1_21' title='bbox 320 763 403 842; x_wconf 75' lang='grc' dir='ltr'><strong><em>εἴπερ</em></strong></span> <span class='ocrx_word' id='word_1_22' title='bbox 426 761 488 841; x_wconf 76' lang='grc' dir='ltr'><strong><em>γοέρ</em></strong></span> <span class='ocrx_word' id='word_1_23' title='bbox 511 785 546 826; x_wconf 84' lang='grc' dir='ltr'><strong>τε</strong></span> <span class='ocrx_word' id='word_1_24' title='bbox 569 762 665 844; x_wconf 81' lang='grc' dir='ltr'><strong><em>χόλον</em></strong></span> <span class='ocrx_word' id='word_1_25' title='bbox 687 786 727 839; x_wconf 90' lang='grc' dir='ltr'><strong>γε</strong></span> <span class='ocrx_word' id='word_1_26' title='bbox 751 763 803 826; x_wconf 76' lang='grc' dir='ltr'><strong>καὶ</strong></span> <span class='ocrx_word' id='word_1_27' title='bbox 827 764 975 840; x_wconf 76' lang='grc' dir='ltr'><strong><em>αὐτῆμαρ</em></strong></span> <span class='ocrx_word' id='word_1_28' title='bbox 998 763 1207 845; x_wconf 83' lang='grc' dir='ltr'><strong><em>καταπέψΗῐ.</em></strong></span> 
     </span>
     <span class='ocr_line' id='line_1_5' title="bbox 182 866 1372 952; baseline 0.008 -18"><span class='ocrx_word' id='word_1_29' title='bbox 182 869 217 934; x_wconf 90' lang='lat' dir='ltr'><strong>id</strong></span> <span class='ocrx_word' id='word_1_30' title='bbox 240 875 288 935; x_wconf 87' lang='lat' dir='ltr'><strong>cst</strong></span> <span class='ocrx_word' id='word_1_31' title='bbox 310 872 364 934; x_wconf 77' lang='grc' dir='ltr'><strong><em>ἐὰν</em></strong></span> <span class='ocrx_word' id='word_1_32' title='bbox 386 867 575 952; x_wconf 82' lang='grc' dir='ltr'><strong><em>καταπέψρ,</em></strong></span> <span class='ocrx_word' id='word_1_33' title='bbox 600 875 632 934; x_wconf 91' lang='lat' dir='ltr'><strong>et</strong></span> <span class='ocrx_word' id='word_1_34' title='bbox 654 869 732 934; x_wconf 80' lang='lat' dir='ltr'><strong>olibi</strong></span> <span class='ocrx_word' id='word_1_35' title='bbox 755 871 889 952; x_wconf 75' lang='lat' dir='ltr'><strong>saepius.</strong></span> <span class='ocrx_word' id='word_1_36' title='bbox 937 866 1133 934; x_wconf 80' lang='lat' dir='ltr'><strong>Simillimus</strong></span> <span class='ocrx_word' id='word_1_37' title='bbox 1155 879 1263 939; x_wconf 84' lang='lat' dir='ltr'><strong>eutem</strong></span> <span class='ocrx_word' id='word_1_38' title='bbox 1283 875 1372 944; x_wconf 88' lang='lat' dir='ltr'><strong>locus</strong></span> 
     </span>
     <span class='ocr_line' id='line_1_6' title="bbox 184 973 584 1062; baseline -0.005 -22"><span class='ocrx_word' id='word_1_39' title='bbox 184 978 289 1040; x_wconf 82' lang='lat' dir='ltr'><strong>estin</strong></span> <span class='ocrx_word' id='word_1_40' title='bbox 312 975 426 1062; x_wconf 83' lang='lat' dir='ltr'><strong>Odyse.</strong></span> <span class='ocrx_word' id='word_1_41' title='bbox 450 997 483 1039; x_wconf 85' lang='grc' dir='ltr'><strong>α.</strong></span> <span class='ocrx_word' id='word_1_42' title='bbox 510 973 584 1039; x_wconf 83' lang='grc'><strong>168.</strong></span> 
     </span>
     <span class='ocr_line' id='line_1_7' title="bbox 569 1079 1106 1160; baseline 0.002 -17"><span class='ocrx_word' id='word_1_43' title='bbox 569 1079 653 1158; x_wconf 78' lang='grc' dir='ltr'><strong><em>εἴπερ</em></strong></span> <span class='ocrx_word' id='word_1_44' title='bbox 676 1105 722 1154; x_wconf 88' lang='grc' dir='ltr'><strong><em>τις</em></strong></span> <span class='ocrx_word' id='word_1_45' title='bbox 748 1080 925 1160; x_wconf 72' lang='grc' dir='ltr'><strong><em>ἐπιχθονίων</em></strong></span> <span class='ocrx_word' id='word_1_46' title='bbox 949 1079 1106 1158; x_wconf 67' lang='grc' dir='ltr'><strong><em>ἀνθρώπων</em></strong></span> 
     </span>
     <span class='ocr_line' id='line_1_8' title="bbox 451 1186 757 1269; baseline -0.007 -19"><span class='ocrx_word' id='word_1_47' title='bbox 451 1191 545 1269; x_wconf 71' lang='grc' dir='ltr'><strong><em>φῇσιν</em></strong></span> <span class='ocrx_word' id='word_1_48' title='bbox 569 1186 757 1252; x_wconf 75' lang='grc' dir='ltr'><strong><em>έλεύοεοέαο.</em></strong></span> 
     </span>
     <span class='ocr_line' id='line_1_9' title="bbox 183 1290 1347 1376; baseline 0.008 -19"><span class='ocrx_word' id='word_1_49' title='bbox 183 1293 242 1357; x_wconf 89' lang='lat' dir='ltr'><strong>ubi</strong></span> <span class='ocrx_word' id='word_1_50' title='bbox 263 1292 339 1357; x_wconf 85' lang='lat' dir='ltr'>libri</span> <span class='ocrx_word' id='word_1_51' title='bbox 362 1312 487 1368; x_wconf 86' lang='lat' dir='ltr'><strong>omnes,</strong></span> <span class='ocrx_word' id='word_1_52' title='bbox 510 1297 548 1356; x_wconf 91' lang='lat' dir='ltr'><strong>ut</strong></span> <span class='ocrx_word' id='word_1_53' title='bbox 571 1294 604 1356; x_wconf 92' lang='lat' dir='ltr'><strong>in</strong></span> <span class='ocrx_word' id='word_1_54' title='bbox 626 1296 733 1356; x_wconf 88' lang='lat' dir='ltr'><strong>nostro</strong></span> <span class='ocrx_word' id='word_1_55' title='bbox 756 1290 844 1366; x_wconf 77' lang='lat'>1000,</span> <span class='ocrx_word' id='word_1_56' title='bbox 868 1294 962 1370; x_wconf 76' lang='grc' dir='ltr'><strong><em>Φήοεν</em></strong></span> <span class='ocrx_word' id='word_1_57' title='bbox 987 1312 1044 1376; x_wconf 94' lang='lat' dir='ltr'><strong>pro</strong></span> <span class='ocrx_word' id='word_1_58' title='bbox 1069 1299 1164 1374; x_wconf 68' lang='grc' dir='ltr'><strong><em>φῇσιν</em></strong></span> <span class='ocrx_word' id='word_1_59' title='bbox 1187 1298 1347 1366; x_wconf 83' lang='lat' dir='ltr'><strong>exhibent.</strong></span> 
     </span>
     <span class='ocr_line' id='line_1_10' title="bbox 229 1395 1345 1489; baseline 0.009 -28"><span class='ocrx_word' id='word_1_60' title='bbox 229 1397 319 1463; x_wconf 85' lang='lat' dir='ltr'><strong>Idem</strong></span> <span class='ocrx_word' id='word_1_61' title='bbox 341 1396 495 1463; x_wconf 89' lang='lat' dir='ltr'><strong>mendum</strong></span> <span class='ocrx_word' id='word_1_62' title='bbox 518 1395 577 1462; x_wconf 90' lang='lat' dir='ltr'><strong>Od.</strong></span> <span class='ocrx_word' id='word_1_63' title='bbox 601 1422 635 1462; x_wconf 94' lang='grc' dir='ltr'><strong>π.</strong></span> <span class='ocrx_word' id='word_1_64' title='bbox 660 1396 738 1462; x_wconf 84' lang='grc'><strong>282.</strong></span> <span class='ocrx_word' id='word_1_65' title='bbox 762 1399 882 1462; x_wconf 86' lang='lat' dir='ltr'><strong>exemit</strong></span> <span class='ocrx_word' id='word_1_66' title='bbox 903 1396 1079 1463; x_wconf 79' lang='lat' dir='ltr'><strong>Bckkerus.</strong></span> <span class='ocrx_word' id='word_1_67' title='bbox 1129 1399 1345 1489; x_wconf 73' lang='lat' dir='ltr'>Vulgabatur:</span> 
     </span>
     <span class='ocr_line' id='line_1_11' title="bbox 343 1504 1199 1584; baseline 0.004 -16"><span class='ocrx_word' id='word_1_68' title='bbox 343 1504 534 1569; x_wconf 65' lang='lat' dir='ltr'><strong>bortrensi</strong></span> <span class='ocrx_word' id='word_1_69' title='bbox 558 1505 749 1581; x_wconf 77' lang='grc' dir='ltr'><strong><em>πολύβουλος</em></strong></span> <span class='ocrx_word' id='word_1_70' title='bbox 774 1505 814 1567; x_wconf 70' lang='lat' dir='ltr'><strong>toi</strong></span> <span class='ocrx_word' id='word_1_71' title='bbox 839 1505 929 1584; x_wconf 74' lang='grc' dir='ltr'><strong><em>φρεσὶ</em></strong></span> <span class='ocrx_word' id='word_1_72' title='bbox 955 1505 1053 1578; x_wconf 59' lang='lat' dir='ltr'><strong>tirel</strong></span> <span class='ocrx_word' id='word_1_73' title='bbox 1079 1507 1199 1583; x_wconf 73' lang='grc' dir='ltr'><strong><em>Ἀθήνη.</em></strong></span> 
     </span>
     <span class='ocr_line' id='line_1_12' title="bbox 182 1609 1202 1694; baseline 0.002 -20"><span class='ocrx_word' id='word_1_74' title='bbox 182 1611 303 1694; x_wconf 89' lang='lat' dir='ltr'><strong>optime</strong></span> <span class='ocrx_word' id='word_1_75' title='bbox 325 1611 461 1675; x_wconf 75' lang='lat' dir='ltr'><strong>conexit</strong></span> <span class='ocrx_word' id='word_1_76' title='bbox 483 1612 577 1690; x_wconf 70' lang='grc' dir='ltr'><strong><em>θῇσιν.</em></strong></span> <span class='ocrx_word' id='word_1_77' title='bbox 601 1610 675 1675; x_wconf 80' lang='lat' dir='ltr'><strong>vide</strong></span> <span class='ocrx_word' id='word_1_78' title='bbox 698 1616 730 1674; x_wconf 89' lang='lat' dir='ltr'><strong>et</strong></span> <span class='ocrx_word' id='word_1_79' title='bbox 753 1609 975 1674; x_wconf 78' lang='lat' dir='ltr'><strong>Aristarchum</strong></span> <span class='ocrx_word' id='word_1_80' title='bbox 999 1609 1038 1674; x_wconf 85' lang='lat' dir='ltr'><strong>cd</strong></span> <span class='ocrx_word' id='word_1_81' title='bbox 1063 1620 1102 1675; x_wconf 91' lang='grc' dir='ltr'><strong>Ο.</strong></span> <span class='ocrx_word' id='word_1_82' title='bbox 1126 1611 1202 1676; x_wconf 85' lang='grc'><strong>359.</strong></span> 
     </span>
     <span class='ocr_line' id='line_1_13' title="bbox 433 1711 1082 1794; baseline 0 -15"><span class='ocrx_word' id='word_1_83' title='bbox 433 1715 545 1780; x_wconf 74' lang='grc' dir='ltr'><strong><em>ὁππότ’</em></strong></span> <span class='ocrx_word' id='word_1_84' title='bbox 570 1716 643 1794; x_wconf 69' lang='grc' dir='ltr'><strong><em>ἀνὴρ</em></strong></span> <span class='ocrx_word' id='word_1_85' title='bbox 666 1715 780 1786; x_wconf 71' lang='grc' dir='ltr'><strong><em>σθένεος</em></strong></span> <span class='ocrx_word' id='word_1_86' title='bbox 803 1717 982 1792; x_wconf 80' lang='grc' dir='ltr'><strong><em>πειρώμενος</em></strong></span> <span class='ocrx_word' id='word_1_87' title='bbox 1008 1711 1082 1794; x_wconf 62' lang='grc' dir='ltr'><strong><em>ᾖον.</em></strong></span> 
     </span>
    </p>
   </div>
   <div class='ocr_carea' id='block_1_3' title="bbox 714 2023 840 2088">
    <p class='ocr_par' dir='ltr' id='par_1_3' title="bbox 714 2023 840 2088">
     <span class='ocr_line' id='line_1_14' title="bbox 714 2023 840 2088; baseline -0.016 0"><span class='ocrx_word' id='word_1_88' title='bbox 714 2023 840 2088; x_wconf 82' lang='lat' dir='ltr'>XLVII.</span> 
     </span>
    </p>
   </div>
   <div class='ocr_carea' id='block_1_4' title="bbox 656 2238 904 2299">
    <p class='ocr_par' dir='ltr' id='par_1_4' title="bbox 656 2238 904 2299">
     <span class='ocr_line' id='line_1_15' title="bbox 656 2238 904 2299; baseline -0.02 0"><span class='ocrx_word' id='word_1_89' title='bbox 656 2238 904 2299; x_wconf 76' lang='grc' dir='ltr'><strong>ΔΕΧΜΕΝΟΟ.</strong></span> 
     </span>
    </p>
   </div>
   <div class='ocr_carea' id='block_1_5' title="bbox 181 2439 1373 3898">
    <p class='ocr_par' dir='ltr' id='par_1_5' title="bbox 181 2439 1373 3898">
     <span class='ocr_line' id='line_1_16' title="bbox 227 2439 1369 2530; baseline 0.004 -22"><span class='ocrx_word' id='word_1_90' title='bbox 227 2443 377 2508; x_wconf 81' lang='lat' dir='ltr'><strong>Habebat</strong></span> <span class='ocrx_word' id='word_1_91' title='bbox 404 2441 482 2508; x_wconf 91' lang='lat' dir='ltr'><strong>olim</strong></span> <span class='ocrx_word' id='word_1_92' title='bbox 514 2444 646 2509; x_wconf 84' lang='lat' dir='ltr'><strong>verbum</strong></span> <span class='ocrx_word' id='word_1_93' title='bbox 679 2443 813 2524; x_wconf 75' lang='grc' dir='ltr'><strong><em>δέχομαι</em></strong></span> <span class='ocrx_word' id='word_1_94' title='bbox 843 2445 877 2506; x_wconf 91' lang='lat' dir='ltr'><strong>in</strong></span> <span class='ocrx_word' id='word_1_95' title='bbox 906 2439 1020 2529; x_wconf 80' lang='lat' dir='ltr'><strong>lingue</strong></span> <span class='ocrx_word' id='word_1_96' title='bbox 1043 2441 1142 2526; x_wconf 78' lang='lat' dir='ltr'><strong>Epicu</strong></span> <span class='ocrx_word' id='word_1_97' title='bbox 1163 2447 1369 2530; x_wconf 78' lang='lat' dir='ltr'><strong>participium</strong></span> 
     </span>
     <span class='ocr_line' id='line_1_17' title="bbox 181 2547 1370 2636; baseline 0.003 -21"><span class='ocrx_word' id='word_1_98' title='bbox 181 2570 239 2636; x_wconf 89' lang='lat' dir='ltr'><strong>pcr</strong></span> <span class='ocrx_word' id='word_1_99' title='bbox 268 2567 427 2635; x_wconf 78' lang='lat' dir='ltr'><strong>syncopen</strong></span> <span class='ocrx_word' id='word_1_100' title='bbox 455 2554 652 2614; x_wconf 80' lang='lat' dir='ltr'><strong>contractum</strong></span> <span class='ocrx_word' id='word_1_101' title='bbox 685 2552 849 2635; x_wconf 80' lang='lat' dir='ltr'><strong>(quoniam</strong></span> <span class='ocrx_word' id='word_1_102' title='bbox 881 2549 1018 2613; x_wconf 82' lang='lat' dir='ltr'><strong>formem</strong></span> <span class='ocrx_word' id='word_1_103' title='bbox 1041 2547 1204 2628; x_wconf 76' lang='grc' dir='ltr'><strong><em>δεχόμενος</em></strong></span> <span class='ocrx_word' id='word_1_104' title='bbox 1228 2559 1370 2618; x_wconf 83' lang='lat' dir='ltr'><strong>metrum</strong></span> 
     </span>
     <span class='ocr_line' id='line_1_18' title="bbox 182 2653 1370 2738; baseline 0.005 -19"><span class='ocrx_word' id='word_1_105' title='bbox 182 2675 246 2720; x_wconf 88' lang='lat' dir='ltr'><strong>non</strong></span> <span class='ocrx_word' id='word_1_106' title='bbox 275 2653 477 2734; x_wconf 80' lang='lat' dir='ltr'><strong>admittebat)</strong></span> <span class='ocrx_word' id='word_1_107' title='bbox 505 2658 540 2719; x_wconf 88' lang='lat' dir='ltr'><strong>in</strong></span> <span class='ocrx_word' id='word_1_108' title='bbox 570 2655 738 2736; x_wconf 73' lang='grc' dir='ltr'><strong><em>δέχμενος,</em></strong></span> <span class='ocrx_word' id='word_1_109' title='bbox 772 2676 846 2720; x_wconf 88' lang='lat' dir='ltr'><strong>cum</strong></span> <span class='ocrx_word' id='word_1_110' title='bbox 877 2657 1061 2738; x_wconf 83' lang='lat' dir='ltr'><strong>compositis</strong></span> <span class='ocrx_word' id='word_1_111' title='bbox 1093 2656 1313 2736; x_wconf 68' lang='grc' dir='ltr'><strong><em>ποτιδέγμενος</em></strong></span> <span class='ocrx_word' id='word_1_112' title='bbox 1338 2665 1370 2725; x_wconf 83' lang='lat' dir='ltr'><strong>et</strong></span> 
     </span>
     <span class='ocr_line' id='line_1_19' title="bbox 183 2759 1372 2849; baseline 0.005 -25"><span class='ocrx_word' id='word_1_113' title='bbox 183 2759 408 2842; x_wconf 72' lang='grc' dir='ltr'><strong><em>ὑποδέγμενος,</em></strong></span> <span class='ocrx_word' id='word_1_114' title='bbox 433 2781 513 2845; x_wconf 81' lang='lat' dir='ltr'><strong>quse</strong></span> <span class='ocrx_word' id='word_1_115' title='bbox 530 2763 637 2826; x_wconf 83' lang='lat' dir='ltr'><strong>omnia</strong></span> <span class='ocrx_word' id='word_1_116' title='bbox 647 2761 817 2844; x_wconf 75' lang='grc' dir='ltr'><strong><em>ρτοοοοκιὶο</em></strong></span> <span class='ocrx_word' id='word_1_117' title='bbox 836 2763 988 2845; x_wconf 90' lang='lat' dir='ltr'><strong>temporis</strong></span> <span class='ocrx_word' id='word_1_118' title='bbox 1007 2779 1073 2825; x_wconf 85' lang='lat' dir='ltr'><strong>esee</strong></span> <span class='ocrx_word' id='word_1_119' title='bbox 1089 2761 1267 2846; x_wconf 84' lang='lat' dir='ltr'><strong>complures</strong></span> <span class='ocrx_word' id='word_1_120' title='bbox 1287 2765 1372 2849; x_wconf 85' lang='lat' dir='ltr'><strong>sputi</strong></span> 
     </span>
     <span class='ocr_line' id='line_1_20' title="bbox 182 2865 1371 2950; baseline 0.004 -20"><span class='ocrx_word' id='word_1_121' title='bbox 182 2865 362 2931; x_wconf 87' lang='lat' dir='ltr'>Homerum</span> <span class='ocrx_word' id='word_1_122' title='bbox 391 2865 455 2931; x_wconf 92' lang='lat' dir='ltr'><strong>loci</strong></span> <span class='ocrx_word' id='word_1_123' title='bbox 486 2868 654 2932; x_wconf 71' lang='lat' dir='ltr'><strong>manifesto</strong></span> <span class='ocrx_word' id='word_1_124' title='bbox 686 2865 855 2931; x_wconf 78' lang='lat' dir='ltr'><strong>declarant.</strong></span> <span class='ocrx_word' id='word_1_125' title='bbox 904 2865 1018 2930; x_wconf 86' lang='lat' dir='ltr'><strong>Nescio</strong></span> <span class='ocrx_word' id='word_1_126' title='bbox 1049 2886 1111 2950; x_wconf 91' lang='lat' dir='ltr'><strong>quo</strong></span> <span class='ocrx_word' id='word_1_127' title='bbox 1135 2868 1300 2933; x_wconf 90' lang='lat' dir='ltr'><strong>doctorum</strong></span> <span class='ocrx_word' id='word_1_128' title='bbox 1324 2892 1371 2936; x_wconf 92' lang='lat' dir='ltr'><strong>er-</strong></span> 
     </span>
     <span class='ocr_line' id='line_1_21' title="bbox 182 2970 1373 3057; baseline 0.003 -21"><span class='ocrx_word' id='word_1_129' title='bbox 182 2991 252 3037; x_wconf 92' lang='lat' dir='ltr'><strong>rore</strong></span> <span class='ocrx_word' id='word_1_130' title='bbox 280 2972 401 3037; x_wconf 80' lang='lat' dir='ltr'><strong>formae</strong></span> <span class='ocrx_word' id='word_1_131' title='bbox 430 2971 506 3036; x_wconf 82' lang='lat' dir='ltr'><strong>illae</strong></span> <span class='ocrx_word' id='word_1_132' title='bbox 536 2973 698 3057; x_wconf 87' lang='lat' dir='ltr'><strong>perierunt</strong></span> <span class='ocrx_word' id='word_1_133' title='bbox 720 2970 901 3057; x_wconf 81' lang='lat' dir='ltr'><strong>legiturque</strong></span> <span class='ocrx_word' id='word_1_134' title='bbox 924 2970 1018 3034; x_wconf 89' lang='lat' dir='ltr'><strong>hodie</strong></span> <span class='ocrx_word' id='word_1_135' title='bbox 1042 2971 1205 3050; x_wconf 75' lang='grc' dir='ltr'><strong><em>δέγμενος,</em></strong></span> <span class='ocrx_word' id='word_1_136' title='bbox 1218 2975 1373 3056; x_wconf 74' lang='grc' dir='ltr'><strong><em>ποτιδέγ-</em></strong></span> 
     </span>
     <span class='ocr_line' id='line_1_22' title="bbox 182 3076 1371 3167; baseline 0.007 -27"><span class='ocrx_word' id='word_1_137' title='bbox 182 3100 287 3157; x_wconf 88' lang='grc' dir='ltr'><strong><em>μενος,</em></strong></span> <span class='ocrx_word' id='word_1_138' title='bbox 312 3076 517 3155; x_wconf 73' lang='grc' dir='ltr'><strong><em>ὑποδέγμενος</em></strong></span> <span class='ocrx_word' id='word_1_139' title='bbox 541 3080 575 3142; x_wconf 87' lang='lat' dir='ltr'><strong>in</strong></span> <span class='ocrx_word' id='word_1_140' title='bbox 597 3078 707 3141; x_wconf 75' lang='lat' dir='ltr'><strong>acrisio</strong></span> <span class='ocrx_word' id='word_1_141' title='bbox 730 3082 854 3161; x_wconf 80' lang='lat' dir='ltr'><strong>practer</strong></span> <span class='ocrx_word' id='word_1_142' title='bbox 874 3081 985 3160; x_wconf 66' lang='lat' dir='ltr'><strong>potitae</strong></span> <span class='ocrx_word' id='word_1_143' title='bbox 1007 3081 1208 3144; x_wconf 83' lang='lat' dir='ltr'><strong>sententiam.</strong></span> <span class='ocrx_word' id='word_1_144' title='bbox 1256 3079 1371 3167; x_wconf 80' lang='lat' dir='ltr'><strong>Super-</strong></span> 
     </span>
     <span class='ocr_line' id='line_1_23' title="bbox 182 3181 1370 3271; baseline 0.003 -23"><span class='ocrx_word' id='word_1_145' title='bbox 182 3190 258 3248; x_wconf 87' lang='lat' dir='ltr'><strong>sunt</strong></span> <span class='ocrx_word' id='word_1_146' title='bbox 278 3187 387 3248; x_wconf 83' lang='lat' dir='ltr'><strong>temen</strong></span> <span class='ocrx_word' id='word_1_147' title='bbox 410 3185 548 3271; x_wconf 80' lang='lat' dir='ltr'><strong>uestigia</strong></span> <span class='ocrx_word' id='word_1_148' title='bbox 571 3183 725 3267; x_wconf 80' lang='lat' dir='ltr'><strong>quaedem</strong></span> <span class='ocrx_word' id='word_1_149' title='bbox 750 3186 783 3247; x_wconf 91' lang='lat' dir='ltr'><strong>et</strong></span> <span class='ocrx_word' id='word_1_150' title='bbox 806 3181 925 3245; x_wconf 85' lang='lat' dir='ltr'><strong>indicis</strong></span> <span class='ocrx_word' id='word_1_151' title='bbox 944 3184 1030 3256; x_wconf 84' lang='lat' dir='ltr'><strong>veri,</strong></span> <span class='ocrx_word' id='word_1_152' title='bbox 1051 3184 1166 3267; x_wconf 87' lang='lat' dir='ltr'><strong>quibus</strong></span> <span class='ocrx_word' id='word_1_153' title='bbox 1183 3187 1254 3268; x_wconf 89' lang='lat' dir='ltr'><strong>quis</strong></span> <span class='ocrx_word' id='word_1_154' title='bbox 1271 3190 1370 3252; x_wconf 90' lang='lat' dir='ltr'><strong>scien-</strong></span> 
     </span>
     <span class='ocr_line' id='line_1_24' title="bbox 182 3287 1370 3375; baseline 0.006 -23"><span class='ocrx_word' id='word_1_155' title='bbox 182 3293 232 3352; x_wconf 86' lang='lat' dir='ltr'><strong>ter</strong></span> <span class='ocrx_word' id='word_1_156' title='bbox 253 3307 330 3353; x_wconf 84' lang='lat' dir='ltr'><strong>usus</strong></span> <span class='ocrx_word' id='word_1_157' title='bbox 355 3287 491 3354; x_wconf 80' lang='lat' dir='ltr'><strong>Homeri</strong></span> <span class='ocrx_word' id='word_1_158' title='bbox 508 3288 593 3354; x_wconf 89' lang='lat' dir='ltr'><strong>locos</strong></span> <span class='ocrx_word' id='word_1_159' title='bbox 611 3291 759 3354; x_wconf 75' lang='lat' dir='ltr'><strong>restituat</strong></span> <span class='ocrx_word' id='word_1_160' title='bbox 777 3290 812 3351; x_wconf 91' lang='lat' dir='ltr'><strong>in</strong></span> <span class='ocrx_word' id='word_1_161' title='bbox 830 3290 1004 3374; x_wconf 81' lang='lat' dir='ltr'><strong>integrum.</strong></span> <span class='ocrx_word' id='word_1_162' title='bbox 1029 3287 1208 3356; x_wconf 84' lang='lat' dir='ltr'><strong>Producam</strong></span> <span class='ocrx_word' id='word_1_163' title='bbox 1229 3295 1370 3375; x_wconf 90' lang='lat' dir='ltr'><strong>primum</strong></span> 
     </span>
     <span class='ocr_line' id='line_1_25' title="bbox 181 3391 1371 3482; baseline 0.006 -24"><span class='ocrx_word' id='word_1_164' title='bbox 181 3396 297 3458; x_wconf 86' lang='lat' dir='ltr'><strong>testem</strong></span> <span class='ocrx_word' id='word_1_165' title='bbox 329 3414 369 3460; x_wconf 83' lang='lat' dir='ltr'><strong>cx</strong></span> <span class='ocrx_word' id='word_1_166' title='bbox 398 3394 593 3482; x_wconf 78' lang='lat' dir='ltr'><strong>Etymologo</strong></span> <span class='ocrx_word' id='word_1_167' title='bbox 623 3403 669 3459; x_wconf 89' lang='lat' dir='ltr'><strong>M.</strong></span> <span class='ocrx_word' id='word_1_168' title='bbox 694 3415 726 3479; x_wconf 86' lang='lat' dir='ltr'><strong>p.</strong></span> <span class='ocrx_word' id='word_1_169' title='bbox 752 3392 827 3457; x_wconf 87' lang='lat'>151.</span> <span class='ocrx_word' id='word_1_170' title='bbox 862 3391 915 3457; x_wconf 85' lang='lat'><strong>39.</strong></span> <span class='ocrx_word' id='word_1_171' title='bbox 941 3413 1037 3476; x_wconf 87' lang='lat' dir='ltr'><strong>quem</strong></span> <span class='ocrx_word' id='word_1_172' title='bbox 1060 3393 1281 3460; x_wconf 83' lang='lat' dir='ltr'><strong>Herodianum</strong></span> <span class='ocrx_word' id='word_1_173' title='bbox 1305 3418 1371 3465; x_wconf 85' lang='lat' dir='ltr'><strong>esse</strong></span> 
     </span>
     <span class='ocr_line' id='line_1_26' title="bbox 181 3496 1370 3585; baseline 0.005 -23"><span class='ocrx_word' id='word_1_174' title='bbox 181 3496 288 3563; x_wconf 81' lang='lat' dir='ltr'><strong>multa</strong></span> <span class='ocrx_word' id='word_1_175' title='bbox 320 3498 454 3566; x_wconf 75' lang='lat' dir='ltr'><strong>suadent</strong></span> <span class='ocrx_word' id='word_1_176' title='bbox 486 3506 525 3566; x_wconf 89' lang='lat' dir='ltr'><strong>ut</strong></span> <span class='ocrx_word' id='word_1_177' title='bbox 555 3499 691 3566; x_wconf 70' lang='lat' dir='ltr'><strong>credam.</strong></span> <span class='ocrx_word' id='word_1_178' title='bbox 738 3499 775 3564; x_wconf 87' lang='grc' dir='ltr'><strong>’λ</strong></span> <span class='ocrx_word' id='word_1_179' title='bbox 784 3497 855 3578; x_wconf 78' lang='grc' dir='ltr'><strong>ρχό</strong></span> <span class='ocrx_word' id='word_1_180' title='bbox 864 3522 1003 3574; x_wconf 87' lang='grc' dir='ltr'><strong><em>μενος.</em></strong></span> <span class='ocrx_word' id='word_1_181' title='bbox 1037 3502 1159 3585; x_wconf 89' lang='lat' dir='ltr'><strong>inquit,</strong></span> <span class='ocrx_word' id='word_1_182' title='bbox 1197 3502 1249 3566; x_wconf 80' lang='grc' dir='ltr'><strong>καὶ</strong></span> <span class='ocrx_word' id='word_1_183' title='bbox 1285 3503 1370 3568; x_wconf 73' lang='grc' dir='ltr'><strong><em>κατὰ</em></strong></span> 
     </span>
     <span class='ocr_line' id='line_1_27' title="bbox 182 3604 1369 3688; baseline 0.003 -18"><span class='ocrx_word' id='word_1_184' title='bbox 182 3608 341 3683; x_wconf 70' lang='grc' dir='ltr'><strong><em>ονγκοπέρν</em></strong></span> <span class='ocrx_word' id='word_1_185' title='bbox 381 3604 598 3687; x_wconf 73' lang='grc' dir='ltr'><strong><em>ἄρχμενος.</em></strong></span> <span class='ocrx_word' id='word_1_186' title='bbox 633 3644 675 3655; x_wconf 91' lang='grc'>-</span> <span class='ocrx_word' id='word_1_187' title='bbox 708 3606 850 3678; x_wconf 82' lang='grc' dir='ltr'><strong><em>ένεςῶτός</em></strong></span> <span class='ocrx_word' id='word_1_188' title='bbox 887 3606 961 3670; x_wconf 72' lang='grc' dir='ltr'><strong><em>εἰσιν</em></strong></span> <span class='ocrx_word' id='word_1_189' title='bbox 994 3607 1027 3670; x_wconf 80' lang='grc' dir='ltr'><strong>αἱ</strong></span> <span class='ocrx_word' id='word_1_190' title='bbox 1058 3611 1200 3670; x_wconf 77' lang='grc' dir='ltr'><strong><em>τοιοῦτον</em></strong></span> <span class='ocrx_word' id='word_1_191' title='bbox 1232 3609 1369 3688; x_wconf 80' lang='grc' dir='ltr'><strong><em>μετοχαὶ</em></strong></span> 
     </span>
     <span class='ocr_line' id='line_1_28' title="bbox 182 3708 1370 3791; baseline 0.001 -15"><span class='ocrx_word' id='word_1_192' title='bbox 182 3713 341 3790; x_wconf 70' lang='grc' dir='ltr'><strong><em>ονγκοπὶγν</em></strong></span> <span class='ocrx_word' id='word_1_193' title='bbox 378 3714 529 3778; x_wconf 77' lang='grc' dir='ltr'><strong><em>παθοῦσαν</em></strong></span> <span class='ocrx_word' id='word_1_194' title='bbox 565 3712 732 3790; x_wconf 73' lang='grc' dir='ltr'><strong><em>λεγέμενος</em></strong></span> <span class='ocrx_word' id='word_1_195' title='bbox 770 3712 988 3789; x_wconf 84' lang='grc' dir='ltr'><strong><em>λέγμενος,</em></strong></span> <span class='ocrx_word' id='word_1_196' title='bbox 1029 3708 1165 3790; x_wconf 72' lang='grc' dir='ltr'><strong><em>δρέμενος</em></strong></span> <span class='ocrx_word' id='word_1_197' title='bbox 1194 3710 1370 3791; x_wconf 77' lang='grc' dir='ltr'><strong><em>ὄρμενος,</em></strong></span> 
     </span>
     <span class='ocr_line' id='line_1_29' title="bbox 182 3815 1372 3898; baseline 0.004 -18"><span class='ocrx_word' id='word_1_198' title='bbox 182 3815 348 3898; x_wconf 74' lang='grc' dir='ltr'><strong><em>δεχόμενος</em></strong></span> <span class='ocrx_word' id='word_1_199' title='bbox 380 3817 585 3898; x_wconf 79' lang='grc' dir='ltr'><strong><em>δέχμενος.</em></strong></span> <span class='ocrx_word' id='word_1_200' title='bbox 638 3817 803 3883; x_wconf 83' lang='lat' dir='ltr'><strong>Disertum</strong></span> <span class='ocrx_word' id='word_1_201' title='bbox 834 3819 1057 3883; x_wconf 84' lang='lat' dir='ltr'><strong>testimonium</strong></span> <span class='ocrx_word' id='word_1_202' title='bbox 1089 3823 1146 3882; x_wconf 82' lang='lat' dir='ltr'><strong>cst.</strong></span> <span class='ocrx_word' id='word_1_203' title='bbox 1194 3819 1372 3897; x_wconf 73' lang='grc' dir='ltr'><strong><em>Ἀρχμενος</em></strong></span> 
     </span>
    </p>
   </div>
   <div class='ocr_carea' id='block_1_6' title="bbox 181 3920 1375 4539">
    <p class='ocr_par' dir='ltr' id='par_1_6' title="bbox 181 3920 1375 4539">
     <span class='ocr_line' id='line_1_30' title="bbox 182 3920 1371 4012; baseline 0.002 -24"><span class='ocrx_word' id='word_1_204' title='bbox 182 3922 282 3988; x_wconf 80' lang='lat' dir='ltr'><strong>semel</strong></span> <span class='ocrx_word' id='word_1_205' title='bbox 313 3928 346 3988; x_wconf 93' lang='lat' dir='ltr'><strong>et</strong></span> <span class='ocrx_word' id='word_1_206' title='bbox 375 3927 493 3990; x_wconf 89' lang='lat' dir='ltr'><strong>iterum</strong></span> <span class='ocrx_word' id='word_1_207' title='bbox 523 3924 645 4012; x_wconf 81' lang='lat' dir='ltr'><strong>legitur</strong></span> <span class='ocrx_word' id='word_1_208' title='bbox 674 3927 708 3988; x_wconf 91' lang='lat' dir='ltr'><strong>in</strong></span> <span class='ocrx_word' id='word_1_209' title='bbox 739 3920 930 3988; x_wconf 85' lang='lat' dir='ltr'><strong>Ocllimcchi</strong></span> <span class='ocrx_word' id='word_1_210' title='bbox 964 3923 1161 4008; x_wconf 74' lang='lat' dir='ltr'><strong>fragmentis.</strong></span> <span class='ocrx_word' id='word_1_211' title='bbox 1210 3923 1371 4001; x_wconf 85' lang='grc' dir='ltr'><strong><em>Αέγμενος</em></strong></span> 
     </span>
     <span class='ocr_line' id='line_1_31' title="bbox 182 4025 1371 4114; baseline 0.002 -21"><span class='ocrx_word' id='word_1_212' title='bbox 182 4027 267 4112; x_wconf 84' lang='lat' dir='ltr'><strong>opud</strong></span> <span class='ocrx_word' id='word_1_213' title='bbox 298 4027 477 4096; x_wconf 87' lang='lat' dir='ltr'><strong>Homerum</strong></span> <span class='ocrx_word' id='word_1_214' title='bbox 505 4051 568 4096; x_wconf 89' lang='lat' dir='ltr'><strong>non</strong></span> <span class='ocrx_word' id='word_1_215' title='bbox 597 4032 753 4114; x_wconf 88' lang='lat' dir='ltr'><strong>reperitur</strong></span> <span class='ocrx_word' id='word_1_216' title='bbox 779 4028 835 4094; x_wconf 83' lang='lat' dir='ltr'><strong>scd</strong></span> <span class='ocrx_word' id='word_1_217' title='bbox 858 4027 1097 4105; x_wconf 70' lang='grc' dir='ltr'><strong><em>καταλέγμενος</em></strong></span> <span class='ocrx_word' id='word_1_218' title='bbox 1122 4025 1236 4114; x_wconf 84' lang='lat' dir='ltr'><strong>Odyss.</strong></span> <span class='ocrx_word' id='word_1_219' title='bbox 1260 4046 1292 4094; x_wconf 86' lang='grc' dir='ltr'><strong>λ.</strong></span> <span class='ocrx_word' id='word_1_220' title='bbox 1317 4029 1371 4096; x_wconf 85' lang='grc'><strong>62.</strong></span> 
     </span>
     <span class='ocr_line' id='line_1_32' title="bbox 181 4131 1371 4216; baseline 0.002 -18"><span class='ocrx_word' id='word_1_221' title='bbox 181 4133 212 4198; x_wconf 84' lang='grc' dir='ltr'><strong><em>έν</em></strong></span> <span class='ocrx_word' id='word_1_222' title='bbox 235 4134 365 4216; x_wconf 74' lang='grc' dir='ltr'><strong><em>μεγάρῳ</em></strong></span> <span class='ocrx_word' id='word_1_223' title='bbox 389 4135 643 4214; x_wconf 65' lang='grc' dir='ltr'><strong><em>καταλέγμενος,</em></strong></span> <span class='ocrx_word' id='word_1_224' title='bbox 669 4142 701 4201; x_wconf 79' lang='lat' dir='ltr'><strong>ct</strong></span> <span class='ocrx_word' id='word_1_225' title='bbox 724 4158 760 4215; x_wconf 82' lang='grc' dir='ltr'><strong>χ.</strong></span> <span class='ocrx_word' id='word_1_226' title='bbox 788 4131 863 4198; x_wconf 88' lang='grc'><strong>196.</strong></span> <span class='ocrx_word' id='word_1_227' title='bbox 888 4135 958 4215; x_wconf 64' lang='grc' dir='ltr'><strong><em>εὐνῇ</em></strong></span> <span class='ocrx_word' id='word_1_228' title='bbox 984 4131 1023 4197; x_wconf 86' lang='grc' dir='ltr'><strong>ένο</strong></span> <span class='ocrx_word' id='word_1_229' title='bbox 1050 4143 1183 4213; x_wconf 72' lang='grc' dir='ltr'><strong><em>μαλακῇ</em></strong></span> <span class='ocrx_word' id='word_1_230' title='bbox 1209 4134 1371 4215; x_wconf 87' lang='grc' dir='ltr'><strong><em>καταλέγ-</em></strong></span> 
     </span>
     <span class='ocr_line' id='line_1_33' title="bbox 182 4239 1372 4325; baseline 0.003 -22"><span class='ocrx_word' id='word_1_231' title='bbox 182 4261 288 4316; x_wconf 85' lang='grc' dir='ltr'><strong><em>μενος,</em></strong></span> <span class='ocrx_word' id='word_1_232' title='bbox 320 4261 400 4325; x_wconf 83' lang='lat' dir='ltr'><strong>quse</strong></span> <span class='ocrx_word' id='word_1_233' title='bbox 429 4245 497 4308; x_wconf 88' lang='lat' dir='ltr'><strong>sine</strong></span> <span class='ocrx_word' id='word_1_234' title='bbox 532 4243 745 4308; x_wconf 82' lang='lat' dir='ltr'><strong>controversie</strong></span> <span class='ocrx_word' id='word_1_235' title='bbox 776 4246 851 4305; x_wconf 87' lang='lat' dir='ltr'><strong>suut</strong></span> <span class='ocrx_word' id='word_1_236' title='bbox 881 4240 1051 4324; x_wconf 78' lang='lat' dir='ltr'><strong>participis</strong></span> <span class='ocrx_word' id='word_1_237' title='bbox 1081 4239 1188 4302; x_wconf 78' lang='lat' dir='ltr'><strong>coristi</strong></span> <span class='ocrx_word' id='word_1_238' title='bbox 1219 4239 1372 4320; x_wconf 74' lang='grc' dir='ltr'><strong><em>ἐλέγμην,</em></strong></span> 
     </span>
     <span class='ocr_line' id='line_1_34' title="bbox 182 4343 1375 4431; baseline 0.005 -23"><span class='ocrx_word' id='word_1_239' title='bbox 182 4345 293 4422; x_wconf 86' lang='grc' dir='ltr'><strong><em>λέκτο,</em></strong></span> <span class='ocrx_word' id='word_1_240' title='bbox 318 4344 407 4422; x_wconf 83' lang='grc' dir='ltr'><strong><em>λέξο,</em></strong></span> <span class='ocrx_word' id='word_1_241' title='bbox 431 4346 561 4426; x_wconf 78' lang='grc' dir='ltr'><strong><em>λέχθαο,</em></strong></span> <span class='ocrx_word' id='word_1_242' title='bbox 586 4354 624 4412; x_wconf 88' lang='lat' dir='ltr'><strong>ut</strong></span> <span class='ocrx_word' id='word_1_243' title='bbox 646 4348 812 4431; x_wconf 89' lang='lat' dir='ltr'><strong>utriusque</strong></span> <span class='ocrx_word' id='word_1_244' title='bbox 835 4345 899 4411; x_wconf 92' lang='lat' dir='ltr'><strong>loci</strong></span> <span class='ocrx_word' id='word_1_245' title='bbox 922 4347 1079 4410; x_wconf 81' lang='lat' dir='ltr'><strong>sententie</strong></span> <span class='ocrx_word' id='word_1_246' title='bbox 1102 4343 1224 4428; x_wconf 81' lang='lat' dir='ltr'><strong>liquido</strong></span> <span class='ocrx_word' id='word_1_247' title='bbox 1248 4346 1375 4414; x_wconf 86' lang='lat' dir='ltr'><strong>demon·</strong></span> 
     </span>
     <span class='ocr_line' id='line_1_35' title="bbox 183 4450 1374 4539; baseline 0.003 -23"><span class='ocrx_word' id='word_1_248' title='bbox 183 4458 272 4520; x_wconf 77' lang='lat' dir='ltr'><strong>stret.</strong></span> <span class='ocrx_word' id='word_1_249' title='bbox 321 4450 382 4518; x_wconf 83' lang='lat' dir='ltr'><strong>Sed</strong></span> <span class='ocrx_word' id='word_1_250' title='bbox 404 4453 525 4532; x_wconf 73' lang='grc' dir='ltr'><strong><em>ὄρμενος</em></strong></span> <span class='ocrx_word' id='word_1_251' title='bbox 551 4455 641 4539; x_wconf 81' lang='lat' dir='ltr'><strong>(quis</strong></span> <span class='ocrx_word' id='word_1_252' title='bbox 666 4457 805 4518; x_wconf 84' lang='lat' dir='ltr'><strong>metrum</strong></span> <span class='ocrx_word' id='word_1_253' title='bbox 829 4451 966 4530; x_wconf 77' lang='grc' dir='ltr'><strong><em>ὃρὸμενος</em></strong></span> <span class='ocrx_word' id='word_1_254' title='bbox 989 4452 1124 4536; x_wconf 82' lang='lat' dir='ltr'><strong>respuit)</strong></span> <span class='ocrx_word' id='word_1_255' title='bbox 1147 4450 1231 4538; x_wconf 82' lang='lat' dir='ltr'><strong>opud</strong></span> <span class='ocrx_word' id='word_1_256' title='bbox 1254 4451 1374 4526; x_wconf 81' lang='lat' dir='ltr'><strong>Home·</strong></span> 
     </span>
    </p>
   </div>
   <div class='ocr_carea' id='block_1_7' title="bbox 0 0 1703 5186">
    <p class='ocr_par' dir='ltr' id='par_1_7' title="bbox 0 0 1703 5186">
     <span class='ocr_line' id='line_1_36' title="bbox 0 0 1703 5186; baseline 0 0"><span class='ocrx_word' id='word_1_257' title='bbox 0 0 1703 5186; x_wconf 95' lang='lat' dir='ltr'><strong> </strong></span> 
     </span>
    </p>
   </div>
  </div>
 </body>
</html>
