3392 5186
882 365 948 432 420

322 561 410 627 bant.
455 557 597 623 Homero
627 555 823 622 reddendum
854 559 903 624 est
933 554 1160 634 ἒμπθΜπληθι,
1188 555 1226 618 ut
1248 552 1456 639 Aristophani
1479 554 1514 618 in

322 666 435 732 Avibus
459 662 547 729 1310
568 661 731 727 redditum
755 666 821 726 est:

459 767 510 834 καὶ
535 769 604 840 τοὺς
629 767 768 849 κοφίνους
793 764 939 839 ἅπαντας
965 765 1147 844 ε’μπθΜπλη
1173 771 1299 846 πτερῶν.

323 878 381 942 ubi
400 863 571 943 Ravennae
596 873 634 938 de
657 894 745 939 more
769 873 898 940 exhibet
921 871 1076 951 ἐμπίπλη.

368 1085 462 1153 Iliad.
488 1094 524 1154 Φ.
545 1085 622 1151 346.

550 1195 589 1265 cic
615 1190 642 1256 θ’
666 1185 712 1254 i'r’
737 1189 875 1270 θποορινθς
900 1188 1006 1270 Βορέης
1030 1187 1160 1268 νεοαρδέ’
1184 1187 1287 1270 οὶλῳιὶν

552 1293 624 1376 αἶψ’
647 1293 816 1378 ύγξηροὶνη.
1186 1369 1192 1386 ³

371 1401 521 1469 Scholion
561 1405 593 1467 in
636 1402 674 1467 V:
721 1399 927 1483 ἈριςοΦύνης
959 1401 990 1466 δὲ
1026 1399 1188 1485 γράφεται
1226 1397 1389 1484 (ypoicver)⁸
1425 1394 1515 1480 αἶψ’

328 1507 567 1584 θξευαύνειν.
623 1508 789 1593 Scripsisse
824 1507 953 1574 videtur
985 1504 1124 1588 θξανύνη.
1170 1504 1271 1572 Vetus
1304 1504 1447 1571 Ionicum
1482 1509 1518 1570 et

326 1615 473 1680 Atticum
494 1615 629 1680 verbum
652 1618 700 1679 est
724 1611 903 1688 ἐξαναύνειν.

370 1821 461 1890 iliad.
488 1835 525 1890 X.
550 1823 626 1888 450.
651 1845 735 1889 nune
758 1825 935 1890 rectissime
957 1822 1098 1910 legitur:
1174 1875 1179 1888 .

462 1932 569 2008 δεῦτε,
594 1930 652 1996 δύο
675 1952 726 2006 μοι
751 1925 870 1994 ἕπεσθε.
896 1928 960 1994 εἶδον
985 1927 1056 1994 σι’να
1080 1927 1173 2010 σε’ργα
1197 1926 1357 1993 τέτυκται.

327 2036 381 2102 sed
404 2038 439 2102 in
461 2035 553 2102 libris
576 2037 724 2103 omnibus
748 2039 813 2101 est:

463 2141 571 2220 δεῦτε,
597 2141 655 2208 tte
679 2166 729 2219 μοι
753 2138 919 2207 ἕπεσθΟΝ.
946 2141 1045 2207 ύδωΜ’
1069 2136 1139 2205 ὅτιν’
1162 2137 1241 2220 ἔργα
1265 2164 1294 2205 τ.

328 2248 560 2314 observandum
583 2269 707 2334 semper
732 2247 904 2335 diligenter
927 2251 974 2312 est
997 2267 1059 2332 quo
1082 2251 1175 2332 pacto
1198 2247 1372 2312 rimasset
1391 2242 1519 2329 explere

329 2360 385 2419 aut
413 2353 571 2420 occultare
601 2360 723 2420 veteres
746 2353 865 2418 fuerint
889 2352 994 2436 soliti,
1018 2353 1093 2437 quis
1112 2351 1224 2418 eadem
1247 2371 1342 2437 opera
1364 2349 1519 2415 discimus

328 2461 494 2545 antiquam
518 2461 689 2527 veritatem
712 2459 848 2544 reperire
873 2463 905 2523 et
928 2477 1108 2546 agnoscere.

372 2665 463 2733 fliad.
487 2677 528 2732 Ψ.
553 2663 629 2732 616.

464 2775 638 2854 ἀμφίθετος
662 2770 783 2854 φιοθλη,
807 2775 862 2849 την
886 2772 995 2853 Νέςορι
1020 2772 1112 2837 δῶκεν
1135 2769 1309 2852 Ἀχιλλεύς

465 2879 612 2958 Ἀργείων
635 2880 681 2943 ἀν’
704 2881 813 2956 ἀγῶνα
837 2879 937 2958 Φέοιιν
961 2879 1012 2943 καὶ
1036 2887 1119 2944 σεῒπε
1145 2877 1303 2959 παραςάς.

372 2984 501 3050 Fractos
533 2989 565 3050 et
595 2982 738 3050 elumbes
763 3005 913 3051 numeros
944 2982 1064 3051 reficies
1092 2990 1124 3050 et
1151 2985 1255 3072 eriges
1278 2980 1440 3049 scribendo
1464 2983 1518 3048 καὶ

325 3093 449 3156 Ἔσειπε
473 3089 631 3171 παραςύς.

374 3299 435 3365 Ter
467 3301 616 3366 vitiosam
638 3301 778 3365 nominis
800 3300 938 3372 formam
962 3298 1125 3364 Euststhii
1148 3298 1237 3370 futili
1259 3298 1442 3364 testimonio
1466 3295 1520 3362 de·

328 3411 437 3492 ceptus
460 3408 494 3471 in
517 3411 644 3471 textum
669 3393 881 3472 Homericum
904 3405 1069 3471 Bekkerus
1091 3407 1232 3489 invexit,
1258 3403 1347 3470 Iliad.
1374 3414 1415 3469 Ψ.
1441 3401 1520 3481 701,

533 3512 621 3588 θῆκεν
645 3508 746 3577 ἄεθλα
769 3550 811 3561 -
835 3510 1091 3590 παλαισμοσύνης
1116 3512 1292 3589 ἀλεγεινῆς.

374 3618 402 3684 θ.
427 3615 504 3683 100.

532 3720 596 3798 πύξ
618 3747 654 3787 τε
678 3721 919 3804 παλαισμοσύνη
942 3747 989 3788 τε.

375 3833 402 3897 θ.
427 3828 505 3896 126.

534 3932 791 4013 παλαισμοσύνης
816 3935 991 4011 ἀλεγεινῆς.

374 4041 540 4110 Bekkerus
571 4039 808 4118 παλαιμοσύνης
841 4045 874 4105 et
904 4035 1123 4120 asseruerim
1153 4036 1320 4102 substituit
1350 4033 1520 4102 Eustathio

330 4151 458 4218 credens
480 4152 602 4213 veteres
625 4149 672 4212 ita
696 4146 811 4212 dixisse
835 4149 943 4212 contra
962 4149 1081 4210 certam
1102 4142 1283 4229 analogiam
1304 4144 1339 4206 in
1358 4142 1502 4216 παλαιςύ

333 4253 506 4332 πάλαισμα
529 4255 742 4338 conspicuam.
790 4251 887 4317 Recte
909 4252 1013 4337 igitur
1034 4249 1234 4336 Hesychius:

672 4354 1018 4435 Παλαισμοσύνητ
1044 4355 1142 4430 πύλη.
1296 4353 1298 4358 ’

331 4468 426 4553 idque
448 4463 590 4530 Homero
612 4463 821 4531 reddendum.
