3232 5176
657 403 718 477 lli

97 602 162 660 rent
183 603 308 664 veteres
330 603 517 664 correctores
540 597 623 663 elius
646 597 853 674 σομμείίςησι
878 597 916 664 de
940 618 997 664 suo
1016 602 1176 683 reposuit,
1198 599 1281 666 elius

99 702 283 785 σνμμείιςρῖ.
326 703 461 769 Latebat
497 704 745 780 σνμμείιςοίνθί.
799 701 966 788 Sequiores
1000 723 1056 789 pro
1086 703 1192 772 ίςιίναι
1225 711 1282 771 sut

99 807 166 875 ίςιῖν
195 809 346 874 dicebant
374 810 431 873 sut
461 809 585 875 ίςοίνειν.
611 809 650 874 ct.
674 808 751 873 Nou.
775 807 868 873 lectt.
893 829 966 897 pag.
993 808 1066 874 152.
1112 807 1225 874 Strabo
1247 813 1281 874 in

101 911 208 976 multis
225 913 340 978 formis
358 915 508 980 vitiosum
528 913 709 1000 aequalium
728 913 884 989 συνήθειαν
903 917 1062 1000 sequitur,
1080 919 1119 978 ut
1137 914 1200 979 elio
1211 915 1280 982 loco

104 1018 313 1085 ostendemus.

140 1223 218 1314 Peg.
244 1223 301 1291 58.
325 1225 505 1296 Ποσειδῶνος
529 1225 691 1307 οίσφαλίον
717 1228 803 1307 ίερίν.
839 1226 1016 1292 Barbarum
1040 1231 1088 1293 est
1110 1227 1279 1308 οἱσφοίλιος,

102 1336 135 1394 ut
162 1329 318 1408 μεμοίλιοτ
349 1337 381 1397 et
405 1329 554 1410 καίοίριος.
591 1329 748 1399 Graecum
774 1337 821 1398 est
844 1332 1053 1411 ἀσφαλείας,
1079 1334 1282 1413 μεμοίλΕΙος,

105 1437 282 1516 καθαρείως.
307 1437 534 1522 Aristophanes
558 1442 633 1504 uoto
656 1437 742 1504 loeo:

325 1537 366 1614 οἶς
391 1542 539 1608 Ποσειδῶν
562 1542 736 1624 σὶσφοίλειίτ
762 1545 823 1609 teto
848 1545 866 1618 τί
890 1542 1058 1622 βακτηρία.

144 1647 326 1716 sexcenties
349 1647 433 1734 opud
457 1647 651 1714 Kremerum
674 1654 707 1714 et
729 1648 907 1714 Miillerum
934 1657 972 1712 ei
998 1655 1030 1714 et
1050 1659 1063 1713 1
1086 1655 1195 1716 contre
1214 1671 1284 1717 con·

104 1759 235 1821 stentem
259 1753 387 1820 dicendi
408 1773 504 1819 usum
528 1753 773 1820 confunduntur.

144 1962 260 2030 Misere
293 1966 458 2048 corruptus
488 1967 520 2028 et
550 1966 715 2029 truncatus
747 1968 795 2029 est
816 1963 906 2029 locus
928 1961 1108 2032 maisons
1130 1986 1204 2054 pag.
1230 1965 1283 2032 65.

108 2070 351 2154 (Eratosthenes)
381 2069 441 2148 οὐχ
472 2067 542 2146 tucis
563 2069 642 2150 φησί
666 2075 728 2140 σῶς
753 2069 791 2136 δν
815 2067 858 2140 είς
883 2070 1070 2148 ιτροίγματλ
1095 2071 1285 2152 κατοιςρίφοι

108 2179 123 2251 ἦ
154 2175 280 2256 ζήτησις
314 2171 393 2247 αὕτη
429 2175 517 2238 οίλλιὶ
548 2173 638 2250 μόνον
670 2181 1061 2241 ΕΡΙΝΔΙΛΙΤΩΝΤΩΝ
1092 2184 1285 2243 ΜΛΛΛΟΝ

109 2285 185 2346 κατὰ
209 2279 400 2357 Δημόκριτον
423 2275 511 2345 είναι.
552 2279 731 2346 Insenebile
754 2279 846 2346 ulcus
869 2287 951 2346 esset
973 2284 1036 2346 nisi
1058 2281 1187 2348 sliunde
1204 2282 1289 2349 clere

108 2387 157 2454 lux
187 2386 367 2454 effulsisset.
409 2386 531 2470 Nempe
557 2389 661 2452 iocoso
692 2385 866 2452 Democriti
897 2387 981 2452 dicto
1013 2385 1068 2452 ulii
1091 2407 1214 2472 quoque
1239 2391 1289 2453 nsi

109 2494 177 2578 quid
199 2494 319 2558 dixerit
339 2491 435 2556 homo
455 2489 566 2556 hilaris
588 2497 620 2556 et
644 2491 776 2556 festivus
797 2491 995 2577 patefacient.
1041 2493 1127 2559 Audi
1145 2496 1288 2579 primum

109 2599 315 2666 Plutarchum
337 2600 370 2660 in
394 2597 585 2681 symposium
606 2617 680 2683 pag.
705 2595 779 2662 614.
805 2599 863 2667 τοὶς
886 2599 997 2676 ψυχὰς
1018 2600 1052 2662 αι·
1073 2600 1130 2674 μὲν
1151 2600 1287 2679 ἐλαφραί

110 2704 241 2785 ζητήσεις
263 2705 408 2779 ἐμμελῶς
427 2703 479 2766 καί
500 2703 662 2780 ὠφελίμως
685 2708 830 2781 κινοῦσιν,
857 2704 872 2766 ί
879 2703 1073 2778 ριδαντοιί
1081 2727 1126 2767 ων
1151 2704 1183 2768 δὲ
1204 2706 1289 2771 κατὰ

113 2813 295 2888 Δημίκριτον
323 2809 375 2872 καί
412 2809 767 2881 incircumvelate
798 2809 910 2886 λίγονς
940 2807 1084 2888 ἀφετέον.
1128 2806 1289 2895 compone

112 2937 178 2983 cum
207 2918 262 2983 liis
292 2915 388 2981 verbs
416 2910 591 2980 Clementis
614 2913 819 2979 Alexandrini
841 2934 914 3000 pag.
939 2912 1015 2978 328.
1041 2912 1180 2994 ζητήσεις
1205 2917 1292 2996 ε’ριςι-

113 3024 164 3094 ste
192 3020 397 3102 ἐκπορίζοντες
428 3017 577 3094 λεξειδίων
608 3022 786 3098 ίηρητιῑρες.
821 3018 956 3099 ζηλωταί
988 3019 1189 3098 τεχνυδρίων,
1222 3021 1291 3100 ἐρι-

113 3128 275 3200 δαιτὲες
300 3127 352 3191 καί
377 3124 720 3202 ίμαντελικτίες,
745 3127 784 3196 cte
807 3127 822 3188 δ
844 3124 1029 3202 Ἀβδηρίτης
1055 3125 1163 3197 ἐκεῒνίς
1185 3135 1289 3206 Φηοιν.

114 3233 235 3301 Dudum
255 3231 456 3299 intellectum
475 3238 523 3296 eet
542 3251 561 3296 s
579 3229 751 3296 Plutarcho
771 3233 925 3315 scriptum
946 3246 1029 3294 esse:
1052 3229 1292 3309 ἐριδαντέων

115 3339 245 3406 δὲκατδι
271 3339 462 3418 Δημόκριτον
485 3336 536 3400 καί
569 3339 896 3412 ἱμαντελικτέων
920 3333 1042 3413 λόγους.
1090 3334 1195 3402 Simul
1220 3335 1292 3403 luce

116 3445 223 3511 elarius
244 3447 348 3513 estin
371 3463 467 3529 quem
492 3462 628 3508 errorem
652 3461 684 3506 se
707 3439 847 3504 induerit
870 3433 1018 3506 Clemens
1040 3442 1096 3525 qui
1119 3459 1158 3506 ex
1179 3441 1291 3519 ἐριδαν-

117 3551 184 3616 τίων
205 3554 257 3617 καί
284 3548 525 3627 ίμαντελικτίων
547 3567 604 3633 pro
627 3543 779 3625 ἐριδάνται
804 3544 855 3608 καί
878 3545 1099 3622 ίμαντελίκται
1119 3545 1294 3612 dormitans

117 3657 312 3724 substituerit
342 3654 506 3732 ἐριδαντίετ
539 3652 591 3717 καί
620 3651 872 3727 ίμαντελικτέες,
897 3649 935 3716 de
958 3669 1020 3735 qus
1042 3670 1076 3716 re
1100 3649 1240 3716 diximus
1262 3649 1292 3714 ἐν

119 3763 156 3840 τῷ
177 3763 269 3844 λογίῳ
294 3763 391 3840 Ἐρμῇ
414 3779 489 3846 pag.
516 3756 593 3825 207.
617 3777 683 3842 sqq.
719 3754 787 3820 lem
810 3774 885 3820 vero
908 3755 968 3820 hoe
991 3774 1114 3840 quoqne
1136 3754 1208 3819 luce
1232 3754 1294 3820 clu·

120 3869 179 3933 rius
206 3877 254 3934 est
285 3867 369 3952 apud
392 3864 579 3930 Strabonem
603 3864 635 3928 in
659 3862 716 3941 ἔριν
741 3861 922 3925 δικιτώντων
947 3859 1046 3925 lstere
1068 3858 1239 3938 ἐριδαντέων
1262 3867 1295 3926 et

119 3977 215 4038 totum
245 3975 354 4040 locum
385 3973 430 4036 sic
458 3973 493 4034 iu
522 3973 685 4056 integrum
715 3969 841 4032 restitui
872 3971 1030 4050 oportere,
1061 3970 1099 4029 ut
1121 3964 1294 4031 scribetur:

122 4077 174 4157 οὐχ
196 4081 264 4161 ίρῖιν
288 4079 366 4159 φησί
391 4081 453 4147 πῶς
474 4075 512 4141 διν
532 4075 573 4146 τίς
593 4071 732 4154 τροῖμμοί
751 4077 796 4136 TI
819 4070 1009 4150 καταςρέφοι
1030 4071 1047 4142 τί
1069 4068 1192 4150 ζήτησις
1215 4067 1295 4146 αὕτη

121 4181 200 4248 tut
221 4182 310 4261 μίνον
335 4181 569 4261 ἐριδαντέων
596 4178 664 4244 καί
690 4178 1020 4255 ίμαντελικτίων
1041 4175 1125 4240 κατὰ
1146 4175 1297 4256 Δημίκρι-

122 4311 166 4353 τον
196 4286 282 4354 εἶναι.
327 4288 391 4352 Pro
421 4287 462 4356 είς
493 4284 631 4365 ιιρᾶμμιί
663 4308 694 4348 τι
726 4281 917 4363 καταερέφιι
948 4285 982 4347 in
1004 4284 1123 4349 uicinis
1144 4280 1194 4346 bis
1216 4282 1298 4347 dixit

122 4395 158 4467 είς
182 4391 400 4474 πραγματικόν
423 4415 451 4456 τι
476 4391 703 4471 καταςρέφειν.
730 4389 813 4474 quod
837 4393 886 4453 est
908 4385 1001 4473 plene
1022 4387 1120 4453 idem.

163 4499 268 4587 Neque
298 4519 384 4565 nuuc
413 4497 539 4564 difficile
569 4501 617 4562 est
646 4493 811 4561 Strabonis
842 4510 975 4559 menum
1000 4494 1137 4577 reperire
1167 4495 1200 4556 in
1230 4511 1295 4578 sqq.
