3358 5200
745 399 788 468 25

214 591 392 679 Complura
421 593 518 657 huius
551 593 664 656 crrorIs
695 589 842 675 exempla
873 589 1064 678 collegimus
1093 593 1127 656 in
1156 591 1234 656 Noc.
1267 589 1360 656 lectt.

158 721 245 788 pag.
272 697 337 763 362
360 720 406 784 sq.
431 703 468 763 ut
491 697 653 782 Aristoph.
685 695 767 784 Veap.
794 694 897 761 1404.

405 806 431 868 sl
456 805 489 878 νὴ
514 805 564 868 Δι”
589 803 657 868 ἀντὶ
682 811 737 878 τῆς
762 811 860 878 κακῆς
886 804 1030 880 γλώττης
1055 803 1142 868 ποθέν

403 909 510 990 πυροὺς
536 909 636 988 πρίαιο
665 915 828 990 σωφρονεῖν
851 907 890 972 ἄν
913 933 964 986 μοι
989 908 1115 974 δοκΕΙΕ.

165 1023 206 1082 et
237 1019 273 1080 in
303 1013 450 1080 Isocratis
479 1015 580 1100 Epist.
615 1013 699 1078 VIII.
726 1013 757 1078 9.
782 1011 857 1078 οὕτω
882 1015 908 1078 θ’
931 1013 970 1078 ἄν
993 1038 1043 1092 μοι
1068 1017 1198 1080 δοκεῖτε
1221 1013 1362 1080 catana

164 1121 421 1200 βουλεύσασθαι)
455 1121 511 1185 ubi
544 1124 578 1186 in
609 1120 701 1184 libris
724 1126 773 1185 est
795 1127 932 1206 (praeter
954 1120 1187 1206 Ravennatem)
1211 1121 1305 1192 δοκοῖς
1330 1127 1363 1185 et

166 1227 319 1302 δοκοθητε.
351 1231 383 1292 et
413 1229 447 1291 in
478 1223 625 1292 Oratione
652 1225 798 1292 Isocratis
821 1225 859 1290 V.
887 1225 940 1291 40.
965 1223 1016 1291 ire
1040 1228 1097 1305 μὲν
1122 1230 1139 1304 ἡ
1164 1223 1253 1300 πόλις
1278 1228 1361 1304 ἡμῶν

168 1370 221 1383 --
251 1331 426 1400 ε’θννοθςευεν
457 1332 540 1397 οὐδὲν
572 1331 610 1398 θον
642 1333 791 1409 ἡγοῦμΛΙ
809 1331 1005 1412 ’περανθῆναι
1037 1333 1167 1410 τούτων,
1200 1335 1246 1398 sic
1277 1331 1363 1397 solus

168 1437 326 1516 Urbinas,
359 1441 474 1503 caeteri
504 1458 613 1504 omnes
645 1438 794 1516 ἡγούμην.
844 1435 981 1504 Urbinas
1012 1444 1095 1504 errat
1126 1460 1200 1504 cum
1231 1439 1363 1504 caeteris

167 1544 199 1610 I.
229 1543 280 1608 12.
305 1542 343 1608 δι’
368 1539 406 1608 ὧν
429 1541 468 1606 ἄν
492 1567 542 1620 μοι
567 1545 719 1609 δοκΟΙΗΟ
732 1582 774 1592 -
788 1551 914 1613 carten
936 1544 1088 1610 ἐπιδοῦναι
1100 1594 1109 1623 ,
1129 1545 1187 1609 ubi
1198 1543 1363 1610 Belxkerus

169 1648 337 1715 intellexit
367 1649 462 1722 δοκεῖς
494 1671 605 1716 verum
638 1671 715 1716 esse.
762 1649 942 1715 Attulimus
973 1651 1116 1716 eiusdem
1148 1651 1258 1716 mendi
1282 1669 1364 1714 nova

171 1754 323 1839 exempla
345 1755 385 1820 ad
409 1755 628 1841 Xenophontis
655 1756 863 1841 Oyropacdicm
886 1757 998 1821 Μμοιιο.
1021 1754 1119 1821 1875.
1139 1778 1213 1844 pag.
1236 1752 1300 1820 393
1314 1775 1359 1839 sq.

168 1861 270 1927 Nunc
291 1860 457 1926 videamus
480 1864 535 1946 qui
557 1861 617 1927 loci
641 1860 864 1927 Demosthenis
888 1861 928 1927 ad
950 1862 1032 1927 hanc
1054 1862 1160 1928 lucem
1184 1859 1362 1947 corrigendi

166 1969 340 2051 supersint
389 1965 504 2031 Iiditur
533 1987 606 2055 pag.
640 1965 716 2032 192.
741 1966 772 2030 4.
797 1968 953 2046 παρελθὼν
976 1975 1091 2048 πρῶτος
1116 1968 1176 2050 epe
1200 1968 1362 2047 παρῄνεσα

172 2109 221 2121 -
245 2068 290 2135 ὅτι
322 2097 373 2150 μοι
407 2079 569 2155 σωφρονεῖν
600 2070 639 2137 θον
669 2072 803 2137 δοκΟΙσε
835 2075 860 2137 εἰ
893 2074 948 2148 σὺν
973 2073 1129 2155 πρόφασιν
1154 2108 1167 2123 -
1193 2074 1324 2137 ποιοῖσθε
1348 2107 1361 2120 -

171 2175 460 2258 παρασκευάζοισθε
490 2217 531 2226 -
557 2177 729 2256 ἀμύνοισθε.
776 2178 889 2245 Nonne
919 2181 1123 2264 perspicuum
1154 2183 1201 2243 est
1232 2177 1362 2242 δοκΕΙτε
1400 2217 1401 2222 1

171 2281 317 2368 requiri?
349 2284 465 2348 diserte
495 2287 529 2348 in
553 2283 576 2350 S
600 2283 715 2349 δοκεῖτε
739 2287 893 2370 scriptum
919 2290 966 2350 est
989 2285 1043 2350 sed
1068 2289 1186 2349 temere
1209 2294 1361 2370 spretum.

171 2387 268 2452 Idem
299 2385 405 2455 Codex
428 2392 559 2454 ποιεῖσθε
583 2395 615 2455 at
638 2388 791 2466 ἀμύνεσθε
816 2390 944 2456 exhibet
968 2389 1108 2467 soloece,
1133 2389 1280 2454 medium
1302 2412 1363 2454 σα-

170 2495 432 2576 ρασκενύζοῑοθε
463 2495 611 2561 illaesum
643 2497 753 2561 evasit.
802 2493 856 2560 Sic
889 2496 1006 2580 ubique
1038 2497 1136 2560 etiam
1168 2498 1202 2559 in
1233 2495 1364 2580 optimis

171 2601 314 2666 testibus
335 2600 473 2679 μὲμνασ*
485 2602 638 2668 ,θσιςεῖνε
657 2601 752 2666 modo
772 2621 885 2666 verum
906 2599 966 2666 soli
983 2605 1128 2677 servant,
1149 2600 1244 2666 modo
1264 2601 1364 2665 iidem

170 2706 336 2784 titubant,
361 2707 490 2786 fallunt,
516 2709 724 2773 mentiuntur.
774 2706 849 2771 Vidi
868 2706 975 2771 doctos
995 2706 1140 2772 homines
1160 2709 1216 2791 qui
1239 2701 1366 2772 Oodieis
1431 2717 1432 2720 ’

172 2809 201 2876 S
233 2816 459 2896 praestantiam
491 2813 589 2879 stulte
620 2815 732 2877 mirati
763 2795 837 2877 eum
868 2814 1024 2876 vitiorum
1048 2817 1211 2896 expertem
1234 2823 1266 2875 ct
1290 2813 1366 2876 θνα-

173 2915 335 2995 adprecor
365 2921 467 3005 inepti
497 2919 667 2984 crederent.
716 2917 853 2984 Nullum
885 2923 933 2983 ast
962 2917 1151 2983 mendorum
1175 2937 1276 3004 genus
1299 2923 1367 2982 tam

174 3023 371 3103 absurdum,
403 3026 493 3089 cuius
527 3045 588 3090 non
609 3023 756 3109 exempla
779 3029 817 3089 ut
839 3027 873 3088 in
897 3022 969 3088 aliis
990 3023 1083 3088 libris
1106 3021 1185 3087 Mes.
1211 3025 1256 3087 sic
1280 3025 1368 3088 etin

174 3128 202 3195 S
225 3129 389 3214 complura
409 3132 616 3215 reperiantur.
651 3129 741 3196 Dabo
762 3150 863 3195 unum
885 3133 917 3194 et
938 3128 1075 3194 alterum
1088 3126 1249 3206 γεύματος
1262 3127 1364 3210 χάριν.

173 3235 312 3302 Dixerat
334 3235 562 3302 Demosthenes
586 3257 692 3302 severe
716 3241 748 3301 at
770 3237 912 3323 graviter
934 3255 1006 3322 pag.
1033 3232 1108 3299 157.
1131 3232 1161 3298 9.
1183 3236 1242 3298 οὐδ’
1261 3235 1367 3300 clotsi-

175 3364 282 3405 νσνσαι
307 3340 414 3406 catara
439 3342 491 3405 sal
516 3341 558 3406 τθο
584 3350 638 3417 τῆς
663 3343 780 3412 πόλεως
805 3341 857 3404 καὶ
877 3342 920 3405 σα
942 3349 1061 3406 ΕΦΩΝ
1083 3351 1138 3404 AT
1141 3349 1241 3405 ΤΩΝ
1261 3345 1367 3422 μικροῦ

174 3447 347 3524 λήμματος
379 3452 563 3522 πωλοῦντες.
595 3448 672 3532 quid
700 3444 744 3512 S?
777 3446 910 3512 absurde
941 3447 1029 3512 dedit
1059 3447 1144 3511 κατθι
1169 3446 1233 3510 ‘ricc
1256 3447 1366 3526 φανοὶσ

173 3553 297 3630 αὐτῶν,
322 3573 402 3638 quae
424 3573 518 3618 nemo
537 3555 681 3618 correxit.
714 3551 803 3618 Idem
822 3573 894 3639 pag.
918 3550 1061 3617 10611.
1081 3573 1138 3639 pro
1151 3554 1366 3617 ’θΚΔΕΤΟΤ

177 3655 228 3743 (ἐκ
259 3656 289 3720 δὲ
319 3662 387 3737 τοῦ)
418 3659 567 3736 carystos
598 3659 679 3736 ὑμᾶς
715 3657 798 3738 ἔχειν
828 3695 843 3707 -
865 3658 998 3738 φοβερὸς
1030 3661 1125 3723 πᾶσιν
1155 3657 1307 3734 Ἕλλησιν
1339 3659 1366 3739 (θ

176 3761 369 3849 Φίλιππος),
395 3766 521 3848 scripsit
545 3762 676 3828 ἕκθστον
700 3765 850 3843 θλιγύρως
875 3765 958 3841 ὑμᾶς
982 3760 1066 3842 ἔχειν
1084 3765 1151 3827 sine
1171 3781 1283 3829 sensu:
1302 3785 1367 3830 eor·

174 3873 314 3934 rectores
337 3873 451 3934 tecam.
498 3868 562 3935 Sed
584 3869 663 3935 illuc
686 3870 770 3934 unde
790 3870 951 3957 digressus
971 3889 1043 3934 sum
1065 3875 1214 3935 revertor.
1244 3869 1366 3935 Eodem

173 3971 287 4039 mendi
308 3993 441 4059 genere,
465 3974 503 4039 de
527 3994 589 4058 quo
613 3976 758 4062 agimus,
779 3980 945 4060 corruptus
965 3979 1013 4040 eat
1033 3973 1123 4040 locus
1142 3973 1366 4041 Demosthenis

175 4100 253 4167 pag.
279 4075 333 4142 62.
360 4077 412 4142 12.
433 4079 493 4143 νυνὶ
513 4081 576 4158 γὰρ
598 4080 748 4159 Θηβαίοις
769 4081 841 4159 πρὸς
860 4081 917 4158 μὲν
937 4081 971 4144 σθ
991 4080 1046 4151 σὺν
1066 4080 1172 4161 χώραν
1189 4081 1365 4158 κεκομίσθαι

176 4184 321 4252 κάλλος-α
345 4182 543 4262 πέπρακται,
568 4186 640 4265 πρὸς
666 4185 697 4249 δὲ
717 4185 810 4262 τιμὴν
829 4185 881 4250 καθ
904 4182 995 4260 δόξαν
1014 4185 1169 4265 αἵσχιςα·
1193 4189 1218 4251 εἰ
1240 4187 1303 4267 γθιρ
1322 4189 1366 4266 μὴ

175 4289 319 4369 παρῆλθε
350 4289 502 4362 Φίλιππος
527 4291 609 4354 οὐδὲν
633 4289 671 4354 θον
695 4291 799 4363 αὐτοῖς
824 4293 993 4356 'adorlei
1019 4288 1105 4356 εἶναι.
1153 4293 1251 4358 Estne
1271 4293 1368 4382 longa

176 4395 407 4460 deliberatione
437 4413 515 4479 opus
545 4402 582 4460 ut
614 4402 763 4482 appareat
795 4395 878 4462 tonsi
905 4417 1019 4463 verum
1052 4419 1136 4477 esse,
1166 4419 1229 4464 non
1251 4395 1366 4465 ε’δθκει1

176 4499 325 4566 Thebani
359 4497 520 4565 Boeotiam
552 4508 812 4586 recuperaverant
844 4523 907 4568 non
938 4523 996 4569 suo
1018 4503 1124 4570 Marte
1146 4504 1200 4570 sed
1222 4503 1368 4588 Philippi
