<?xml version="1.0" encoding="UTF-8"?>
<!DOCTYPE html PUBLIC "-//W3C//DTD XHTML 1.0 Transitional//EN"
    "http://www.w3.org/TR/xhtml1/DTD/xhtml1-transitional.dtd">
<html xmlns="http://www.w3.org/1999/xhtml" xml:lang="en" lang="en">
 <head>
  <title>
</title>
<meta http-equiv="Content-Type" content="text/html;charset=utf-8" />
  <meta name='ocr-system' content='tesseract 3.04.00' />
  <meta name='ocr-capabilities' content='ocr_page ocr_carea ocr_par ocr_line ocrx_word'/>
</head>
<body>
  <div class='ocr_page' id='page_1' title='image "./miscellaneacrit01cobegoog_0255.png"; bbox 0 0 3208 5158; ppageno 0'>
   <div class='ocr_carea' id='block_1_1' title="bbox 896 359 963 430">
    <p class='ocr_par' dir='ltr' id='par_1_1' title="bbox 896 359 963 430">
     <span class='ocr_line' id='line_1_1' title="bbox 896 359 963 430; baseline 0 0"><span class='ocrx_word' id='word_1_1' title='bbox 896 359 963 430; x_wconf 72' lang='grc'><strong>280</strong></span> 
     </span>
    </p>
   </div>
   <div class='ocr_carea' id='block_1_2' title="bbox 334 547 1509 4564">
    <p class='ocr_par' dir='ltr' id='par_1_2' title="bbox 334 547 1509 1269">
     <span class='ocr_line' id='line_1_2' title="bbox 336 547 1508 642; baseline 0 -24"><span class='ocrx_word' id='word_1_2' title='bbox 336 547 407 632; x_wconf 61' lang='lat' dir='ltr'><strong>tea.</strong></span> <span class='ocrx_word' id='word_1_3' title='bbox 454 549 520 620; x_wconf 76' lang='lat' dir='ltr'><strong>Gur</strong></span> <span class='ocrx_word' id='word_1_4' title='bbox 551 574 626 642; x_wconf 80' lang='lat' dir='ltr'><strong>argo</strong></span> <span class='ocrx_word' id='word_1_5' title='bbox 656 553 707 618; x_wconf 90' lang='lat' dir='ltr'><strong>illi</strong></span> <span class='ocrx_word' id='word_1_6' title='bbox 731 557 871 630; x_wconf 84' lang='lat' dir='ltr'><strong>veteres,</strong></span> <span class='ocrx_word' id='word_1_7' title='bbox 894 555 1003 639; x_wconf 83' lang='lat' dir='ltr'><strong>quoles</strong></span> <span class='ocrx_word' id='word_1_8' title='bbox 1025 556 1110 620; x_wconf 88' lang='lat' dir='ltr'><strong>viros</strong></span> <span class='ocrx_word' id='word_1_9' title='bbox 1133 573 1166 618; x_wconf 86' lang='lat' dir='ltr'><strong>ae</strong></span> <span class='ocrx_word' id='word_1_10' title='bbox 1189 571 1290 636; x_wconf 87' lang='lat' dir='ltr'><strong>neque</strong></span> <span class='ocrx_word' id='word_1_11' title='bbox 1312 552 1432 618; x_wconf 79' lang='lat' dir='ltr'><strong>vidisse</strong></span> <span class='ocrx_word' id='word_1_12' title='bbox 1453 573 1508 618; x_wconf 91' lang='lat' dir='ltr'><strong>um-</strong></span> 
     </span>
     <span class='ocr_line' id='line_1_3' title="bbox 336 659 1509 746; baseline -0.002 -22"><span class='ocrx_word' id='word_1_13' title='bbox 336 679 430 744; x_wconf 87' lang='lat' dir='ltr'><strong>quam</strong></span> <span class='ocrx_word' id='word_1_14' title='bbox 461 661 622 746; x_wconf 85' lang='lat' dir='ltr'><strong>pracdicat</strong></span> <span class='ocrx_word' id='word_1_15' title='bbox 653 680 754 743; x_wconf 89' lang='lat' dir='ltr'><strong>neque</strong></span> <span class='ocrx_word' id='word_1_16' title='bbox 784 659 914 745; x_wconf 87' lang='lat' dir='ltr'><strong>posthac</strong></span> <span class='ocrx_word' id='word_1_17' title='bbox 944 663 1108 734; x_wconf 86' lang='lat' dir='ltr'><strong>risurum,</strong></span> <span class='ocrx_word' id='word_1_18' title='bbox 1135 659 1278 723; x_wconf 90' lang='lat' dir='ltr'><strong>hominis</strong></span> <span class='ocrx_word' id='word_1_19' title='bbox 1300 661 1509 724; x_wconf 83' lang='lat' dir='ltr'><strong>auctoritatem</strong></span> 
     </span>
     <span class='ocr_line' id='line_1_4' title="bbox 335 760 1509 847; baseline -0.001 -20"><span class='ocrx_word' id='word_1_20' title='bbox 335 765 546 847; x_wconf 74' lang='lat' dir='ltr'>sequebantur</span> <span class='ocrx_word' id='word_1_21' title='bbox 573 765 658 829; x_wconf 90' lang='lat' dir='ltr'><strong>ultro</strong></span> <span class='ocrx_word' id='word_1_22' title='bbox 687 765 817 830; x_wconf 83' lang='lat' dir='ltr'><strong>fetentis</strong></span> <span class='ocrx_word' id='word_1_23' title='bbox 848 786 882 830; x_wconf 87' lang='lat' dir='ltr'><strong>se</strong></span> <span class='ocrx_word' id='word_1_24' title='bbox 913 765 980 830; x_wconf 92' lang='lat' dir='ltr'><strong>illis</strong></span> <span class='ocrx_word' id='word_1_25' title='bbox 1010 786 1076 830; x_wconf 91' lang='lat' dir='ltr'><strong>esse</strong></span> <span class='ocrx_word' id='word_1_26' title='bbox 1100 760 1303 829; x_wconf 78' lang='lat' dir='ltr'><strong>inferiorem?</strong></span> <span class='ocrx_word' id='word_1_27' title='bbox 1337 764 1382 828; x_wconf 89' lang='lat' dir='ltr'><strong>At</strong></span> <span class='ocrx_word' id='word_1_28' title='bbox 1410 765 1509 830; x_wconf 88' lang='lat' dir='ltr'><strong>Nestor</strong></span> 
     </span>
     <span class='ocr_line' id='line_1_5' title="bbox 335 869 1507 954; baseline -0.003 -18"><span class='ocrx_word' id='word_1_29' title='bbox 335 873 423 949; x_wconf 76' lang='grc' dir='ltr'><strong><em>μέγα</em></strong></span> <span class='ocrx_word' id='word_1_30' title='bbox 448 877 561 952; x_wconf 78' lang='grc' dir='ltr'><strong><em>φρονῶν</em></strong></span> <span class='ocrx_word' id='word_1_31' title='bbox 585 872 637 935; x_wconf 80' lang='grc' dir='ltr'><strong>καί</strong></span> <span class='ocrx_word' id='word_1_32' title='bbox 663 869 939 950; x_wconf 64' lang='grc' dir='ltr'><strong>παρρησιαζόμενος</strong></span> <span class='ocrx_word' id='word_1_33' title='bbox 963 877 995 936; x_wconf 86' lang='lat' dir='ltr'><strong>et</strong></span> <span class='ocrx_word' id='word_1_34' title='bbox 1013 870 1087 935; x_wconf 90' lang='lat' dir='ltr'><strong>illos</strong></span> <span class='ocrx_word' id='word_1_35' title='bbox 1107 880 1229 935; x_wconf 84' lang='lat' dir='ltr'><strong>veteres</strong></span> <span class='ocrx_word' id='word_1_36' title='bbox 1249 877 1281 934; x_wconf 92' lang='lat' dir='ltr'><strong>et</strong></span> <span class='ocrx_word' id='word_1_37' title='bbox 1301 872 1507 954; x_wconf 85' lang='lat' dir='ltr'><strong>semetipsum</strong></span> 
     </span>
     <span class='ocr_line' id='line_1_6' title="bbox 335 975 1507 1065; baseline -0.005 -23"><span class='ocrx_word' id='word_1_38' title='bbox 335 979 571 1065; x_wconf 80' lang='lat' dir='ltr'><strong>Agamemnoni</strong></span> <span class='ocrx_word' id='word_1_39' title='bbox 599 983 631 1042; x_wconf 87' lang='lat' dir='ltr'><strong>et</strong></span> <span class='ocrx_word' id='word_1_40' title='bbox 654 975 774 1042; x_wconf 86' lang='lat' dir='ltr'><strong>Achilli</strong></span> <span class='ocrx_word' id='word_1_41' title='bbox 797 985 988 1063; x_wconf 75' lang='lat' dir='ltr'>anteponens</span> <span class='ocrx_word' id='word_1_42' title='bbox 1011 980 1057 1044; x_wconf 91' lang='lat' dir='ltr'><strong>sic</strong></span> <span class='ocrx_word' id='word_1_43' title='bbox 1079 996 1131 1042; x_wconf 89' lang='lat' dir='ltr'><strong>eos</strong></span> <span class='ocrx_word' id='word_1_44' title='bbox 1153 976 1215 1048; x_wconf 88' lang='lat' dir='ltr'><strong>sibi</strong></span> <span class='ocrx_word' id='word_1_45' title='bbox 1238 977 1360 1060; x_wconf 86' lang='lat' dir='ltr'><strong>optime</strong></span> <span class='ocrx_word' id='word_1_46' title='bbox 1381 977 1507 1041; x_wconf 86' lang='lat' dir='ltr'><strong>monenti</strong></span> 
     </span>
     <span class='ocr_line' id='line_1_7' title="bbox 334 1079 1505 1168; baseline -0.005 -19"><span class='ocrx_word' id='word_1_47' title='bbox 334 1083 551 1168; x_wconf 87' lang='lat' dir='ltr'><strong>obtemperare</strong></span> <span class='ocrx_word' id='word_1_48' title='bbox 581 1081 740 1167; x_wconf 83' lang='lat' dir='ltr'><strong>postulet:</strong></span> <span class='ocrx_word' id='word_1_49' title='bbox 772 1084 911 1160; x_wconf 87' lang='grc' dir='ltr'><strong><em>τίθεσθε,</em></strong></span> <span class='ocrx_word' id='word_1_50' title='bbox 944 1083 1078 1149; x_wconf 78' lang='grc' dir='ltr'><strong><em>ἐπίθοντο</em></strong></span> <span class='ocrx_word' id='word_1_51' title='bbox 1100 1079 1163 1162; x_wconf 72' lang='lat' dir='ltr'><strong>yria</strong></span> <span class='ocrx_word' id='word_1_52' title='bbox 1185 1104 1236 1157; x_wconf 83' lang='grc' dir='ltr'><strong><em>μον</em></strong></span> <span class='ocrx_word' id='word_1_53' title='bbox 1259 1081 1312 1146; x_wconf 75' lang='grc' dir='ltr'><strong>καί</strong></span> <span class='ocrx_word' id='word_1_54' title='bbox 1336 1081 1464 1160; x_wconf 73' lang='grc' dir='ltr'><strong><em>ἀρείονες</em></strong></span> <span class='ocrx_word' id='word_1_55' title='bbox 1482 1079 1505 1154; x_wconf 77' lang='lat' dir='ltr'><strong>ii</strong></span> 
     </span>
     <span class='ocr_line' id='line_1_8' title="bbox 336 1189 515 1269; baseline -0.006 -16"><span class='ocrx_word' id='word_1_56' title='bbox 336 1212 392 1269; x_wconf 85' lang='grc' dir='ltr'><strong><em>τερ</em></strong></span> <span class='ocrx_word' id='word_1_57' title='bbox 416 1189 515 1267; x_wconf 80' lang='grc' dir='ltr'><strong><em>ὑμεῖς.</em></strong></span> 
     </span>
    </p>

    <p class='ocr_par' dir='ltr' id='par_1_3' title="bbox 335 1290 1506 1485">
     <span class='ocr_line' id='line_1_9' title="bbox 380 1290 1506 1368; baseline -0.004 -9"><span class='ocrx_word' id='word_1_58' title='bbox 380 1293 473 1359; x_wconf 90' lang='lat' dir='ltr'><strong>Alius</strong></span> <span class='ocrx_word' id='word_1_59' title='bbox 502 1290 638 1358; x_wconf 86' lang='lat' dir='ltr'><strong>Homeri</strong></span> <span class='ocrx_word' id='word_1_60' title='bbox 664 1290 769 1368; x_wconf 89' lang='lat' dir='ltr'><strong>locus,</strong></span> <span class='ocrx_word' id='word_1_61' title='bbox 796 1293 853 1358; x_wconf 88' lang='lat' dir='ltr'><strong>ubi</strong></span> <span class='ocrx_word' id='word_1_62' title='bbox 875 1292 1052 1360; x_wconf 74' lang='lat' dir='ltr'><strong>Aristarchi</strong></span> <span class='ocrx_word' id='word_1_63' title='bbox 1073 1295 1247 1359; x_wconf 86' lang='lat' dir='ltr'><strong>sententiaa</strong></span> <span class='ocrx_word' id='word_1_64' title='bbox 1268 1312 1332 1358; x_wconf 91' lang='lat' dir='ltr'><strong>non</strong></span> <span class='ocrx_word' id='word_1_65' title='bbox 1354 1291 1506 1358; x_wconf 88' lang='lat' dir='ltr'><strong>subscribi·</strong></span> 
     </span>
     <span class='ocr_line' id='line_1_10' title="bbox 335 1395 900 1485; baseline -0.002 -20"><span class='ocrx_word' id='word_1_66' title='bbox 335 1420 424 1485; x_wconf 87' lang='lat' dir='ltr'><strong>mus,</strong></span> <span class='ocrx_word' id='word_1_67' title='bbox 448 1403 496 1465; x_wconf 89' lang='lat' dir='ltr'><strong>est</strong></span> <span class='ocrx_word' id='word_1_68' title='bbox 517 1401 552 1462; x_wconf 89' lang='lat' dir='ltr'><strong>in</strong></span> <span class='ocrx_word' id='word_1_69' title='bbox 573 1395 667 1463; x_wconf 90' lang='lat' dir='ltr'><strong>Iliad.</strong></span> <span class='ocrx_word' id='word_1_70' title='bbox 691 1407 728 1462; x_wconf 90' lang='lat' dir='ltr'><strong>A.</strong></span> <span class='ocrx_word' id='word_1_71' title='bbox 754 1395 900 1464; x_wconf 82' lang='lat'>28-30.</span> 
     </span>
    </p>

    <p class='ocr_par' dir='ltr' id='par_1_4' title="bbox 403 1501 1348 1800">
     <span class='ocr_line' id='line_1_11' title="bbox 403 1501 1348 1584; baseline 0 -14"><span class='ocrx_word' id='word_1_72' title='bbox 403 1501 407 1508; x_wconf 49' lang='lat'><strong>⁴</strong></span> <span class='ocrx_word' id='word_1_73' title='bbox 471 1505 526 1579; x_wconf 76' lang='grc' dir='ltr'><strong>την</strong></span> <span class='ocrx_word' id='word_1_74' title='bbox 550 1504 576 1569; x_wconf 77' lang='grc' dir='ltr'><strong>δ’</strong></span> <span class='ocrx_word' id='word_1_75' title='bbox 599 1503 660 1582; x_wconf 73' lang='grc' dir='ltr'><strong><em>ἐμέο</em></strong></span> <span class='ocrx_word' id='word_1_76' title='bbox 684 1505 717 1568; x_wconf 88' lang='grc' dir='ltr'><strong>ού</strong></span> <span class='ocrx_word' id='word_1_77' title='bbox 740 1504 839 1582; x_wconf 80' lang='grc' dir='ltr'><strong><em>λύσω,</em></strong></span> <span class='ocrx_word' id='word_1_78' title='bbox 865 1504 935 1584; x_wconf 80' lang='grc' dir='ltr'><strong><em>πρίν</em></strong></span> <span class='ocrx_word' id='word_1_79' title='bbox 957 1528 1011 1582; x_wconf 76' lang='grc' dir='ltr'><strong><em>μιν</em></strong></span> <span class='ocrx_word' id='word_1_80' title='bbox 1033 1505 1085 1570; x_wconf 78' lang='grc' dir='ltr'><strong>καί</strong></span> <span class='ocrx_word' id='word_1_81' title='bbox 1109 1513 1209 1584; x_wconf 74' lang='grc' dir='ltr'><strong><em>γῆρας</em></strong></span> <span class='ocrx_word' id='word_1_82' title='bbox 1232 1502 1348 1571; x_wconf 81' lang='grc' dir='ltr'><strong><em>έοτενσνν</em></strong></span> 
     </span>
     <span class='ocr_line' id='line_1_12' title="bbox 474 1609 1223 1691; baseline 0 -17"><span class='ocrx_word' id='word_1_83' title='bbox 474 1609 608 1690; x_wconf 72' lang='grc' dir='ltr'><strong><em>ἡμετέρῳ</em></strong></span> <span class='ocrx_word' id='word_1_84' title='bbox 632 1610 673 1674; x_wconf 82' lang='grc' dir='ltr'><strong>ἐνί</strong></span> <span class='ocrx_word' id='word_1_85' title='bbox 697 1609 765 1690; x_wconf 71' lang='lat' dir='ltr'><strong>circo</strong></span> <span class='ocrx_word' id='word_1_86' title='bbox 789 1610 819 1674; x_wconf 85' lang='grc' dir='ltr'><strong>ἐν</strong></span> <span class='ocrx_word' id='word_1_87' title='bbox 839 1613 954 1689; x_wconf 74' lang='grc' dir='ltr'><strong><em>Ἄργεϊ</em></strong></span> <span class='ocrx_word' id='word_1_88' title='bbox 975 1611 1080 1686; x_wconf 80' lang='grc' dir='ltr'><strong><em>τηλθθν</em></strong></span> <span class='ocrx_word' id='word_1_89' title='bbox 1104 1609 1223 1691; x_wconf 83' lang='grc' dir='ltr'><strong><em>τοίτρης</em></strong></span> 
     </span>
     <span class='ocr_line' id='line_1_13' title="bbox 472 1715 1254 1800; baseline 0 -18"><span class='ocrx_word' id='word_1_90' title='bbox 472 1717 536 1785; x_wconf 82' lang='grc' dir='ltr'><strong><em>ίςθν</em></strong></span> <span class='ocrx_word' id='word_1_91' title='bbox 559 1715 760 1797; x_wconf 73' lang='grc' dir='ltr'><strong><em>ἐποιχομένην</em></strong></span> <span class='ocrx_word' id='word_1_92' title='bbox 782 1716 834 1780; x_wconf 76' lang='grc' dir='ltr'><strong>καί</strong></span> <span class='ocrx_word' id='word_1_93' title='bbox 860 1718 932 1794; x_wconf 82' lang='grc' dir='ltr'><strong><em>ἐμὸν</em></strong></span> <span class='ocrx_word' id='word_1_94' title='bbox 957 1717 1052 1800; x_wconf 82' lang='grc' dir='ltr'><strong><em>λέχος</em></strong></span> <span class='ocrx_word' id='word_1_95' title='bbox 1075 1718 1254 1783; x_wconf 82' lang='grc' dir='ltr'><strong><em>α’ντνθυσαν.</em></strong></span> 
     </span>
    </p>

    <p class='ocr_par' dir='ltr' id='par_1_5' title="bbox 337 1819 1504 2854">
     <span class='ocr_line' id='line_1_14' title="bbox 381 1819 1504 1900; baseline -0.003 -13"><span class='ocrx_word' id='word_1_96' title='bbox 381 1819 452 1888; x_wconf 88' lang='lat' dir='ltr'><strong>Hos</strong></span> <span class='ocrx_word' id='word_1_97' title='bbox 482 1825 546 1887; x_wconf 86' lang='lat' dir='ltr'><strong>tres</strong></span> <span class='ocrx_word' id='word_1_98' title='bbox 578 1841 688 1888; x_wconf 84' lang='lat' dir='ltr'><strong>versus</strong></span> <span class='ocrx_word' id='word_1_99' title='bbox 718 1823 920 1889; x_wconf 79' lang='lat' dir='ltr'><strong>Aristarchus</strong></span> <span class='ocrx_word' id='word_1_100' title='bbox 950 1825 1126 1890; x_wconf 87' lang='lat' dir='ltr'><strong>damnavit.</strong></span> <span class='ocrx_word' id='word_1_101' title='bbox 1157 1825 1357 1900; x_wconf 82' lang='grc' dir='ltr'><strong><em>νίθετοῡνταο,</em></strong></span> <span class='ocrx_word' id='word_1_102' title='bbox 1382 1819 1427 1888; x_wconf 83' lang='grc' dir='ltr'><strong>ίτν</strong></span> <span class='ocrx_word' id='word_1_103' title='bbox 1448 1822 1504 1886; x_wconf 80' lang='grc' dir='ltr'><strong>θνα</strong></span> 
     </span>
     <span class='ocr_line' id='line_1_15' title="bbox 337 1925 1502 2009; baseline -0.005 -15"><span class='ocrx_word' id='word_1_104' title='bbox 337 1928 441 1994; x_wconf 74' lang='grc' dir='ltr'><strong><em>λύουσι</em></strong></span> <span class='ocrx_word' id='word_1_105' title='bbox 463 1929 519 2002; x_wconf 78' lang='grc' dir='ltr'><strong>την</strong></span> <span class='ocrx_word' id='word_1_106' title='bbox 543 1928 685 1991; x_wconf 83' lang='grc' dir='ltr'><strong><em>έτίτασνν</em></strong></span> <span class='ocrx_word' id='word_1_107' title='bbox 706 1933 760 1993; x_wconf 85' lang='grc' dir='ltr'><strong>τοῦ</strong></span> <span class='ocrx_word' id='word_1_108' title='bbox 784 1932 833 1992; x_wconf 80' lang='grc' dir='ltr'><strong>νοῦ</strong></span> <span class='ocrx_word' id='word_1_109' title='bbox 856 1930 908 1993; x_wconf 79' lang='grc' dir='ltr'><strong>καὶ</strong></span> <span class='ocrx_word' id='word_1_110' title='bbox 933 1930 988 2003; x_wconf 77' lang='grc' dir='ltr'><strong>την</strong></span> <span class='ocrx_word' id='word_1_111' title='bbox 1011 1930 1153 2005; x_wconf 80' lang='grc' dir='ltr'><strong><em>οίτεολοίν.</em></strong></span> <span class='ocrx_word' id='word_1_112' title='bbox 1180 1932 1324 2006; x_wconf 78' lang='grc' dir='ltr'><strong><em>ησμίννσε</em></strong></span> <span class='ocrx_word' id='word_1_113' title='bbox 1347 1931 1411 2009; x_wconf 71' lang='grc' dir='ltr'><strong>γαρ</strong></span> <span class='ocrx_word' id='word_1_114' title='bbox 1432 1925 1502 1992; x_wconf 72' lang='lat' dir='ltr'><strong>auli</strong></span> 
     </span>
     <span class='ocr_line' id='line_1_16' title="bbox 339 2032 1503 2120; baseline -0.005 -19"><span class='ocrx_word' id='word_1_115' title='bbox 339 2037 458 2116; x_wconf 79' lang='grc' dir='ltr'><strong><em>Χρύσης</em></strong></span> <span class='ocrx_word' id='word_1_116' title='bbox 488 2034 630 2108; x_wconf 76' lang='grc' dir='ltr'><strong>εἰπούσης</strong></span> <span class='ocrx_word' id='word_1_117' title='bbox 660 2039 714 2112; x_wconf 86' lang='lat' dir='ltr'><strong>(an</strong></span> <span class='ocrx_word' id='word_1_118' title='bbox 745 2032 924 2120; x_wconf 77' lang='grc' dir='ltr'><strong><em>συνούσηςί)</em></strong></span> <span class='ocrx_word' id='word_1_119' title='bbox 952 2038 1049 2108; x_wconf 77' lang='grc' dir='ltr'><strong><em>αὐτῆς</em></strong></span> <span class='ocrx_word' id='word_1_120' title='bbox 1068 2039 1111 2117; x_wconf 77' lang='grc' dir='ltr'><strong>τῷ</strong></span> <span class='ocrx_word' id='word_1_121' title='bbox 1133 2037 1274 2114; x_wconf 76' lang='grc' dir='ltr'><strong><em>βασιλεῖ.</em></strong></span> <span class='ocrx_word' id='word_1_122' title='bbox 1320 2039 1503 2103; x_wconf 73' lang='grc' dir='ltr'>’ΛΠΡΕΠΕΟ</span> 
     </span>
     <span class='ocr_line' id='line_1_17' title="bbox 338 2137 1502 2220; baseline -0.004 -14"><span class='ocrx_word' id='word_1_123' title='bbox 338 2141 370 2207; x_wconf 71' lang='grc' dir='ltr'><strong>δέ</strong></span> <span class='ocrx_word' id='word_1_124' title='bbox 394 2141 446 2206; x_wconf 84' lang='grc' dir='ltr'><strong>καί</strong></span> <span class='ocrx_word' id='word_1_125' title='bbox 471 2139 506 2205; x_wconf 80' lang='grc' dir='ltr'><strong>τὸ</strong></span> <span class='ocrx_word' id='word_1_126' title='bbox 529 2137 581 2204; x_wconf 77' lang='grc' dir='ltr'><strong>τὸν</strong></span> <span class='ocrx_word' id='word_1_127' title='bbox 605 2137 830 2216; x_wconf 72' lang='grc' dir='ltr'><strong><em>’Λγαμέμνονα</em></strong></span> <span class='ocrx_word' id='word_1_128' title='bbox 854 2145 985 2206; x_wconf 79' lang='grc' dir='ltr'><strong><em>τοιαῦτα</em></strong></span> <span class='ocrx_word' id='word_1_129' title='bbox 1009 2143 1124 2220; x_wconf 72' lang='grc' dir='ltr'><strong><em>λέγειν.</em></strong></span> <span class='ocrx_word' id='word_1_130' title='bbox 1164 2143 1295 2208; x_wconf 89' lang='lat' dir='ltr'><strong>Nemini</strong></span> <span class='ocrx_word' id='word_1_131' title='bbox 1318 2141 1411 2208; x_wconf 76' lang='lat' dir='ltr'><strong>facile</strong></span> <span class='ocrx_word' id='word_1_132' title='bbox 1432 2137 1502 2206; x_wconf 87' lang='lat' dir='ltr'><strong>credo</strong></span> 
     </span>
     <span class='ocr_line' id='line_1_18' title="bbox 337 2244 1503 2334; baseline -0.005 -22"><span class='ocrx_word' id='word_1_133' title='bbox 337 2247 415 2313; x_wconf 88' lang='lat' dir='ltr'><strong>haec</strong></span> <span class='ocrx_word' id='word_1_134' title='bbox 446 2244 665 2311; x_wconf 76' lang='lat' dir='ltr'><strong>Aristarchum</strong></span> <span class='ocrx_word' id='word_1_135' title='bbox 688 2245 904 2330; x_wconf 87' lang='lat' dir='ltr'><strong>probaturum.</strong></span> <span class='ocrx_word' id='word_1_136' title='bbox 954 2247 1045 2328; x_wconf 83' lang='lat' dir='ltr'><strong>Quod</strong></span> <span class='ocrx_word' id='word_1_137' title='bbox 1068 2253 1175 2314; x_wconf 84' lang='lat' dir='ltr'><strong>entem</strong></span> <span class='ocrx_word' id='word_1_138' title='bbox 1199 2248 1283 2313; x_wconf 83' lang='lat' dir='ltr'><strong>dixit</strong></span> <span class='ocrx_word' id='word_1_139' title='bbox 1305 2250 1388 2334; x_wconf 85' lang='lat' dir='ltr'><strong>patri</strong></span> <span class='ocrx_word' id='word_1_140' title='bbox 1406 2253 1503 2328; x_wconf 77' lang='grc' dir='ltr'><strong><em>ρναοον</em></strong></span> 
     </span>
     <span class='ocr_line' id='line_1_19' title="bbox 339 2349 1502 2438; baseline -0.005 -20"><span class='ocrx_word' id='word_1_141' title='bbox 339 2375 399 2418; x_wconf 76' lang='grc' dir='ltr'><strong>ατο</strong></span> <span class='ocrx_word' id='word_1_142' title='bbox 421 2349 522 2418; x_wconf 86' lang='lat' dir='ltr'><strong>liliam</strong></span> <span class='ocrx_word' id='word_1_143' title='bbox 545 2371 635 2416; x_wconf 92' lang='lat' dir='ltr'><strong>suam</strong></span> <span class='ocrx_word' id='word_1_144' title='bbox 658 2371 725 2415; x_wconf 87' lang='lat' dir='ltr'><strong>esse</strong></span> <span class='ocrx_word' id='word_1_145' title='bbox 747 2349 847 2438; x_wconf 75' lang='lat' dir='ltr'><strong>Regis</strong></span> <span class='ocrx_word' id='word_1_146' title='bbox 870 2354 1093 2430; x_wconf 87' lang='lat' dir='ltr'><strong>concubinam,</strong></span> <span class='ocrx_word' id='word_1_147' title='bbox 1114 2352 1324 2418; x_wconf 83' lang='lat' dir='ltr'><strong>Alexandriae</strong></span> <span class='ocrx_word' id='word_1_148' title='bbox 1341 2353 1463 2420; x_wconf 82' lang='lat' dir='ltr'><strong>fortnsse</strong></span> <span class='ocrx_word' id='word_1_149' title='bbox 1476 2351 1502 2412; x_wconf 90' lang='lat' dir='ltr'><strong>in</strong></span> 
     </span>
     <span class='ocr_line' id='line_1_20' title="bbox 338 2456 1502 2544; baseline -0.009 -17"><span class='ocrx_word' id='word_1_150' title='bbox 338 2459 413 2527; x_wconf 86' lang='lat' dir='ltr'><strong>aula</strong></span> <span class='ocrx_word' id='word_1_151' title='bbox 435 2456 588 2524; x_wconf 86' lang='lat' dir='ltr'><strong>dissoluta</strong></span> <span class='ocrx_word' id='word_1_152' title='bbox 609 2476 723 2521; x_wconf 84' lang='lat' dir='ltr'><strong>rerum</strong></span> <span class='ocrx_word' id='word_1_153' title='bbox 747 2477 813 2522; x_wconf 84' lang='lat' dir='ltr'><strong>esse</strong></span> <span class='ocrx_word' id='word_1_154' title='bbox 832 2467 972 2543; x_wconf 89' lang='lat' dir='ltr'><strong>poterat,</strong></span> <span class='ocrx_word' id='word_1_155' title='bbox 993 2459 1128 2525; x_wconf 87' lang='lat' dir='ltr'><strong>sednon</strong></span> <span class='ocrx_word' id='word_1_156' title='bbox 1149 2459 1233 2544; x_wconf 88' lang='lat' dir='ltr'><strong>apud</strong></span> <span class='ocrx_word' id='word_1_157' title='bbox 1252 2459 1396 2526; x_wconf 90' lang='lat' dir='ltr'><strong>heroicae</strong></span> <span class='ocrx_word' id='word_1_158' title='bbox 1411 2457 1502 2523; x_wconf 88' lang='lat' dir='ltr'><strong>aetatis</strong></span> 
     </span>
     <span class='ocr_line' id='line_1_21' title="bbox 337 2558 1501 2646; baseline -0.006 -16"><span class='ocrx_word' id='word_1_159' title='bbox 337 2565 493 2632; x_wconf 89' lang='lat' dir='ltr'><strong>homines.</strong></span> <span class='ocrx_word' id='word_1_160' title='bbox 518 2558 636 2628; x_wconf 80' lang='lat' dir='ltr'><strong>Contra</strong></span> <span class='ocrx_word' id='word_1_161' title='bbox 654 2562 738 2646; x_wconf 92' lang='lat' dir='ltr'><strong>quod</strong></span> <span class='ocrx_word' id='word_1_162' title='bbox 758 2563 920 2628; x_wconf 87' lang='lat' dir='ltr'><strong>contendit</strong></span> <span class='ocrx_word' id='word_1_163' title='bbox 938 2565 1074 2644; x_wconf 77' lang='grc' dir='ltr'><strong><em>θτρετὲς</em></strong></span> <span class='ocrx_word' id='word_1_164' title='bbox 1090 2565 1141 2630; x_wconf 79' lang='grc' dir='ltr'><strong>τὸν</strong></span> <span class='ocrx_word' id='word_1_165' title='bbox 1154 2565 1381 2643; x_wconf 69' lang='grc' dir='ltr'><strong><em>Ἀγαμέμνονα</em></strong></span> <span class='ocrx_word' id='word_1_166' title='bbox 1392 2567 1501 2628; x_wconf 78' lang='grc' dir='ltr'><strong><em>τοιαῦτα</em></strong></span> 
     </span>
     <span class='ocr_line' id='line_1_22' title="bbox 338 2665 1501 2751; baseline -0.004 -15"><span class='ocrx_word' id='word_1_167' title='bbox 338 2672 462 2748; x_wconf 75' lang='grc' dir='ltr'><strong><em>λέγειν,</em></strong></span> <span class='ocrx_word' id='word_1_168' title='bbox 492 2671 521 2733; x_wconf 88' lang='lat' dir='ltr'><strong>si</strong></span> <span class='ocrx_word' id='word_1_169' title='bbox 551 2668 585 2733; x_wconf 92' lang='lat' dir='ltr'><strong>id</strong></span> <span class='ocrx_word' id='word_1_170' title='bbox 606 2665 810 2734; x_wconf 86' lang='lat' dir='ltr'><strong>Ptolemaeus</strong></span> <span class='ocrx_word' id='word_1_171' title='bbox 835 2667 905 2733; x_wconf 88' lang='lat' dir='ltr'><strong>Rex</strong></span> <span class='ocrx_word' id='word_1_172' title='bbox 928 2669 1061 2736; x_wconf 85' lang='lat' dir='ltr'><strong>dixisset</strong></span> <span class='ocrx_word' id='word_1_173' title='bbox 1082 2671 1218 2751; x_wconf 81' lang='grc' dir='ltr'><strong><em>νίτρετές</em></strong></span> <span class='ocrx_word' id='word_1_174' title='bbox 1243 2669 1282 2736; x_wconf 80' lang='grc' dir='ltr'><strong>θον</strong></span> <span class='ocrx_word' id='word_1_175' title='bbox 1304 2668 1356 2748; x_wconf 70' lang='grc' dir='ltr'><strong>ἦν,</strong></span> <span class='ocrx_word' id='word_1_176' title='bbox 1381 2669 1433 2735; x_wconf 89' lang='lat' dir='ltr'><strong>sed</strong></span> <span class='ocrx_word' id='word_1_177' title='bbox 1450 2665 1501 2732; x_wconf 82' lang='lat' dir='ltr'><strong>Hc</strong></span> 
     </span>
     <span class='ocr_line' id='line_1_23' title="bbox 338 2773 1069 2854; baseline -0.003 -12"><span class='ocrx_word' id='word_1_178' title='bbox 338 2777 451 2842; x_wconf 87' lang='lat' dir='ltr'><strong>merioi</strong></span> <span class='ocrx_word' id='word_1_179' title='bbox 472 2774 582 2839; x_wconf 86' lang='lat' dir='ltr'><strong>heroes</strong></span> <span class='ocrx_word' id='word_1_180' title='bbox 602 2776 636 2838; x_wconf 92' lang='lat' dir='ltr'><strong>in</strong></span> <span class='ocrx_word' id='word_1_181' title='bbox 658 2773 777 2839; x_wconf 88' lang='lat' dir='ltr'><strong>talibus</strong></span> <span class='ocrx_word' id='word_1_182' title='bbox 800 2775 1069 2854; x_wconf 78' lang='grc' dir='ltr'><strong><em>εὐθυρρημονοῦοιο.</em></strong></span> 
     </span>
    </p>

    <p class='ocr_par' dir='ltr' id='par_1_6' title="bbox 338 2874 1502 3054">
     <span class='ocr_line' id='line_1_24' title="bbox 384 2874 1502 2950; baseline -0.003 -4"><span class='ocrx_word' id='word_1_183' title='bbox 384 2883 505 2946; x_wconf 85' lang='lat' dir='ltr'><strong>Iterum</strong></span> <span class='ocrx_word' id='word_1_184' title='bbox 535 2880 574 2945; x_wconf 88' lang='lat' dir='ltr'><strong>ab</strong></span> <span class='ocrx_word' id='word_1_185' title='bbox 602 2878 785 2945; x_wconf 88' lang='lat' dir='ltr'><strong>Aristarcho</strong></span> <span class='ocrx_word' id='word_1_186' title='bbox 817 2879 1067 2947; x_wconf 86' lang='lat' dir='ltr'><strong>dissentiendum</strong></span> <span class='ocrx_word' id='word_1_187' title='bbox 1097 2881 1188 2948; x_wconf 89' lang='lat' dir='ltr'><strong>lliad.</strong></span> <span class='ocrx_word' id='word_1_188' title='bbox 1221 2891 1267 2949; x_wconf 84' lang='grc' dir='ltr'><strong>Ω.</strong></span> <span class='ocrx_word' id='word_1_189' title='bbox 1304 2880 1379 2950; x_wconf 87' lang='grc'><strong>130.</strong></span> <span class='ocrx_word' id='word_1_190' title='bbox 1405 2874 1502 2945; x_wconf 81' lang='lat' dir='ltr'><strong>nbiatl</strong></span> 
     </span>
     <span class='ocr_line' id='line_1_25' title="bbox 338 2985 891 3054; baseline -0.013 0"><span class='ocrx_word' id='word_1_191' title='bbox 338 2985 498 3054; x_wconf 89' lang='lat' dir='ltr'><strong>Achillem</strong></span> <span class='ocrx_word' id='word_1_192' title='bbox 520 3004 578 3050; x_wconf 86' lang='lat' dir='ltr'><strong>sua</strong></span> <span class='ocrx_word' id='word_1_193' title='bbox 601 2997 704 3050; x_wconf 84' lang='lat' dir='ltr'><strong>mater</strong></span> <span class='ocrx_word' id='word_1_194' title='bbox 725 2987 772 3050; x_wconf 90' lang='lat' dir='ltr'><strong>ita</strong></span> <span class='ocrx_word' id='word_1_195' title='bbox 794 2985 891 3050; x_wconf 87' lang='lat' dir='ltr'><strong>dicit:</strong></span> 
     </span>
    </p>

    <p class='ocr_par' dir='ltr' id='par_1_7' title="bbox 497 3090 1344 3175">
     <span class='ocr_line' id='line_1_26' title="bbox 497 3090 1344 3175; baseline 0.004 -19"><span class='ocrx_word' id='word_1_196' title='bbox 497 3095 599 3156; x_wconf 87' lang='grc' dir='ltr'><strong><em>τέκνον</em></strong></span> <span class='ocrx_word' id='word_1_197' title='bbox 623 3090 716 3170; x_wconf 85' lang='grc' dir='ltr'><strong><em>έμθν,</em></strong></span> <span class='ocrx_word' id='word_1_198' title='bbox 741 3094 792 3156; x_wconf 85' lang='grc' dir='ltr'><strong>τέο</strong></span> <span class='ocrx_word' id='word_1_199' title='bbox 814 3091 926 3172; x_wconf 88' lang='grc' dir='ltr'><strong><em>μέχρος</em></strong></span> <span class='ocrx_word' id='word_1_200' title='bbox 950 3091 1121 3172; x_wconf 69' lang='grc' dir='ltr'><strong><em>ὀδυρόμενος</em></strong></span> <span class='ocrx_word' id='word_1_201' title='bbox 1145 3094 1198 3158; x_wconf 80' lang='grc' dir='ltr'><strong>καί</strong></span> <span class='ocrx_word' id='word_1_202' title='bbox 1219 3093 1344 3175; x_wconf 78' lang='grc' dir='ltr'><strong><em>θχεύυν</em></strong></span> 
     </span>
    </p>

    <p class='ocr_par' dir='ltr' id='par_1_8' title="bbox 497 3196 1271 3277">
     <span class='ocr_line' id='line_1_27' title="bbox 497 3196 1271 3277; baseline 0 -13"><span class='ocrx_word' id='word_1_203' title='bbox 497 3199 552 3272; x_wconf 75' lang='grc' dir='ltr'><strong>την</strong></span> <span class='ocrx_word' id='word_1_204' title='bbox 574 3196 655 3262; x_wconf 76' lang='grc' dir='ltr'><strong><em>ἔδεαι</em></strong></span> <span class='ocrx_word' id='word_1_205' title='bbox 679 3199 801 3277; x_wconf 82' lang='grc' dir='ltr'><strong><em>κραδίην</em></strong></span> <span class='ocrx_word' id='word_1_206' title='bbox 822 3199 1013 3275; x_wconf 74' lang='grc' dir='ltr'><strong><em>μεμνημένος</em></strong></span> <span class='ocrx_word' id='word_1_207' title='bbox 1038 3198 1108 3264; x_wconf 83' lang='grc' dir='ltr'><strong><em>οὔτε</em></strong></span> <span class='ocrx_word' id='word_1_208' title='bbox 1131 3223 1161 3266; x_wconf 84' lang='grc' dir='ltr'><strong>το</strong></span> <span class='ocrx_word' id='word_1_209' title='bbox 1186 3200 1271 3264; x_wconf 81' lang='grc' dir='ltr'><strong><em>σίτου</em></strong></span> 
     </span>
    </p>

    <p class='ocr_par' dir='ltr' id='par_1_9' title="bbox 495 3300 1342 3388">
     <span class='ocr_line' id='line_1_28' title="bbox 495 3300 1342 3388; baseline 0.002 -19"><span class='ocrx_word' id='word_1_210' title='bbox 495 3300 562 3369; x_wconf 81' lang='grc' dir='ltr'><strong>οὔτ’</strong></span> <span class='ocrx_word' id='word_1_211' title='bbox 587 3302 692 3379; x_wconf 72' lang='grc' dir='ltr'><strong><em>εὐνῆςς</em></strong></span> <span class='ocrx_word' id='word_1_212' title='bbox 717 3304 835 3381; x_wconf 74' lang='grc' dir='ltr'><strong><em>σίγαθθν</em></strong></span> <span class='ocrx_word' id='word_1_213' title='bbox 858 3304 889 3369; x_wconf 74' lang='grc' dir='ltr'><strong>δὲ</strong></span> <span class='ocrx_word' id='word_1_214' title='bbox 912 3307 1039 3382; x_wconf 71' lang='grc' dir='ltr'><strong><em>ρουνοινκί</em></strong></span> <span class='ocrx_word' id='word_1_215' title='bbox 1062 3329 1118 3384; x_wconf 86' lang='grc' dir='ltr'><strong><em>τερ</em></strong></span> <span class='ocrx_word' id='word_1_216' title='bbox 1143 3306 1173 3370; x_wconf 81' lang='grc' dir='ltr'><strong>έν</strong></span> <span class='ocrx_word' id='word_1_217' title='bbox 1196 3303 1342 3388; x_wconf 83' lang='grc' dir='ltr'><strong><em>Φολθτητν</em></strong></span> 
     </span>
    </p>

    <p class='ocr_par' dir='ltr' id='par_1_10' title="bbox 495 3407 1336 3492">
     <span class='ocr_line' id='line_1_29' title="bbox 495 3407 1336 3492; baseline 0.006 -21"><span class='ocrx_word' id='word_1_218' title='bbox 495 3407 651 3487; x_wconf 72' lang='grc' dir='ltr'><strong><em>μίσγεσθ’.</em></strong></span> <span class='ocrx_word' id='word_1_219' title='bbox 675 3409 708 3473; x_wconf 83' lang='grc' dir='ltr'><strong>οὐ</strong></span> <span class='ocrx_word' id='word_1_220' title='bbox 733 3411 795 3490; x_wconf 76' lang='grc' dir='ltr'><strong><em>γοίρ</em></strong></span> <span class='ocrx_word' id='word_1_221' title='bbox 816 3433 866 3486; x_wconf 85' lang='grc' dir='ltr'><strong><em>μον</em></strong></span> <span class='ocrx_word' id='word_1_222' title='bbox 892 3410 974 3490; x_wconf 78' lang='grc' dir='ltr'><strong><em>δηρὸν</em></strong></span> <span class='ocrx_word' id='word_1_223' title='bbox 996 3410 1073 3492; x_wconf 82' lang='grc' dir='ltr'><strong>βέη,</strong></span> <span class='ocrx_word' id='word_1_224' title='bbox 1098 3409 1187 3477; x_wconf 64' lang='lat' dir='ltr'><strong>cinari</strong></span> <span class='ocrx_word' id='word_1_225' title='bbox 1210 3435 1256 3478; x_wconf 88' lang='grc' dir='ltr'><strong>τοο</strong></span> <span class='ocrx_word' id='word_1_226' title='bbox 1281 3412 1336 3486; x_wconf 79' lang='grc' dir='ltr'><strong>ἤδη</strong></span> 
     </span>
    </p>

    <p class='ocr_par' dir='ltr' id='par_1_11' title="bbox 496 3511 1291 3599">
     <span class='ocr_line' id='line_1_30' title="bbox 496 3511 1291 3599; baseline 0.003 -19"><span class='ocrx_word' id='word_1_227' title='bbox 496 3511 580 3596; x_wconf 74' lang='grc' dir='ltr'><strong>ἄγχι</strong></span> <span class='ocrx_word' id='word_1_228' title='bbox 605 3515 776 3594; x_wconf 82' lang='grc' dir='ltr'><strong><em>ταρέςηνεν</em></strong></span> <span class='ocrx_word' id='word_1_229' title='bbox 801 3515 931 3588; x_wconf 86' lang='grc' dir='ltr'><strong><em>θοίνατος</em></strong></span> <span class='ocrx_word' id='word_1_230' title='bbox 955 3518 1007 3582; x_wconf 80' lang='grc' dir='ltr'><strong>καί</strong></span> <span class='ocrx_word' id='word_1_231' title='bbox 1032 3527 1125 3599; x_wconf 83' lang='grc' dir='ltr'><strong><em>μοῖρα</em></strong></span> <span class='ocrx_word' id='word_1_232' title='bbox 1148 3519 1291 3598; x_wconf 76' lang='grc' dir='ltr'><strong><em>κραταιή.</em></strong></span> 
     </span>
    </p>

    <p class='ocr_par' dir='ltr' id='par_1_12' title="bbox 342 3619 1501 3921">
     <span class='ocr_line' id='line_1_31' title="bbox 498 3619 911 3697; baseline -0.002 -12"><span class='ocrx_word' id='word_1_233' title='bbox 498 3621 573 3685; x_wconf 68' lang='grc' dir='ltr'><strong>ἀλλ’</strong></span> <span class='ocrx_word' id='word_1_234' title='bbox 597 3620 702 3697; x_wconf 85' lang='grc' dir='ltr'><strong><em>έμέθεν</em></strong></span> <span class='ocrx_word' id='word_1_235' title='bbox 726 3619 813 3697; x_wconf 80' lang='grc' dir='ltr'><strong><em>ξύνες</em></strong></span> <span class='ocrx_word' id='word_1_236' title='bbox 837 3620 911 3686; x_wconf 79' lang='grc' dir='ltr'><strong><em>ὦκα.</em></strong></span> 
     </span>
     <span class='ocr_line' id='line_1_32' title="bbox 343 3721 1501 3819; baseline -0.002 -29"><span class='ocrx_word' id='word_1_237' title='bbox 343 3781 346 3790; x_wconf 93' lang='grc'><strong><em>.</em></strong></span> <span class='ocrx_word' id='word_1_238' title='bbox 373 3727 469 3819; x_wconf 53' lang='lat' dir='ltr'><strong>‚Aodi</strong></span> <span class='ocrx_word' id='word_1_239' title='bbox 489 3747 575 3792; x_wconf 89' lang='lat' dir='ltr'><strong>nuno</strong></span> <span class='ocrx_word' id='word_1_240' title='bbox 597 3727 773 3793; x_wconf 86' lang='lat' dir='ltr'><strong>Aristarchi</strong></span> <span class='ocrx_word' id='word_1_241' title='bbox 796 3728 973 3794; x_wconf 91' lang='lat' dir='ltr'><strong>iudicium:</strong></span> <span class='ocrx_word' id='word_1_242' title='bbox 998 3731 1177 3794; x_wconf 83' lang='grc' dir='ltr'><strong><em>οίθετοῦνταν</em></strong></span> <span class='ocrx_word' id='word_1_243' title='bbox 1196 3728 1281 3811; x_wconf 84' lang='grc' dir='ltr'><strong><em>ςίχον</em></strong></span> <span class='ocrx_word' id='word_1_244' title='bbox 1300 3735 1378 3810; x_wconf 81' lang='grc' dir='ltr'><strong><em>τρεῖς</em></strong></span> <span class='ocrx_word' id='word_1_245' title='bbox 1396 3721 1501 3809; x_wconf 86' lang='grc'>(130-</span> 
     </span>
     <span class='ocr_line' id='line_1_33' title="bbox 342 3827 1086 3921; baseline -0.004 -18"><span class='ocrx_word' id='word_1_246' title='bbox 342 3835 420 3921; x_wconf 80' lang='lat'>132)</span> <span class='ocrx_word' id='word_1_247' title='bbox 443 3827 488 3898; x_wconf 80' lang='grc' dir='ltr'><strong>ύτο</strong></span> <span class='ocrx_word' id='word_1_248' title='bbox 513 3835 719 3898; x_wconf 77' lang='lat' dir='ltr'><strong>&#39;Aneenec</strong></span> <span class='ocrx_word' id='word_1_249' title='bbox 742 3832 864 3912; x_wconf 81' lang='grc' dir='ltr'><strong><em>μητέρος</em></strong></span> <span class='ocrx_word' id='word_1_250' title='bbox 886 3835 939 3915; x_wconf 76' lang='grc' dir='ltr'><strong>υἱῷ</strong></span> <span class='ocrx_word' id='word_1_251' title='bbox 963 3837 1086 3914; x_wconf 72' lang='grc' dir='ltr'><strong><em>λέγειν·</em></strong></span> 
     </span>
    </p>

    <p class='ocr_par' dir='ltr' id='par_1_13' title="bbox 657 3938 1194 4018">
     <span class='ocr_line' id='line_1_34' title="bbox 657 3938 1194 4018; baseline 0.006 -15"><span class='ocrx_word' id='word_1_252' title='bbox 657 3938 777 4017; x_wconf 73' lang='grc' dir='ltr'><strong><em>θραθθν</em></strong></span> <span class='ocrx_word' id='word_1_253' title='bbox 800 3939 844 4007; x_wconf 69' lang='lat' dir='ltr'><strong>irs</strong></span> <span class='ocrx_word' id='word_1_254' title='bbox 867 3940 989 4018; x_wconf 71' lang='grc' dir='ltr'><strong><em>γυναικί</em></strong></span> <span class='ocrx_word' id='word_1_255' title='bbox 1014 3942 1194 4018; x_wconf 76' lang='grc' dir='ltr'><strong><em>μίσγεσθαι.</em></strong></span> 
     </span>
    </p>

    <p class='ocr_par' dir='ltr' id='par_1_14' title="bbox 343 4043 1505 4233">
     <span class='ocr_line' id='line_1_35' title="bbox 383 4043 1505 4126; baseline -0.005 -12"><span class='ocrx_word' id='word_1_256' title='bbox 383 4050 471 4114; x_wconf 78' lang='grc' dir='ltr'><strong>ΙἘΤΙ</strong></span> <span class='ocrx_word' id='word_1_257' title='bbox 504 4056 561 4112; x_wconf 79' lang='grc' dir='ltr'><strong>ΔΕ</strong></span> <span class='ocrx_word' id='word_1_258' title='bbox 591 4054 662 4110; x_wconf 86' lang='lat' dir='ltr'><strong>KAi</strong></span> <span class='ocrx_word' id='word_1_259' title='bbox 694 4045 841 4110; x_wconf 81' lang='grc' dir='ltr'><strong><em>νίτοίοταν</em></strong></span> <span class='ocrx_word' id='word_1_260' title='bbox 872 4045 1140 4126; x_wconf 62' lang='grc' dir='ltr'><strong><em>ἀσυμφορώτατον</em></strong></span> <span class='ocrx_word' id='word_1_261' title='bbox 1169 4046 1216 4114; x_wconf 77' lang='grc' dir='ltr'><strong>ἔτι</strong></span> <span class='ocrx_word' id='word_1_262' title='bbox 1240 4044 1292 4110; x_wconf 78' lang='grc' dir='ltr'><strong>καὶ</strong></span> <span class='ocrx_word' id='word_1_263' title='bbox 1317 4043 1433 4124; x_wconf 78' lang='grc' dir='ltr'><strong><em>μα’λνςα</em></strong></span> <span class='ocrx_word' id='word_1_264' title='bbox 1453 4044 1505 4108; x_wconf 69' lang='grc' dir='ltr'><strong><em>τοῖς</em></strong></span> 
     </span>
     <span class='ocr_line' id='line_1_36' title="bbox 343 4148 1359 4233; baseline -0.001 -15"><span class='ocrx_word' id='word_1_265' title='bbox 343 4158 385 4230; x_wconf 82' lang='grc' dir='ltr'><strong>είς</strong></span> <span class='ocrx_word' id='word_1_266' title='bbox 408 4155 543 4230; x_wconf 75' lang='grc' dir='ltr'><strong><em>τθλεμον</em></strong></span> <span class='ocrx_word' id='word_1_267' title='bbox 569 4148 704 4226; x_wconf 77' lang='grc' dir='ltr'><strong><em>έΕνοῦονν.</em></strong></span> <span class='ocrx_word' id='word_1_268' title='bbox 730 4151 823 4233; x_wconf 82' lang='grc' dir='ltr'><strong><em>χρεία</em></strong></span> <span class='ocrx_word' id='word_1_269' title='bbox 846 4151 909 4228; x_wconf 72' lang='grc' dir='ltr'><strong>γαρ</strong></span> <span class='ocrx_word' id='word_1_270' title='bbox 934 4155 1069 4224; x_wconf 74' lang='grc' dir='ltr'><strong><em>εὐτονίας</em></strong></span> <span class='ocrx_word' id='word_1_271' title='bbox 1094 4153 1147 4216; x_wconf 77' lang='grc' dir='ltr'><strong>καί</strong></span> <span class='ocrx_word' id='word_1_272' title='bbox 1171 4152 1359 4225; x_wconf 82' lang='grc' dir='ltr'><strong><em>πνεύματος.</em></strong></span> 
     </span>
    </p>

    <p class='ocr_par' dir='ltr' id='par_1_15' title="bbox 343 4252 1506 4564">
     <span class='ocr_line' id='line_1_37' title="bbox 388 4252 1505 4345; baseline -0.012 -19"><span class='ocrx_word' id='word_1_273' title='bbox 388 4258 494 4326; x_wconf 81' lang='lat' dir='ltr'><strong>Facile</strong></span> <span class='ocrx_word' id='word_1_274' title='bbox 525 4256 683 4322; x_wconf 87' lang='lat' dir='ltr'><strong>credimus</strong></span> <span class='ocrx_word' id='word_1_275' title='bbox 712 4277 813 4343; x_wconf 88' lang='lat' dir='ltr'><strong>neque</strong></span> <span class='ocrx_word' id='word_1_276' title='bbox 845 4257 1103 4325; x_wconf 88' lang='lat' dir='ltr'><strong>Ptolemaeorum</strong></span> <span class='ocrx_word' id='word_1_277' title='bbox 1130 4269 1248 4323; x_wconf 89' lang='lat' dir='ltr'><strong>matres</strong></span> <span class='ocrx_word' id='word_1_278' title='bbox 1270 4279 1371 4345; x_wconf 85' lang='lat' dir='ltr'><strong>neque</strong></span> <span class='ocrx_word' id='word_1_279' title='bbox 1390 4252 1505 4335; x_wconf 88' lang='lat' dir='ltr'><strong>reliquas</strong></span> 
     </span>
     <span class='ocr_line' id='line_1_38' title="bbox 343 4357 1505 4450; baseline -0.011 -17"><span class='ocrx_word' id='word_1_280' title='bbox 343 4371 378 4433; x_wconf 91' lang='lat' dir='ltr'><strong>in</strong></span> <span class='ocrx_word' id='word_1_281' title='bbox 409 4363 482 4430; x_wconf 89' lang='lat' dir='ltr'><strong>aule</strong></span> <span class='ocrx_word' id='word_1_282' title='bbox 505 4361 718 4428; x_wconf 89' lang='lat' dir='ltr'><strong>Alexandrina</strong></span> <span class='ocrx_word' id='word_1_283' title='bbox 741 4373 902 4428; x_wconf 87' lang='lat' dir='ltr'><strong>matronas</strong></span> <span class='ocrx_word' id='word_1_284' title='bbox 925 4364 1098 4450; x_wconf 89' lang='lat' dir='ltr'><strong>quidquam</strong></span> <span class='ocrx_word' id='word_1_285' title='bbox 1121 4364 1351 4430; x_wconf 82' lang='lat' dir='ltr'><strong>huiuscemodi·</strong></span> <span class='ocrx_word' id='word_1_286' title='bbox 1365 4361 1432 4426; x_wconf 88' lang='lat' dir='ltr'><strong>liliis</strong></span> <span class='ocrx_word' id='word_1_287' title='bbox 1452 4357 1505 4422; x_wconf 90' lang='lat' dir='ltr'><strong>suis</strong></span> 
     </span>
     <span class='ocr_line' id='line_1_39' title="bbox 343 4463 1506 4564; baseline -0.009 -26"><span class='ocrx_word' id='word_1_288' title='bbox 343 4471 521 4564; x_wconf 82' lang='lat' dir='ltr'><strong>praecipere</strong></span> <span class='ocrx_word' id='word_1_289' title='bbox 552 4466 677 4544; x_wconf 87' lang='lat' dir='ltr'><strong>solitas,</strong></span> <span class='ocrx_word' id='word_1_290' title='bbox 710 4472 748 4532; x_wconf 91' lang='lat' dir='ltr'><strong>ut</strong></span> <span class='ocrx_word' id='word_1_291' title='bbox 777 4490 878 4554; x_wconf 90' lang='lat' dir='ltr'><strong>neque</strong></span> <span class='ocrx_word' id='word_1_292' title='bbox 901 4491 985 4535; x_wconf 91' lang='lat' dir='ltr'><strong>nunc</strong></span> <span class='ocrx_word' id='word_1_293' title='bbox 1007 4477 1127 4536; x_wconf 89' lang='lat' dir='ltr'><strong>matres</strong></span> <span class='ocrx_word' id='word_1_294' title='bbox 1149 4469 1241 4536; x_wconf 82' lang='lat' dir='ltr'><strong>facile</strong></span> <span class='ocrx_word' id='word_1_295' title='bbox 1265 4469 1343 4537; x_wconf 87' lang='lat' dir='ltr'><strong>talia</strong></span> <span class='ocrx_word' id='word_1_296' title='bbox 1364 4466 1431 4534; x_wconf 75' lang='lat' dir='ltr'><strong>filiis</strong></span> <span class='ocrx_word' id='word_1_297' title='bbox 1451 4463 1506 4529; x_wconf 82' lang='lat' dir='ltr'><strong>suia</strong></span> 
     </span>
    </p>
   </div>
   <div class='ocr_carea' id='block_1_3' title="bbox 0 0 1608 5158">
    <p class='ocr_par' dir='ltr' id='par_1_16' title="bbox 0 0 1608 5158">
     <span class='ocr_line' id='line_1_40' title="bbox 0 0 1608 5158; baseline 0 1"><span class='ocrx_word' id='word_1_298' title='bbox 0 0 1608 5158; x_wconf 95' lang='lat' dir='ltr'><strong> </strong></span> 
     </span>
    </p>
   </div>
  </div>
 </body>
</html>
