3372 5192
704 385 769 455 579

140 579 307 648 mosthene
336 579 444 639 sumta
475 576 542 651 est,
573 577 611 639 ut
640 573 783 641 Dobreeo
811 575 999 652 ridebatur,
1029 572 1086 638 aed
1113 573 1213 661 volgo
1237 587 1329 657 saepe

139 690 188 754 ita
210 686 274 751 diei
296 680 427 748 solebat.

185 788 363 858 Dinarohue
394 789 412 871 ξ
442 784 497 850 24.
527 782 579 850 ότε
610 785 709 868 φιοεὶν
728 788 874 866 Ἄρθμιον
898 785 950 851 τόν
972 785 1170 856 Πυθώνακτος
1195 783 1246 846 τόν
1273 791 1328 846 Ζε-

141 897 248 969 λείτην
276 892 403 971 κομίσαι
434 892 469 957 τό
499 891 624 973 χρυσίον
655 892 690 956 la
719 893 843 967 Midon.
888 891 1019 958 Primus
1046 892 1192 957 omnium
1214 889 1330 954 Demo

141 1004 269 1070 sthenes
300 1019 381 1064 anno
413 995 490 1062 341.
523 1000 559 1062 in
586 998 647 1064 hoe
677 1003 868 1086 argumento
895 1003 1058 1065 vetustam
1087 998 1169 1062 hano
1199 1015 1238 1060 ex
1261 1011 1332 1060 eree

141 1109 377 1192 inscriptionem
408 1110 712 1170 commemoraverat
741 1125 815 1192 pag.
848 1103 924 1170 121.
955 1103 1010 1172 27.
1057 1101 1192 1170 Videtur
1222 1121 1259 1168 ea
1280 1119 1330 1166 ree

143 1215 349 1282 vehementer
380 1212 504 1274 animos
534 1209 779 1276 Atheniensium
809 1212 1030 1276 commovisse.
1074 1209 1186 1294 Itaque
1218 1207 1332 1272 Dinis

143 1323 223 1388 ohus
244 1323 317 1404 post
339 1335 437 1381 annos
460 1314 687 1400 septemdecim
711 1317 854 1382 eiusdem
873 1318 1071 1382 montionem
1092 1315 1269 1380 renovavit.

189 1529 253 1609 Qui
277 1527 443 1612 supposuit
465 1522 625 1609 Epistulae
648 1523 856 1590 Demostheni
878 1523 959 1590 olim
981 1525 1153 1590 attributae
1177 1524 1334 1610 Aristogi-

142 1643 253 1702 tonem
283 1635 318 1697 in
348 1651 444 1697 eausa
474 1629 647 1714 Harpaliea
675 1630 860 1696 absolutum
890 1651 957 1696 esse
988 1631 1131 1716 putabat.
1164 1631 1229 1696 rid.
1256 1647 1333 1717 pag.

147 1739 244 1808 1483.
277 1735 332 1803 26.
363 1741 396 1801 et
425 1757 501 1823 pag.
536 1733 633 1800 1485.
668 1735 699 1800 5.
747 1735 820 1800 Non
844 1739 892 1801 est
914 1757 1026 1834 operae
1048 1738 1189 1821 pretinm
1210 1736 1252 1804 de
1273 1735 1334 1800 hoe

144 1848 275 1913 homine
295 1843 414 1925 dioere,
433 1862 509 1908 nam
520 1859 604 1906 nuno
616 1841 745 1926 quidem
756 1841 920 1925 Septietw
930 1842 1165 1906 όεοόοιιιὶόοοὶυνι
1175 1845 1332 1907 muamus.

191 1951 283 2033 Quod
312 1948 353 2014 ad
382 1947 555 2012 dictionem
585 1949 700 2012 attinet
730 1963 840 2012 omnes
871 1961 1070 2013 ooneeesuuos
1100 1967 1168 2012 esee
1198 1947 1335 2014 arbitror

145 2079 208 2125 non
232 2058 364 2125 rire-redo
388 2053 443 2118 sed
466 2053 604 2120 εόντινιιςό
620 2054 728 2118 omnia
746 2073 813 2118 esse
832 2056 956 2138 soripta
993 2053 1120 2138 Ubique
1137 2052 1182 2118 τόν
1201 2051 1336 2117 ’antei

146 2165 287 2241 όνόμοιτιι
311 2159 512 2242 διαφαίνεται
535 2161 589 2222 τοῦ
613 2157 719 2236 λόγου.
751 2157 815 2238 Qui
837 2157 1003 2244 Sophistae
1026 2157 1259 2223 deolamitautis
1279 2162 1336 2222 aut

147 2268 356 2338 Alexandrini
386 2266 522 2330 rhetoris
555 2265 634 2329 haeo
666 2283 733 2329 esse
767 2266 937 2349 opinantur
969 2262 1099 2328 nullon
1133 2265 1263 2328 omnino
1298 2283 1337 2329 ex

148 2378 289 2442 oratione
320 2377 352 2437 et
384 2371 458 2436 stilo
492 2374 720 2456 argumentum
754 2368 965 2454 protulerunt.
1012 2366 1150 2433 Nullum
1185 2389 1338 2454 umquam

147 2482 216 2549 ridi
247 2477 430 2563 Sophietam
452 2479 508 2540 aut
530 2475 704 2542 Rhetorenr
726 2475 910 2542 Atticorum
933 2476 1064 2543 simiam
1086 2476 1229 2559 quinon
1251 2496 1336 2541 eom·

146 2585 293 2674 pluribus
315 2582 442 2648 indiciis
465 2601 503 2646 ex
527 2580 665 2648 dictione
686 2583 804 2646 sumtis
827 2583 977 2650 continuo
1000 2585 1197 2667 argueretur.
1244 2581 1338 2647 Nihil

147 2696 196 2758 eet
218 2693 260 2754 'in
283 2689 520 2774 Aristogitonea
542 2685 627 2770 quod
649 2685 708 2750 hoo
730 2687 858 2751 nomine
882 2688 951 2751 iure
974 2686 1192 2771 reprehendas.
1239 2687 1336 2754 Simi-

145 2800 221 2865 liter
252 2797 306 2879 qui
337 2797 456 2880 negant
488 2791 547 2868 „ir
569 2791 645 2874 fori
675 2798 702 2855 et
732 2797 797 2856 ocri
817 2791 928 2854 iudicii
950 2815 1036 2856 ιιειιινν
1059 2795 1233 2860 orationem
1256 2793 1337 2861 hano

147 2906 332 2986 οοιιιροοιιιιοιι
365 2896 459 2974 οιιε,”
491 2896 574 2960 nihil
595 2896 759 2981 profemnt
782 2897 823 2962 ad
844 2897 926 2962 hano
949 2899 1131 2982 opinionem
1153 2897 1339 2965 oonfirman·

147 3011 233 3075 dam.
281 3004 388 3090 Spirat
417 3007 486 3069 tota
518 3004 618 3066 oratio
649 3001 849 3066 infestissimi
871 3006 1062 3068 eoousatorii
1083 3003 1337 3092 indignationem

146 3119 181 3180 et
212 3115 295 3178 iram
327 3115 360 3176 et
385 3109 513 3186 odium,
538 3113 570 3173 et
594 3107 678 3192 quod
702 3127 735 3173 ee
757 3106 939 3193 Hyperides
962 3128 1037 3195 pag.
1062 3107 1139 3177 770.
1164 3108 1195 3174 4.
1218 3112 1253 3175 in
1275 3111 1339 3198 Ly.

147 3239 248 3307 ourgo
265 3218 376 3282 mirari
396 3215 473 3280 dioit
494 3215 563 3294 ὀρῶν
586 3211 881 3292 ὑπερδιατεινόμενον
898 3214 924 3276 εἰ
941 3214 1051 3292 όγνοεῖ
1063 3211 1109 3280 ότι
1121 3217 1155 3280 od
1167 3216 1255 3295 ποιοόι
1267 3217 1338 3292 τοὺς

148 3327 204 3405 ὑφ’
237 3325 346 3388 ἑαυτοῦ
377 3321 488 3398 λόγους
521 3319 689 3398 εἰρημένους
718 3319 761 3384 τό
784 3317 907 3385 τουτουῒ
927 3324 980 3384 τοῦ
1003 3321 1121 3397 ἀγῶνος
1145 3320 1250 3387 linarii
1275 3324 1337 3392 lere

147 3429 282 3510 ἰσχυροὶ,
316 3428 402 3494 idem
436 3425 576 3512 perlaeta
610 3427 750 3490 oratione
781 3425 820 3490 de
851 3427 921 3510 ipso
951 3425 1086 3504 dinemo,
1119 3429 1175 3512 qui
1205 3429 1337 3495 dioendo
1455 3466 1457 3470 ·

149 3536 341 3602 incalesoene
373 3537 405 3597 et
436 3551 545 3597 omnes
575 3551 688 3596 nervos
717 3530 884 3596 intendens
907 3530 1054 3596 oblivisoi
1077 3533 1205 3599 ridetur
1227 3534 1339 3600 indioii

149 3643 274 3708 exitum
304 3659 367 3705 non
396 3658 435 3705 ex
466 3658 524 3702 sua
555 3636 735 3721 eloquentia
764 3636 916 3722 pendere,
945 3637 999 3702 sed
1022 3639 1062 3708 ὡς
1085 3637 1123 3702 ἂν
1146 3634 1255 3712 ἔνιοι-ος
1279 3647 1339 3704 τῶν

149 3744 331 3826 δικαζόντων
354 3741 413 3826 ἔχῃ
437 3743 509 3823 πρός
534 3743 568 3808 τό
593 3742 610 3818 ἢ
635 3741 846 3822 inexoratum
869 3741 887 3817 si
912 3739 1088 3821 προσόεοόοι
1112 3744 1267 3824 rutupina.

195 3957 336 4041 Apparet
365 3973 404 4017 ex
425 3951 552 4016 hibenii
575 3955 765 4038 argumento
788 3950 867 4015 duas
889 3953 923 4014 in
949 3951 1200 4037 mauginam
1223 3956 1338 4020 oratio·

148 4083 206 4128 nee
236 4062 290 4135 rio
317 4057 529 4137 repararetur
552 4055 720 4143 (Lyeurgi)
743 4061 777 4121 et
798 4058 853 4130 rio
878 4055 1110 4135 δενόεροιιογόιιν
1135 4055 1336 4144 (Hyperidis)

150 4169 229 4234 olim
260 4169 295 4231 in
324 4164 416 4230 libris
446 4165 629 4228 eoniunotes
657 4161 771 4238 itatem,
803 4161 888 4228 unde
910 4163 1031 4228 fantum
1055 4167 1162 4228 estut
1184 4162 1338 4232 libanius

149 4275 337 4360 Lyemgeae
366 4270 516 4335 orationis
548 4265 687 4331 ὑπόθεσιν
720 4272 751 4332 et
787 4269 996 4332 aoousationis
1031 4270 1136 4352 oapita
1167 4266 1339 4356 diligenter

305 4379 339 4441 't.

150 4399 350 4550 exIllilllrenrl'lue
379 4487 412 4548 et
441 4482 509 4566 ipse
539 4483 684 4546 versatur
712 4480 746 4544 in
776 4494 813 4543 eo
840 4479 997 4563 opinionis
1020 4494 1124 4544 errore
1146 4481 1185 4542 ut
1205 4478 1339 4548 onnus
