3358 5200
879 377 922 448 36

328 568 455 648 γε’νήτοιι
489 569 566 659 (leg.
599 569 791 656 γενήσεται).
839 571 962 652 Quibus
993 571 1114 638 addunt
1144 570 1243 637 multi
1272 570 1349 637 libri
1372 573 1467 638 haec:
1496 573 1525 637 εἰ

328 677 390 757 γὰρ
425 673 503 752 ήσονν
538 673 653 755 εὕροιτ’
690 675 728 740 ἂν
759 676 862 742 σάλιοι
893 673 983 742 insani
1015 701 1055 756 γε
1086 681 1139 742 τοῦ
1172 677 1265 755 μηδὲν
1297 682 1381 755 ήροῖιο
1406 679 1526 749 αὐτοὺς

326 791 421 848 ποιεῖν
451 783 578 847 ἐθέλειν·
610 783 686 847 ἀλλ’
719 783 773 847 οὐκ
808 783 892 848 εἰσίν.
940 782 1027 863 Quae
1058 785 1087 847 si
1118 787 1257 870 genuina
1279 784 1382 850 forent
1404 784 1526 850 saltem

324 895 397 974 post
427 888 607 962 ποιήσοντας
643 887 791 954 collocari
815 889 1017 966 debuissent,
1043 887 1097 954 sed
1120 888 1225 956 multo
1249 893 1349 955 satius
1372 896 1420 956 est
1442 911 1524 976 pan·

324 1015 403 1058 num
423 994 508 1060 hunc
528 994 737 1061 Demostheni
755 997 943 1079 praesertim
963 997 996 1058 in
1015 994 1075 1060 hac
1097 997 1162 1060 aeri
1180 1001 1212 1060 et
1224 997 1368 1060 animosa
1379 999 1526 1062 oratione

326 1100 517 1166 abiudicare.

370 1312 561 1378 Accedimus
591 1311 632 1377 ad
662 1309 879 1395 Philippicam
909 1313 1074 1396 quartem,
1104 1330 1201 1396 quam
1223 1312 1379 1397 impostor
1402 1309 1524 1396 aliquis

325 1417 528 1483 Atheniensis
557 1415 641 1482 lucri
663 1416 797 1501 cupidus
820 1416 934 1481 callide
957 1437 995 1480 ex
1019 1415 1235 1501 pulcherrima
1257 1437 1381 1502 quaque
1403 1415 1524 1483 Demo

325 1524 446 1588 ethonis
485 1523 625 1588 oratione
670 1523 900 1588 consarcinavit
940 1526 979 1586 ut
1021 1521 1244 1588 Ptolemaeum
1286 1523 1426 1608 aliquem
1460 1530 1524 1590 aut

324 1627 477 1714 Pergami
512 1647 622 1714 regem
655 1628 768 1715 grandi
802 1628 938 1713 pecunie
973 1633 1170 1715 emungeret.
1219 1628 1369 1714 Quisquis
1402 1634 1451 1693 est
1486 1635 1525 1694 et

326 1731 464 1800 οὶσσιιιιςή
494 1733 591 1819 probe
614 1733 771 1798 scribebat
795 1738 827 1798 et
845 1734 880 1797 in
903 1735 1052 1819 genuinis
1074 1732 1298 1800 Demosthenis
1322 1733 1524 1800 orationibus

327 1840 384 1904 diu
415 1843 448 1904 et
477 1837 620 1904 multum
644 1845 711 1904 erat
734 1843 895 1910 versatus.
919 1843 956 1903 ut
979 1838 1065 1904 fraus
1089 1839 1213 1904 tamdiu
1237 1839 1336 1908 latere
1358 1842 1521 1926 potuerit,

331 1965 411 2031 quae
434 1966 518 2011 nunc
541 1945 720 2030 suspicione
743 1943 843 2010 semel
862 1964 880 2008 a
899 1942 1108 2010 Valckenario
1128 1950 1217 2011 mota
1236 1951 1379 2030 0,qu
1397 1946 1524 2030 Philip-

318 2051 411 2135 pice,
447 2073 523 2136 qaae
557 2051 631 2114 miti
665 2050 781 2136 quidem
812 2073 848 2113 ee
877 2049 1097 2114 Demosthenes}
1126 2051 1163 2114 ab
1194 2052 1258 2115 clia
1285 2075 1375 2116 ονιιιινιι
1397 2052 1524 2116 uidetur

325 2155 470 2240 confluid'
494 2159 528 2220 in
551 2161 630 2222 orat.
654 2157 692 2220 de
714 2155 854 2238 Philippo
878 2155 1041 2220 Macedone
1058 2176 1131 2244 pag.
1145 2156 1224 2244 251)
1250 2161 1395 2222 omnium
1415 2157 1524 2224 oeulis

324 2269 422 2348 patet

370 2471 450 2560 Pag.
484 2467 559 2534 133.
593 2467 647 2534 22.
680 2467 882 2535 κοιτέσιιοιπτε
915 2471 1049 2552 nepteo
1079 2473 1130 2536 cci
1156 2471 1317 2553 τυραννίδα
1340 2474 1523 2554 οὶοιονντιιιρὺ

322 2583 378 2651 τῆς
411 2579 557 2648 Ἀττικῆς
589 2575 784 2656 ἐπετείχισεν
809 2575 880 2652 ὑμῖν
906 2577 951 2663 [ἐν
975 2587 1012 2658 σή
1035 2577 1183 2662 Εὐβοίᾳ]
1231 2579 1349 2664 Ecquis
1373 2581 1433 2644 erit
1458 2584 1524 2665 qui

321 2683 415 2749 futile
438 2681 598 2748 emblema
620 2680 673 2748 vel
696 2681 780 2768 apud
802 2682 887 2748 hunc
909 2686 1117 2768 impostorem
1141 2684 1216 2749 ferri
1240 2705 1330 2771 posse
1353 2683 1469 2770 putet?

366 2893 445 2960 Post
467 2913 568 2979 pauca
590 2896 749 2979 sequitur:
774 2892 858 2958 οὐδὲν
876 2894 1077 2975 impertinens
1100 2893 1161 2960 ost·
1181 2895 1381 2976 ἐσεςροέφνισε
1402 2894 1523 2964 οὐδΕΝ

320 3000 445 3066 τούτων.
479 2998 532 3066 Sic
554 2998 591 3078 S;
618 3003 734 3068 caeteri
756 3001 805 3065 ἐπ’
829 2999 925 3064 οὐδενί
948 3021 966 3065 a
988 3005 1095 3066 vetere
1119 3007 1301 3068 correctore.
1325 3002 1522 3090 legendum

325 3106 404 3173 οὐδε
423 3107 547 3172 τούτων.

365 3317 446 3407 Peg.
472 3315 547 3382 134.
573 3314 626 3382 13.
659 3314 803 3389 acutusve
835 3316 894 3395 μέν
924 3318 969 3386 ἒςι
997 3319 1049 3382 cci
1075 3318 1180 3399 ἐχθρὸς
1205 3315 1260 3402 inp
1283 3330 1323 3403 σή
1349 3319 1437 3386 πόλει
1461 3323 1521 3388 καὶ

320 3426 362 3506 τῷ
386 3432 442 3499 ric
467 3423 584 3497 πόλεως
609 3421 741 3505 ε’δοὶφει,
767 3425 922 3503 προσθήσω
943 3424 975 3489 δὲ
993 3424 1045 3490 cui
1065 3434 1126 3496 τοῖς
1149 3426 1177 3489 ἐν
1197 3436 1237 3508 σή
1258 3427 1346 3492 πόλει
1368 3435 1498 3494 ΘΕΟΙΕ
1509 3479 1520 3508 ,

320 3529 402 3611 οἵπερ
432 3529 524 3595 atriu
555 3526 736 3605 ἐξολέσειαν.
787 3528 849 3609 Qui
880 3531 918 3596 de
943 3528 1136 3598 Graecorum
1161 3531 1315 3621 religione
1339 3537 1524 3619 scripturus

320 3642 368 3702 est
399 3635 501 3701 nolito
532 3641 680 3721 quaerere
711 3655 772 3719 quo
804 3642 896 3721 pacto
918 3636 1090 3724 Philippus
1113 3637 1247 3704 Macedo
1270 3640 1523 3708 Atheniensium

319 3743 402 3809 Deos
433 3741 535 3807 odisse
565 3743 707 3826 potuerit
737 3747 793 3805 aut
823 3744 879 3826 qui
910 3743 1040 3808 tandem
1070 3746 1135 3808 sint
1166 3745 1191 3808 ci
1216 3745 1246 3807 ἐν
1269 3755 1308 3825 σή
1333 3744 1420 3809 πόλει
1445 3746 1519 3812 θεοί.

320 3849 444 3934 Nempe
474 3867 595 3914 novum
622 3846 682 3912 hoc
705 3844 846 3912 Deorum
873 3870 975 3935 genus
997 3869 1036 3914 ex
1058 3851 1241 3935 impostoris
1265 3852 1365 3916 nostri
1389 3853 1522 3920 cerebro

318 3953 477 4041 prosiluit.
524 3952 661 4039 Legerat
692 3952 776 4036 apud
806 3952 1055 4020 Demosthenem
1087 3975 1161 4042 psg.
1192 3953 1245 4022 99.
1270 3955 1324 4021 20.
1358 3957 1519 4036 προσθήσω

319 4059 350 4125 δὲ
375 4059 428 4124 cci
453 4066 516 4131 τοῖς
540 4060 570 4122 ἐν
593 4068 632 4141 σή
662 4057 752 4123 πόλει
779 4067 909 4125 [IACIN
942 4062 1208 4126 'ANePnlimc
1236 4062 1289 4127 ent
1314 4070 1376 4136 τοῖς
1400 4061 1521 4141 μάλισθ

319 4162 460 4242 οἰομένοις
485 4165 569 4244 αὐτῷ
591 4163 795 4245 χοιρίζεσθοοι,
822 4165 933 4232 deinde
956 4166 1050 4251 plura
1071 4166 1161 4232 addit
1181 4166 1219 4232 de
1239 4166 1384 4255 Philippi
1406 4170 1523 4236 adver-

318 4292 372 4336 sus
402 4269 577 4355 proditores
606 4276 678 4356 post
707 4271 920 4357 proditionem
942 4271 1015 4338 odio
1039 4275 1071 4338 et
1094 4275 1230 4338 resumit
1252 4275 1419 4340 institutae
1443 4297 1520 4342 sen-

319 4377 437 4442 tentiae
470 4372 561 4439 filum
592 4396 665 4464 pag.
691 4375 745 4441 99.
770 4377 824 4442 26.
848 4376 942 4441 οὐδενὶ
967 4377 1070 4454 μέντοι
1095 4383 1218 4454 μᾶλλον
1241 4381 1306 4444 κτὲ.
1355 4381 1524 4466 Impostor

319 4503 419 4573 quum
443 4483 629 4567 interposita
651 4482 729 4547 haee
752 4483 900 4548 omittere
923 4482 1021 4549 vellet
1041 4488 1108 4549 tem
1128 4484 1277 4552 audacter
1297 4507 1394 4571 quam
1415 4487 1522 4556 stulte
