3404 5192
900 333 966 408 828

338 530 457 594 tionem
472 521 476 526 ’
490 529 530 595 ab
560 521 928 617 Alexandro··repertam
957 528 1032 596 vide
1061 531 1096 593 in
1126 521 1254 594 Schoii'o
1281 523 1413 594 'Codicis
1435 539 1465 594 A
1487 524 1534 596 ad
1666 539 1667 546 ’

338 631 429 700 Iliad.
455 645 487 704 Ξ.
511 633 588 702 241.

381 740 475 807 Nunc
497 761 620 828 quoquc
642 745 782 810 carmina
804 741 984 828 Homerica·
998 762 1079 820 esse,
1106 745 1144 805 nt
1162 740 1342 808 Alexander
1361 745 1525 828 queritur,

333 845 484 914 ἀνάτλεα
507 854 668 932 apapreat
693 848 930 930 ἁμαρτημάτων
952 848 1004 914 καὶ
1024 853 1084 912 τῶν
1103 845 1207 912 ἀλλων
1226 841 1526 930 ταραδοοράαμάταν

337 951 420 1018 advo
453 953 621 1036 ἀγροίκων,
654 960 686 1022 et
716 956 793 1022 hacc
821 955 939 1022 menda
967 973 1034 1020 esso
1064 953 1238 1020 admodum
1266 955 1399 1040 antiqua
1429 961 1527 1021 etex

336 1061 566 1127 vetustissimis
595 1060 688 1128 libris
717 1066 892 1150 propagata
921 1061 1046 1146 saepius
1074 1059 1205 1146 posthac
1235 1058 1366 1126 dabitur
1396 1061 1525 1127 demon·

337 1165 458 1232 strandi
480 1165 579 1234 locus.

875 1371 989 1441 XXIV.
1033 1354 1036 1375 ι

687 1621 728 1634 -
756 1591 881 1650 ΕΟΘΑΙ
905 1589 937 1650 et
961 1619 1003 1632 -
1028 1591 1167 1649 neoni

382 1791 420 1858 in
450 1791 599 1858 omnibns
621 1789 713 1856 libris
734 1789 826 1868 Mea,
850 1793 906 1878 qui
925 1794 1063 1857 aetatem
1086 1791 1244 1870 tulerunt,
1268 1793 1420 1880 perpetuo
1442 1795 1527 1860 inter

338 1919 373 1966 se
406 1897 551 1966 confusas
586 1896 734 1964 ridemus
767 1896 869 1962 futuri
899 1901 930 1963 et
961 1899 1071 1963 coristi
1100 1898 1218 1964 formas
1242 1900 1278 1963 in
1309 1936 1351 1948 —
1367 1900 1462 1963 θσθαο
1493 1904 1526 1965 ct

339 2040 381 2054 -
394 2006 510 2079 Actae,
541 2001 730 2089 pierumque
760 2004 805 2068 sic
835 2006 872 2068 nt
891 2002 1010 2088 futuro
1038 2007 1164 2087 praeter
1189 2005 1379 2070 sententiam
1402 2004 1465 2071 loci
1488 2026 1525 2072 ac

338 2109 463 2177 dicendi
491 2113 589 2175 us'nm
608 2106 661 2174 vel
684 2127 759 2173 cum
782 2107 977 2175 barbarismo
1000 2111 1034 2173 in
1057 2108 1183 2174 αονίοιοκ
1205 2115 1442 2182 convertantur.
1467 2131 1524 2177 neo

336 2217 399 2281 nisi
425 2217 585 2282 rarissime
607 2216 725 2280 contra.
771 2207 902 2278 Codices
925 2215 1140 2300 antiquissimi
1162 2217 1197 2279 in
1219 2236 1257 2282 ca
1278 2236 1313 2282 ro
1335 2237 1398 2283 non
1414 2217 1523 2284 viden·

338 2324 391 2386 tur
413 2321 510 2387 finisse
532 2319 638 2385 multo
661 2319 889 2384 emendatiores
911 2339 1009 2404 qnam
1027 2322 1140 2398 nostri,
1161 2321 1246 2388 undo
1264 2323 1390 2409 saepius
1411 2319 1523 2388 Oritici

337 2430 459 2493 veteres
489 2429 680 2494 annotarunt
708 2423 760 2489 δια
790 2427 843 2488 τοῦ
876 2432 918 2502 e,
948 2426 1006 2492 ubi
1037 2423 1094 2492 alii
1123 2462 1168 2476 -
1191 2428 1292 2492 Λσθαο
1321 2429 1521 2494 exhibebant.

337 2530 375 2596 ln
396 2529 531 2597 Homeri
549 2530 743 2596 carminibus
763 2549 800 2595 ca
817 2528 905 2595 labes
927 2529 1049 2622 multos
1069 2529 1155 2596 locos
1174 2535 1404 2600 contaminavit
1422 2553 1523 2619 nequa

337 2636 377 2702 ob
397 2655 559 2721 perversas
570 2633 741 2699 Editorum
753 2636 914 2720 opiniones
926 2637 1077 2722 extirpari
1089 2638 1203 2722 potuit.
1227 2638 1278 2704 Ad
1289 2637 1380 2704 Iliad.
1394 2648 1431 2705 r.
1447 2636 1521 2703 112.

519 2739 680 2817 ἐλπόμενοι
704 2739 891 2805 ταύτΑσάαο
914 2739 1031 2822 ὀϊζυροῦ
1055 2741 1210 2821 πολέμοιο.

333 2848 502 2914 annotavit
534 2843 567 2911 la
599 2844 723 2913 Roche:
761 2843 918 2924 „tanceas
956 2869 1016 2912 νοονν
1047 2849 1141 2912 solum
1173 2849 1284 2914 corioro
1312 2849 1464 2932 νἀνιράαν,
1496 2849 1523 2914 ον’

337 2950 413 3040 quid
432 2969 492 3018 Ian
511 2968 639 3018 aaaron
656 2968 734 3018 lesan
753 2952 900 3027 creditur.
918 2953 973 3016 ced
989 2951 1078 3017 ctiam
1096 2953 1125 3016 si
1143 2953 1218 3038 quid
1234 2964 1294 3019 tam
1313 2963 1391 3020 certe
1410 2977 1521 3040 ecepcc·

337 3065 421 3124 tatur
451 3063 485 3122 ot
514 3075 617 3123 ramos
630 3057 755 3142 foetum
778 3080 839 3123 esec
861 3058 1030 3122 ccdtimorc
1046 3057 1173 3142 poscae?
1218 3062 1372 3148 Argutari
1393 3062 1453 3126 hoo
1475 3061 1522 3126 est

335 3165 457 3252 (dicam
480 3165 567 3229 enim
591 3163 674 3248 qnod
697 3164 811 3249 sentio)
834 3169 866 3230 et
888 3183 981 3229 sanas
1002 3165 1119 3229 rationi
1142 3166 1211 3231 vim
1235 3165 1359 3240 afferre,
1383 3171 1415 3232 et
1441 3166 1522 3231 iliud

322 3275 498 3347 ῬΑΕΝΕ,
531 3269 614 3354 quod
643 3273 691 3334 est
720 3271 755 3334 in
786 3289 822 3334 ca
851 3271 1110 3355 interpretatione
1140 3291 1267 3356 prorsus
1290 3275 1520 3348 necessarium,

337 3377 511 3441 assumitur
540 3375 579 3440 de
607 3373 720 3440 nihilo.
768 3373 868 3440 Unice
898 3396 1012 3441 verum
1035 3379 1090 3441 est
1119 3375 1314 3443 παύσεσθαι.
1362 3379 1522 3465 Quidquid

336 3501 500 3566 speramus
529 3481 673 3545 ἀοοονιαον
701 3479 798 3546 habet
829 3475 952 3546 exitum
983 3483 1168 3567 praesertim
1202 3484 1238 3548 in
1270 3483 1349 3551 belli
1380 3483 1521 3570 fortuna,

338 3586 397 3651 ubi
418 3585 560 3673 piurima
582 3589 691 3652 contra
713 3587 859 3652 omnium
882 3589 1297 3672 exspectationem'evcnirc
1319 3589 1477 3656 videmos.

519 3689 604 3769 ξυνὸς
625 3690 786 3762 Ἐνυάλιοο
810 3691 865 3757 καί
885 3717 921 3756 τε
944 3691 1107 3758 arratam
1129 3692 1281 3760 κατέκτα.

381 3797 492 3864 Nostri
513 3797 617 3884 igitur
638 3795 758 3880 ubique
781 3800 829 3862 est
852 3798 977 3863 arbitrii
999 3819 1038 3864 ex
1060 3801 1213 3884 cuiusque
1234 3799 1297 3866 loci
1319 3806 1433 3868 natura
1452 3821 1521 3866 con·

337 3905 470 3968 stituera
488 3907 600 3968 utrum
620 3937 663 3950 -
678 3903 771 3967 εσάαο
793 3922 832 3967 an
851 3939 893 3952 -
906 3904 1007 3968 Ασάαο
1026 3904 1120 3970 scribi
1138 3909 1297 3989 oporteat,
1316 3911 1349 3972 et
1367 3905 1522 3972 librorum

338 4011 511 4093 scripturas
541 4026 650 4072 omnes
679 4009 714 4071 in
745 4027 782 4073 ca
809 4008 939 4093 quidem
961 4029 994 4074 re
1015 4008 1093 4074 licet
1116 4016 1324 4076 contemnere.
1370 4009 1408 4077 In
1431 4010 1521 4077 Iliad.

338 4121 374 4178 Γ.
398 4109 451 4176 28.
477 4111 598 4177 oditur:
622 4111 708 4191 Φάτο
731 4112 794 4194 pap
818 4113 967 4180 τίσεσθαι
992 4113 1136 4190 ἀλείτην,
1161 4116 1216 4181 scd
1238 4137 1285 4182 vs.
1311 4113 1386 4188 366.

521 4213 590 4292 ἥτ’
615 4218 742 4302 ἕφάρκκν
766 4220 918 4286 τΙσΑοάαο
942 4217 1141 4301 Ἀλέξανδρον
1165 4219 1347 4297 κακότητος.

386 4321 469 4402 Quid
500 4323 583 4390 inter
614 4329 786 4411 utrumqne
815 4324 922 4391 locum
949 4323 1098 4391 interest?
1142 4325 1235 4392 Nihil
1257 4348 1394 4414 prorsus,
1441 4325 1524 4408 Quid

336 4429 535 4518 cogitaverat
564 4428 750 4497 Menelaus?
783 4436 892 4497 utrum
917 4433 1081 4497 ricOMAI
1105 4433 1156 4496 τὸν
1179 4432 1332 4515 ἀλιτήριον
1357 4455 1396 4500 an
1419 4431 1523 4499 ἐτοσά·
