3410 5180
746 362 812 430 511

229 552 344 620 Paullo
375 557 448 620 ante
478 574 562 657 pagi
586 551 664 620 553.
699 555 751 621 10.
775 554 873 634 ὤμνυε
897 551 992 630 μηδὲν
1015 550 1162 630 εἰρηκέναι
1188 551 1254 632 περί
1280 554 1375 619 αὐτοῦ

185 663 363 742 ostrow,
388 662 456 726 imo
478 680 554 728 vero
576 664 733 743 Φλαῦρον,
759 662 843 747 quod
867 660 972 725 estin
996 657 1069 724 aliia
1093 657 1196 725 libris.

230 853 310 942 Pag.
336 852 413 922 554.
437 853 491 920 28.
515 851 611 937 ίίνδρα
635 856 817 936 οίτυχνῦντα
841 855 934 919 crine
957 853 1051 919 αὐτὸν
1075 851 1241 929 ἠδικηκότα
1260 892 1301 904 -
1322 879 1377 921 τυ-

188 965 353 1044 κοφανπεῖν
384 959 457 1044 ᾤετο
486 961 559 1026 δεῖν.
608 960 710 1028 Sorib.
736 962 846 1027 οῦδΕΝ
870 959 964 1026 αῦτδν
988 958 1163 1035 ἠδικηκότα.
1211 960 1245 1026 In
1269 961 1378 1028 huius·

186 1067 275 1133 modi
305 1069 463 1132 sententia
494 1087 603 1134 omnes
633 1066 715 1132 οὐδὲν
746 1066 889 1143 ἠδικηκώς
915 1071 946 1132 et
970 1065 1052 1132 οὐδὲν
1076 1064 1251 1144 ἠδικημένος
1274 1067 1379 1134 dicere

188 1173 339 1250 assolent,
365 1177 403 1237 ut
426 1174 462 1236 in
483 1173 593 1238 Pluto:

483 1277 645 1360 ἒνίκραμες
670 1281 743 1357 ἡμῖν
766 1277 849 1343 οῦδὲν
873 1275 1046 1357 ἠδικημένη.

233 1457 314 1545 Pag.
349 1455 427 1524 557.
458 1455 513 1522 25.
544 1458 577 1522 orl
608 1456 671 1536 γὰρ
703 1455 812 1533 ἡγεῖθ’,
842 1456 881 1528 τίς
913 1453 978 1532 ἐμοὶ
1010 1454 1106 1533 δοκεῖ,
1139 1457 1284 1538 λαμπρὸν
1314 1457 1379 1522 οὐδὲ

190 1563 323 1629 νεανικὸν
352 1561 412 1628 οὐδ’
438 1559 522 1638 ίίξιον
546 1568 757 1628 ΘΑΝΑΤΟΤ
782 1556 816 1636 ί,
840 1582 871 1626 τι
894 1557 932 1625 ίίν
956 1568 1029 1625 TIC
1051 1560 1122 1640 πρδς
1147 1557 1200 1626 ἕνα
1226 1572 1292 1630 6Ιο
1315 1564 1380 1628 δια-

190 1668 386 1750 πράττηται,
419 1669 494 1732 ἀλλ’
530 1669 556 1733 εί
590 1668 635 1747 μη
669 1668 773 1749 Φυλὴν
808 1663 880 1742 ῦλην
900 1705 941 1715 -
960 1676 1225 1748 προπηλακιεῖ-
1245 1668 1380 1747 οίβίοιτον

190 1771 259 1858 ᾤετ’
290 1772 412 1840 ἔσεσθαι
445 1772 497 1838 τίν
528 1774 597 1852 βίον
628 1773 739 1853 ἑαυτῷ.
785 1773 858 1838 Non
881 1773 974 1839 credo
998 1772 1165 1839 absurdius
1186 1775 1381 1842 vocabulum

189 1883 225 1945 in
247 1879 468 1946 huiuscemodi
490 1881 647 1946 sententia
669 1879 801 1965 reperiri
823 1899 912 1964 posse
936 1899 1032 1964 quam
1057 1880 1202 1946 ίανοίτον.
1250 1881 1382 1967 Reperit

190 2005 301 2053 veram
328 1986 500 2052 lectionem
528 1985 746 2050 Buttmannus
776 1984 836 2049 οὐδ’
871 1981 955 2061 ἄξιον
986 1993 1133 2050 ΑΤΤΟΤ
1166 1985 1303 2076 (αὑτοῦ),
1327 1986 1382 2052 sed

190 2113 284 2158 nemo
306 2095 421 2157 utitur.

236 2197 404 2264 Praeterea
433 2198 551 2264 vitium
585 2199 634 2262 est
662 2198 696 2260 in
727 2196 834 2262 verbis
864 2193 892 2272 ί,
922 2221 952 2261 τι
977 2195 1016 2260 ἄν
1038 2205 1111 2261 TIC
1133 2194 1380 2277 διαπράττηται,

192 2305 268 2390 quia
298 2303 338 2369 de
367 2305 436 2388 ipso
467 2301 572 2369 Midia
602 2302 680 2368 haec
712 2302 775 2366 dici
805 2303 1010 2387 perspicuum
1042 2307 1098 2368 est.
1145 2303 1183 2367 ln
1209 2311 1281 2368 Tlc
1303 2303 1383 2369 latet

195 2422 278 2489 ele,
309 2408 394 2496 quod
423 2428 442 2473 a
472 2412 644 2474 correctore
675 2409 709 2471 in
739 2408 886 2495 margine
916 2409 1072 2494 scriptum
1095 2410 1271 2475 insinuavit
1293 2430 1326 2474 se
1349 2411 1384 2474 in

192 2525 318 2586 textum
341 2515 458 2581 mendo
480 2533 544 2580 non
566 2517 714 2580 correcto.
761 2513 968 2601 legendum:
994 2508 1024 2591 ί,
1049 2538 1079 2578 τι
1104 2511 1143 2578 ov
1170 2509 1213 2587 είς
1237 2516 1309 2596 πρδς
1329 2511 1383 2580 ἕνα

193 2623 436 2705 διαπράττηται,
460 2621 516 2686 ubi
537 2614 581 2691 είς
605 2625 654 2686 est
677 2614 720 2691 είς
744 2617 782 2683 ὢν
805 2619 819 2683 ί
844 2618 989 2691 Μειδίας.

237 2730 337 2796 Video
368 2747 435 2792 ease
467 2725 583 2810 quibua
613 2720 698 2801 ίίξιον
721 2723 854 2790 ίανοίτου
877 2745 992 2791 sanum
1015 2745 1082 2791 ease
1105 2726 1263 2792 videatur.
1290 2729 1384 2807 „Sar-

192 2834 338 2902 acenos”
369 2852 435 2898 esse
465 2834 590 2918 putant.
638 2829 700 2896 Sed
722 2851 824 2918 neque
848 2852 1005 2897 sarcasmo
1029 2830 1118 2898 locus
1142 2838 1190 2898 est
1214 2838 1247 2899 ct
1269 2833 1384 2900 mirifi-

193 2964 267 3010 cum
290 2959 364 3006 sane
387 2941 469 3004 esset
491 2936 551 3002 hoc
572 2939 723 3002 sarcasmi
745 2957 856 3024 genus.
901 2933 1019 3002 Contra
1040 2939 1110 3023 ipsa
1131 2943 1247 3004 natura
1269 2960 1386 3028 sugge-

193 3052 237 3115 rit
259 3045 478 3134 'arrogantem
512 3041 676 3108 hominem
711 3043 758 3107 ita
792 3041 911 3107 dicere:
949 3042 982 3107 οῦ
1016 3043 1160 3123 λαμπρὸν
1194 3050 1282 3110 τοῦτο
1317 3045 1385 3111 οὐδὲ

196 3153 328 3220 νεανικὸν
352 3149 413 3215 οὐδ’
438 3145 524 3224 ἄξιον
547 3148 695 3226 ἐμαυτοῦ.

238 3329 319 3419 Png.
352 3323 427 3394 562.
459 3325 491 3392 2.
522 3325 561 3390 dc
590 3324 768 3411 petulantia
798 3330 831 3390 et
860 3326 1069 3411 protervitate
1090 3325 1266 3395 Alcibiadis
1289 3329 1384 3399 dicit:

195 3439 222 3504 oi
245 3437 318 3502 κατ’
344 3436 455 3500 ἐκεῖνον
480 3431 616 3513 ὑμέτεροι
640 3430 779 3511 πρόγονοι
798 3469 839 3479 -
858 3429 911 3495 καί
934 3431 1103 3496 Δεκέλειαν
1127 3433 1248 3506 ἑαυτοῖς
1275 3436 1386 3502 ἐπιτει-

198 3544 343 3627 χισθῆναι
371 3539 424 3606 καί
448 3539 507 3612 τοὶς
530 3542 604 3611 ναῦς
624 3537 741 3603 οίλῦναι
761 3535 814 3602 καί
835 3536 942 3602 ποίντα
962 3536 1128 3614 ὑπέμειναν
1147 3541 1243 3605 ὁτιοῦν
1262 3537 1388 3614 ἄκοντες

199 3650 308 3717 παίεῖν
331 3646 460 3712 κοίλλιυν
478 3641 556 3710 είναι
578 3642 748 3725 νομίζοντες
769 3643 786 3719 ἢ
806 3643 925 3717 ἑκόντες
946 3642 1122 3726 ὑβρίζεσθαι
1143 3648 1388 3736 [conspired.

154 3763 162 3779 '
198 3755 383 3840 Corrumpit
404 3751 467 3818 loci
490 3753 559 3817 vim
582 3755 614 3816 et
637 3751 882 3816 concinnitatem
906 3751 1106 3835 ineptissime
1139 3752 1286 3819 additum
1312 3777 1387 3832 coy-

200 3869 351 3944 χωρηταν.
397 3857 501 3924 Natus
531 3861 579 3922 est
610 3877 696 3922 error
725 3878 764 3922 ex
794 3855 864 3922 loco
887 3857 994 3922 vicino
1016 3877 1090 3944 pag.
1115 3855 1191 3924 562.
1218 3857 1248 3924 1.
1273 3859 1386 3934 οὐδενὸς

199 3967 313 4034 τούτων
348 3964 432 4042 αὐτῷ
462 3964 676 4044 συνεχώρησαν
709 3961 841 4043 ὑβρίζειν
865 3961 993 4040 αὐτούς,
1025 3962 1080 4028 sed
1109 3983 1204 4030 nemo
1234 3968 1389 4054 cogitasse

200 4075 329 4142 videtur
350 4073 434 4136 recte
458 4068 588 4154 quidem
611 4067 675 4133 dici
701 4074 852 4148 συγχωρῶ
877 4068 1009 4148 ὑβρίζειν
1028 4069 1185 4147 ἐμαυτίν,
1206 4071 1263 4136 sed
1280 4072 1388 4138 absur-

198 4179 276 4244 dam
298 4197 366 4244 esse
389 4179 541 4257 συγχωρῶ
568 4171 742 4255 ὑβρίζεσθαι
770 4174 867 4259 idque
891 4173 973 4239 ἑκών.
1011 4173 1179 4259 Expancto
1196 4175 1389 4263 glossemate

200 4286 308 4350 omnia
329 4287 413 4348 recte
436 4284 469 4346 et
491 4279 600 4346 ordine
623 4279 805 4366 procedunt.

241 4462 321 4550 Peg.
355 4457 431 4526 563.
460 4457 491 4524 3.
517 4460 534 4534 ἡ
557 4457 615 4536 μὲν
637 4457 701 4540 γὰρ
724 4460 763 4533 ὡς
788 4453 915 4533 οίληθιῦς
940 4455 1043 4538 μίτηρ
1068 4457 1100 4544 [ἦ
1123 4461 1257 4523 τεκοῦσα
1279 4463 1388 4550 αὐτὸν]
