3208 5158
888 393 953 464 194

321 585 522 654 oculatorum
547 589 679 652 testium
702 596 759 653 aut
783 593 866 654 oerts
890 589 1089 672 epatribue,
1110 587 1167 671 qui
1185 585 1359 669 vidissent,
1379 591 1501 670 eeoopte.

322 688 531 758 Callisthenes
563 694 666 779 igitur
697 692 783 758 haud
814 692 910 757 dubie
941 693 1019 758 haee
1047 714 1086 758 ex
1109 691 1265 757 Herodoti
1289 692 1428 756 historiis
1448 712 1502 756 non

322 801 485 865 nominato
507 805 634 864 auctore
658 800 692 862 in
714 797 836 863 librum
859 819 955 863 suum
979 797 1154 864 transtulit.

367 903 617 989 Nonnumquam
647 903 769 968 factum
799 909 848 969 est
871 909 908 968 ut
930 905 1064 970 historia
1086 904 1126 968 ab
1150 901 1313 968 Herodoto
1335 911 1454 968 narrata
1473 905 1502 966 in

319 1008 483 1074 nonnullis
513 1010 651 1074 formam
681 1015 823 1074 mutaret
854 1015 886 1075 et
917 1011 962 1076 sie
990 1031 1092 1095 neque
1122 1029 1197 1075 vera
1226 1011 1272 1074 rei
1303 1011 1383 1074 ratio
1412 1029 1501 1093 neque

322 1133 416 1179 verus
439 1120 549 1180 auctor
571 1113 664 1180 sanila
684 1120 915 1201 agnosceretur.
964 1115 1160 1199 Exemplum
1180 1113 1265 1180 vide.
1313 1111 1499 1180 Commemo

312 1225 373 1283 ret
403 1218 517 1286 Strabo
548 1240 622 1307 pag.
656 1218 732 1284 320.
779 1219 938 1305 Apollinis
968 1221 1134 1286 oraculum
1162 1221 1286 1288 editum
1310 1223 1351 1284 iis
1373 1221 1426 1304 qui
1446 1217 1503 1305 ny·
1555 1249 1558 1254 ·

324 1327 466 1390 nantium
498 1332 588 1392 erant
619 1326 795 1392 condituri:
828 1326 879 1390 τὸν
911 1325 1100 1392 Ἀπόλλονοί
1133 1334 1215 1404 φασι
1245 1333 1309 1396 τοῖς
1333 1325 1451 1388 κτίσατι
1471 1325 1500 1387 τί

323 1427 484 1507 Βυζάυτιου
528 1431 645 1512 ὕςερον·
672 1433 757 1509 μετά
793 1434 847 1506 την
884 1434 942 1497 ὑπὸ
978 1431 1150 1510 Μεγαρέων
1185 1429 1382 1509 Καλχηδόνος
1415 1431 1501 1494 κτίσιν

322 1537 610 1618 χρητηριαζομένοις
635 1535 807 1616 προστάΕαι
831 1537 1013 1611 ποιήσασθαι
1040 1540 1093 1610 την
1116 1536 1231 1615 ἵδρυσιν
1254 1536 1434 1602 ἀπεναντίον
1452 1544 1501 1600 τῶν

323 1649 468 1719 τυφλῶν,
490 1645 629 1724 τυφλοὺς
652 1645 833 1706 καλέσαντα
854 1643 923 1715 τοὺς
943 1643 1171 1722 Καλχηδονίους
1193 1638 1237 1709 ὅτι
1259 1641 1398 1720 πρότερον
1417 1641 1500 1706 πλεί-

323 1769 434 1816 σαντεε
470 1751 512 1818 είς
544 1750 613 1819 τοὺς
645 1748 754 1822 τόπους
787 1749 922 1828 ἀφέντες
954 1753 1008 1822 την
1039 1751 1135 1829 πέραν
1166 1758 1344 1829 κατασχεῖν
1374 1755 1501 1813 τοσοῦτον

323 1857 457 1916 πλοῦτον
489 1853 623 1934 έχονσαν
653 1853 769 1920 είλοντο
793 1859 847 1932 την
871 1856 1066 1935 λυπροτέραν.
1114 1855 1287 1941 Aliquanto
1309 1857 1378 1920 veri
1402 1853 1502 1920 simili-

324 1979 378 2024 ora
412 1958 593 2026 Herodotus
628 1963 802 2029 memoriae
837 1961 978 2048 prodidit
1011 1960 1065 2026 lv.
1099 1959 1176 2024 144.
1233 1959 1432 2042 Μεγάβαζος
1465 1995 1499 2008 -

323 2065 448 2128 ε’πιίίεσο
481 2065 696 2132 ἑπτακαίδεκα
728 2067 809 2132 έτεσι
842 2067 981 2146 πρότερον
1013 2065 1241 2147 Καλχηδονίους
1266 2067 1434 2135 κτίσαντας
1456 2066 1501 2138 τὴν

320 2171 422 2250 χοίρην
446 2171 633 2251 Βυζαντίου.
662 2174 826 2247 πυίίμενος
850 2174 882 2238 δέ
906 2171 966 2251 ἔφη
991 2173 1217 2251 Καλχηδονίους
1242 2177 1348 2236 τοῦτον
1370 2173 1419 2236 τδν
1441 2168 1502 2250 χρέ

322 2299 369 2339 νον
392 2277 565 2354 τυγχάνειυ
589 2279 695 2346 ἐόντας
716 2281 873 2356 τυφλούς·
894 2280 926 2342 οὐ
950 2279 1012 2354 γάρ
1034 2279 1072 2344 ἀν
1093 2283 1146 2342 τοῦ
1167 2278 1327 2350 καλλίονος
1351 2276 1501 2348 παριέντος

322 2381 434 2462 κτίζειν
458 2383 556 2462 χοίρου
580 2385 630 2448 riv
655 2385 801 2463 αἰσχίονα
826 2383 959 2450 έλέσίαι.
985 2385 1024 2466 [εί
1049 2385 1093 2460 uis
1114 2377 1191 2458 ἦσαν
1212 2384 1338 2464 τυφλοί.
1362 2383 1500 2469 putidum

320 2486 480 2575 glossema
513 2490 636 2554 dudum
667 2489 860 2554 Herwerden
891 2491 1084 2574 expunxitl.
1117 2489 1227 2555 Facile
1260 2492 1419 2556 cernimus
1449 2507 1502 2572 quo

320 2599 413 2676 paeto
432 2615 472 2658 ex
495 2593 650 2660 Herodoti
673 2598 852 2660 narratione
875 2615 958 2660 nova
980 2594 1089 2660 fabula
1112 2599 1180 2660 orta
1204 2597 1256 2659 sit.

367 2696 447 2762 Utar
480 2706 590 2765 eutem
625 2701 684 2766 hae
719 2701 938 2766 observatione
972 2707 1010 2764 ut
1045 2701 1123 2766 duos
1157 2698 1322 2765 Strabonis
1355 2699 1439 2766 looos
1469 2722 1502 2765 ex

321 2801 482 2870 Herodoto
510 2805 682 2890 descriptos
713 2811 745 2870 et
776 2808 858 2871 vitio
890 2805 1015 2871 affectos
1045 2827 1084 2870 ex
1116 2807 1318 2870 annotatione
1347 2804 1502 2870 Hemster·

320 2907 407 2972 husii
440 2909 512 2974 MS.
543 2913 578 2974 iu
608 2913 773 2998 integrum
804 2915 982 2978 restituam.
1030 2911 1144 2976 Editur
1175 2931 1248 2998 pag.
1283 2909 1358 2974 638.
1386 2917 1502 2975 narrata

320 3013 453 3080 historia
487 3016 525 3081 de
567 3015 746 3102 Polycratis
789 3016 923 3094 annulo,
966 3037 1047 3101 quae
1088 3021 1120 3081 et
1152 3019 1222 3101 ipsa
1257 3015 1317 3081 soli
1351 3014 1501 3082 Herodoto
1590 3053 1591 3069 ι

321 3119 469 3203 debetur,
503 3121 667 3197 πυθόμενον
692 3122 723 3186 δέ
746 3130 837 3188 τοῦτο
860 3125 912 3188 τὸν
935 3121 1115 3199 Αίγυπτίυν
1139 3120 1286 3199 βασιλέΛ
1313 3130 1409 3185 ΦΑΕΙ
1433 3145 1501 3199 μου

320 3231 410 3294 stads
445 3250 508 3302 πως
544 3227 805 3308 ἀποφθέγξασθαι
839 3230 878 3301 ὥς
911 3229 940 3292 έν
976 3228 1099 3309 βραχεῖ
1129 3229 1320 3306 κατατρίψει
1357 3227 1411 3291 τὸν
1442 3227 1501 3304 βίον

320 3329 363 3399 είς
388 3329 440 3394 οὐκ
464 3333 593 3412 εὐτυχές
617 3333 704 3407 τέλος
729 3336 743 3398 δ
767 3339 909 3400 τοσοῦτον
938 3331 1096 3412 έΕηρμένος
1120 3341 1190 3406 ταῖς
1216 3332 1415 3408 εὐπραγίαις.

364 3433 401 3497 ln
442 3441 588 3524 margine
631 3443 681 3505 sui
725 3440 864 3525 exempli
909 3441 1076 3524 adscripsit
1121 3438 1403 3504 Hemsterhusius:
1450 3437 1499 3513 ηδ.
1588 3473 1589 3494 ι

316 3540 470 3617 Ἄμασιν.
512 3543 592 3622 φασί
628 3546 789 3609 orationem
822 3545 952 3609 ονοοσοί.”
999 3545 1074 3610 Sine
1106 3547 1317 3610 controversia
1352 3551 1425 3630 post
1456 3543 1501 3606 ris

323 3646 500 3722 Αἰγυπτίων
531 3648 670 3724 βασιλέα
698 3671 812 3716 nomen
836 3654 923 3738 regis
946 3651 1142 3716 desideretur
1164 3662 1196 3715 et
1218 3653 1303 3714 eerta
1327 3650 1501 3736 estmagni
1587 3687 1588 3714 i

321 3753 379 3815 viri
403 3752 592 3819 emendatio.
636 3753 817 3821 Herodotea
840 3757 918 3822 liaeo
938 3759 1045 3822 omnia
1063 3761 1138 3821 sunt
1159 3777 1198 3820 ex
1216 3755 1272 3820 ΠΙ.
1294 3753 1349 3820 43.
1372 3755 1500 3832 Vnus·

318 3880 364 3930 τις
390 3897 431 3904 -
456 3855 552 3934 έμαίε
574 3857 619 3924 δτι
644 3862 697 3924 οὐκ
720 3855 754 3924 εὖ
777 3863 973 3937 τελευτήσειν
996 3861 1106 3939 μέλλοι
1131 3861 1333 3942 Πολυκράτης
1355 3859 1500 3942 εὐτυχέων

318 3964 361 4028 τά
384 3962 501 4031 πάντα.

364 4068 442 4134 Post
471 4091 571 4155 peuea
601 4073 686 4157 apud
716 4070 904 4140 Strabonem
935 4075 1072 4162 legitur:
1108 4073 1160 4138 καί
1198 4073 1232 4149 δὴ
1263 4075 1316 4137 καί
1349 4073 1499 4152 συμβῆναι
1585 4127 1586 4136 .

320 4177 429 4238 τοῦτο.
463 4177 621 4256 ληφίέντα
649 4178 712 4256 γάρ
737 4177 771 4253 ἐξ
795 4180 920 4253 ἀσάτης
947 4181 1019 4244 ὑπΟ
1046 4189 1134 4244 ΤΟΤ
1160 4177 1324 4256 σατράπου
1348 4183 1407 4244 τῶν
1429 4187 1498 4256 Περ·

321 4302 379 4342 συν
403 4284 619 4356 κρεμασθῆναι.
650 4283 812 4350 Adseribit
835 4285 1116 4352 Hemsterhnsius:
1143 4285 1217 4363 ,ἀπ’
1238 4283 1373 4364 Ὀροίτου
1393 4281 1500 4362 σατρά·

321 4406 377 4448 που
408 4391 466 4448 τῶν
501 4394 632 4465 Περσῶν.
663 4390 709 4452 ito
737 4393 930 4474 supplendum
960 4391 1110 4456 οίᾱαέυτ.”
1154 4390 1243 4457 Haec
1275 4412 1400 4476 quoque
1423 4393 1500 4455 terta

320 4491 471 4558 eorrectio
502 4498 549 4557 est
577 4495 739 4559 manifesti
762 4497 888 4575 mendi;
914 4519 989 4564 nam
1013 4497 1090 4582 quid
1114 4497 1176 4564 sibi
1199 4495 1272 4562 vult
1295 4497 1449 4563 articulus
1470 4495 1499 4558 in
