3372 5192
723 377 789 452 tos

208 569 296 641 Haec
325 573 389 639 fere
423 579 497 638 sunt
527 593 607 658 quae
637 571 788 660 Sophiste
817 597 856 640 ex
878 573 1092 640 Demosthene
1115 574 1265 639 sumsisse
1287 571 1350 638 Do·

161 682 255 747 braeo
277 679 419 758 videtur,
444 679 499 744 sed
522 681 611 765 quis,
631 700 763 764 quaeso,
783 681 834 746 his
853 679 1026 767 diligenter
1043 679 1246 746 consideratis
1266 679 1350 744 mihi

162 807 225 853 non
247 786 336 852 dabit
357 806 420 852 non
429 787 527 870 sea
545 784 623 851 haec
644 805 711 851 esse
729 806 831 871 neque
850 785 957 852 studio
976 787 1135 872 quaesitas
1153 786 1350 850 imitationes

161 913 264 978 neque
285 891 432 958 flosculos
455 891 493 957 de
515 890 672 956 industria
695 890 858 975 collectos,
883 891 938 957 sed
961 898 1018 957 aut
1039 892 1266 968 συνεμππώσειι
1295 894 1350 956 aut

163 998 319 1076 ἐγκύκλιοι
349 999 497 1064 omnibus
527 997 666 1066 ιὶσσιιοιςί
694 997 897 1083 loquentibus
928 1000 1012 1063 circa
1045 997 1178 1063 eandem
1212 1001 1351 1063 aetatem

164 1100 368 1168 communiat

208 1209 300 1275 Dixit
329 1209 511 1297 Hyperides
540 1229 613 1297 pag.
647 1205 724 1275 770.
757 1207 788 1274 8.
813 1207 950 1298 figurate
973 1209 1076 1290 ἐράνου
1099 1209 1277 1291 exasperat,
1302 1209 1353 1274 bie

164 1316 198 1380 in
228 1315 371 1379 Medicas
401 1334 475 1401 pag.
509 1311 573 1378 547
605 1318 638 1379 et
661 1308 727 1379 574
752 1313 844 1380 affine
868 1315 945 1400 quid
969 1315 1091 1381 dixerat
1114 1314 1354 1381 Demosthenes.

164 1419 252 1486 Num
276 1421 380 1508 igitur
401 1418 483 1485 illud
507 1441 545 1486 ex
568 1419 628 1484 hoc
650 1425 763 1484 natum
786 1441 852 1485 esse
875 1418 1048 1506 putemus?
1072 1420 1194 1487 Notum
1218 1424 1266 1486 est
1290 1419 1354 1484 dic-

165 1532 236 1591 tum
262 1525 435 1591 citharoedi
458 1526 498 1591 ad
518 1524 708 1611 Philippum
734 1526 779 1612 (iu
801 1525 890 1590 Plut.
915 1527 1029 1592 Marci.
1054 1547 1127 1615 pag.
1154 1525 1208 1594 67.
1221 1525 1285 1613 o.):
1310 1527 1356 1603 μὴ

164 1630 284 1710 γένοιτο
314 1655 358 1696 σοι
392 1628 502 1706 οὕτως,
532 1627 553 1695 ὦ
585 1629 737 1709 βασιλεῦ,
768 1637 890 1708 κοινῶς,
922 1629 958 1696 i'o'
992 1633 1067 1710 ἐμοῦ
1097 1637 1204 1698 σοῦσον
1231 1631 1357 1711 βέλτιον
1385 1697 1387 1702 .

164 1737 253 1821 εἰδῇς.
279 1735 470 1802 Dicamusne
492 1736 569 1802 haec
593 1757 632 1802 ex
654 1734 831 1824 Hyperidis
854 1743 911 1803 aut
932 1737 1157 1805 Demosthenis
1174 1741 1355 1803 imitatione

164 1839 314 1908 fluxisse?
361 1842 402 1906 Oi
433 1840 626 1924 Φιλοπὸνιιροι
660 1846 693 1907 et
722 1841 807 1927 apud
840 1841 1040 1931 Hyperidem
1075 1851 1107 1909 et
1137 1843 1221 1929 apud
1254 1843 1355 1909 'I'heo-

165 1949 332 2035 phrastum
352 1947 536 2032 improbum
561 1946 777 2034 demagogum
797 1947 958 2033 appellant
979 1951 1056 2014 κύνει
1073 1955 1127 2015 τοῦ
1147 1950 1253 2028 δήμου.
1280 1949 1356 2014 Om-

164 2077 220 2120 nes
250 2060 322 2119 tum
352 2057 399 2119 ita
420 2052 632 2138 loquebantur
654 2058 687 2118 et
710 2052 749 2117 ab
773 2052 846 2118 ahie
869 2053 980 2119 audita
1002 2074 1059 2140 pro
1082 2057 1149 2121 suis
1171 2056 1354 2121 utebantur.

210 2159 318 2225 Multo
347 2162 450 2246 igitur
480 2158 597 2224 melius
628 2163 661 2224 et
691 2161 798 2223 sanius
833 2179 872 2223 ex
905 2160 955 2224 his
988 2162 1138 2227 omnibus
1168 2159 1358 2248 colligemus

167 2265 335 2352 populares
365 2270 398 2330 et
428 2263 574 2350 aequales
604 2284 657 2329 eos
686 2263 785 2330 foisse
818 2267 873 2350 qui
905 2267 938 2330 in
970 2266 1108 2332 dictione
1138 2272 1170 2332 et
1192 2269 1358 2333 sententiis

167 2377 234 2436 tam
259 2373 324 2436 sint
346 2373 430 2436 inter
450 2391 484 2436 se
506 2369 640 2435 similes.
1040 2385 1044 2392 ·

210 2475 346 2562 Reliqua
377 2479 432 2562 qui
462 2475 549 2542 volet
579 2473 703 2540 utiliter
733 2481 765 2540 et
797 2460 935 2541 iucunde
965 2478 1175 2562 comparabit;
1208 2477 1356 2562 equidem

166 2582 318 2668 pauculos
351 2604 389 2649 ex
419 2581 604 2669 Hyperides
634 2583 774 2648 oratione
806 2582 892 2648 locos
921 2585 950 2648 si
982 2588 1091 2669 potero
1126 2582 1356 2648 emendatiores

166 2688 307 2754 reddam.

211 2895 292 2985 Peg.
325 2893 400 2964 770.
434 2895 488 2962 13.
516 2897 542 2961 ei
566 2895 623 2974 μέν
646 2898 720 2962 εἰσιν
745 2897 825 2973 ὑμῶν
849 2897 875 2960 οἱ
900 2897 1025 2967 πλείους
1047 2891 1100 2961 οἷοι
1121 2897 1190 2970 σοὺς
1213 2899 1355 2981 πονηροὺς

166 3010 271 3084 φιλεῖν
304 3003 369 3088 [καὶ
400 3001 518 3091 σώζειν]
530 3049 539 3081 ,
557 3039 598 3050 -
616 3003 641 3067 si
664 3003 691 3067 δ’
715 2997 767 3068 οἶοι
789 3009 891 3080 μισεῖν
915 3003 981 3066 xri.
1027 3000 1208 3068 Delendum
1231 3010 1279 3070 est
1302 3006 1354 3070 acl

166 3109 269 3192 σώζειν
296 3107 411 3175 inutile
442 3114 474 3174 et
504 3110 709 3174 concinnitati
739 3109 913 3173 sententiae
943 3127 1005 3172 non
1028 3111 1225 3174 conveniens.
1272 3109 1310 3174 In
1333 3109 1357 3176 Β

166 3237 203 3284 ea
234 3216 331 3282 verba
359 3217 466 3300 prima
494 3235 609 3280 manus
636 3217 763 3292 omisit,
796 3221 950 3280 corrector
980 3233 1019 3277 ex
1050 3213 1113 3278 alio
1142 3213 1224 3281 libro
1245 3217 1280 3280 in
1302 3237 1356 3284 ora

166 3323 283 3408 posuit.
329 3319 465 3386 Perinde
488 3325 536 3385 est
558 3340 594 3385 ao
617 3322 645 3384 si
668 3318 818 3385 dixisset:
843 3319 868 3384 si
892 3318 949 3396 μὲν
971 3319 1167 3401 φιλοπόνηροί
1184 3320 1315 3385 εἰσιν-
1328 3325 1353 3388 εἰ

167 3427 198 3493 δὲ
229 3425 435 3511 μισοπόνηροι,
467 3430 505 3490 ut
535 3425 643 3511 paullo
672 3432 745 3491 ante
770 3426 907 3491 dixerat:
931 3427 971 3496 ὡς
994 3423 1032 3489 ἂν
1057 3421 1166 3497 iseros
1190 3425 1272 3505 ὑμῶν
1297 3425 1357 3510 ἔχει

166 3534 239 3615 πρὸς
269 3533 304 3598 σο
335 3532 351 3608 ἢ
384 3531 592 3614 δυσχεραίνειν
620 3531 637 3606 ἢ
666 3533 839 3615 προσίεσθαι
872 3530 1025 3610 ποννρΙοεν.
1072 3529 1158 3597 Scite
1189 3537 1222 3597 et
1247 3532 1352 3619 lepide

166 3639 265 3705 dixit:
285 3638 391 3716 μάτην
414 3637 665 3720 ἐρραψῳδηκότας
687 3641 770 3716 ἡμεῖς
792 3637 934 3715 ἔσεσθαι,
955 3637 1125 3722 inquibus
1143 3639 1249 3704 verbis
1268 3641 1355 3705 notio

166 3750 220 3812 ποῦ
243 3742 346 3824 σώζειν
370 3743 422 3808 etv
444 3742 607 3826 φεύγονσοι
629 3743 722 3830 plane
743 3746 837 3810 inest.

211 3955 290 4044 Pag.
325 3951 400 4021 770.
433 3950 486 4018 20.
519 3952 590 4033 πρὸς
622 3950 741 4018 ἕποντ’
766 3950 908 4034 ἔρχονται
932 3953 975 4032 qh
999 3951 1162 4032 δικοςιὶριοι
1184 3949 1210 4017 oi
1232 3953 1291 4030 μὲν
1312 3952 1356 4019 δι-

167 4061 264 4130 uasat
294 4060 382 4142 tropis
412 4063 467 4124 τοῦ
490 4057 662 4140 ιεοισνγόρον
685 4059 737 4124 νον)
760 4063 814 4124 σοῦ
838 4057 1009 4138 Φεύγοντος
1032 4059 1068 4124 σο
1092 4060 1230 4138 προῖνμοι
1253 4058 1355 4134 μεθή-

167 4167 306 4246 σόμενοι,
325 4203 367 4214 -
385 4165 411 4230 ol
440 4161 468 4228 δ’
501 4164 646 4230 ἀντίδικοι
677 4165 746 4244 μεθ’
779 4163 889 4229 ἓοινποῦ
921 4161 1023 4240 Baikor
1053 4161 1193 4243 ἑκάτερος
1217 4161 1290 4228 dora
1314 4165 1357 4229 σὰ

167 4281 225 4341 σῶν
256 4272 354 4348 νόμιον
384 4271 488 4336 δίκαιον
522 4270 678 4355 [Ξσχνροί].
731 4269 794 4352 Qui
828 4267 944 4349 ἰσχυροὶ
979 4289 1018 4333 ex
1049 4267 1254 4354 praecedente
1288 4267 1357 4334 loco

167 4401 241 4468 pag.
265 4376 339 4447 750.
363 4375 393 4440 5.
419 4377 473 4463 (rit
494 4376 612 4442 σοντονὶ
632 4381 685 4442 σοῦ
711 4377 826 4462 darium
851 4373 956 4440 δίκαιοί
976 4374 1039 4444 ἒςιν
1059 4371 1186 4460 ἰσχυροὶ)
1208 4375 1356 4454 inseruit,

167 4485 321 4574 pervertit
344 4483 460 4548 omnia.
508 4481 648 4550 Planum
672 4486 705 4548 et
726 4481 933 4546 notissimum
957 4485 1022 4546 est:
1044 4481 1117 4560 μετ’
1140 4479 1214 4557 ἐμοῦ
1237 4480 1280 4544 σὰ
1299 4486 1357 4548 τῶν
