3372 5192
865 219 931 294 536

303 409 371 498 ipse
393 411 560 499 omiserat,
584 413 745 501 supplerit
767 421 998 505 grammaticus
1021 420 1055 482 in
1076 418 1239 505 margine,
1260 414 1374 484 deinde
1391 417 1493 505 irrep·

304 521 403 585 sitin
426 519 534 586 locum
557 521 802 589 alienissimum.

349 728 430 819 Psg.
463 728 540 797 646.
574 730 626 796 14.
659 732 712 798 ε’άν
743 731 771 797 δ’
802 733 956 816 άποφθγη
987 735 1104 808 ταύτης
1135 733 1192 813 μὲν
1220 735 1314 815 άθῷος
1341 733 1492 816 eptam,

304 835 359 908 την
388 838 414 902 δ’
446 836 496 902 ἐπὶ
527 841 569 919 τῷ
605 837 745 919 πρότερον
776 839 858 922 Φάνῳ
889 840 1022 927 [Φνγην]
1054 839 1177 922 ὑπέχει.
1228 837 1291 906 Pro
1322 841 1430 920 φυγάν
1456 840 1492 904 in

220 991 222 996 .
304 941 377 1008 eliis
399 943 484 1020 δίκην
506 941 644 1032 legitur,
665 945 719 1011 sed
738 948 904 1013 verissime
921 946 1101 1013 Dobrseus:
1123 969 1207 1025 „voc
1225 946 1342 1024 omuino
1360 947 1493 1012 ιοθθοιιάο

302 1048 450 1116 cicccc?

349 1257 430 1347 Peg.
456 1257 534 1326 647.
559 1258 590 1325 9.
614 1256 701 1334 οὗτος
724 1259 847 1342 ἔγραψε
870 1259 922 1325 τὸν
945 1261 1002 1340 μὲν
1025 1262 1118 1342 άθῷον
1142 1259 1364 1344 αἰτιάσασθαι,
1387 1258 1438 1323 τθν
1459 1257 1494 1322 δὲ

304 1361 426 1446 άκριτον
449 1375 648 1448 παραχρῆμα
673 1367 850 1434 ἐκδίδοσθαι.
887 1366 951 1448 Qui
973 1369 1159 1433 meminerit
1183 1369 1308 1432 -άσθαι
1327 1371 1360 1432 et
1380 1365 1493 1430 -άσα-

303 1473 372 1536 σθαι
396 1474 517 1558 pcssim
539 1473 689 1540 confundi
712 1475 873 1539 αἰτιᾶσθαι
897 1479 1036 1559 reponet.

347 1678 480 1770 Puerile
505 1682 759 1748 sdditcmentum
790 1681 933 1748 adhaesit
958 1702 1032 1770 pag.
1060 1679 1136 1749 647.
1162 1679 1217 1748 27.
1242 1683 1364 1748 πολλῶν
1387 1685 1491 1753 καλῶς

303 1784 435 1867 ἐχθντοιν
459 1787 556 1866 νθμοιν
574 1790 629 1853 οὐκ
648 1786 704 1855 οἶδ’
723 1789 752 1854 ri
770 1813 849 1862 τινος
870 1785 959 1864 ἦττον
978 1784 1064 1861 οὗτος
1083 1785 1150 1867 ἔχει
1169 1793 1272 1860 καλῶς
1293 1787 1344 1852 καὶ
1367 1784 1491 1858 δικαθιις

308 1889 335 1978 [δ
367 1893 480 1978 νόμος]
538 1894 634 1962 Vides
664 1898 699 1960 in
729 1915 827 1981 quem
856 1895 1094 1960 incommodum
1123 1894 1231 1959 sedem
1262 1915 1301 1959 ex
1332 1912 1387 1959 ore
1416 1891 1492 1958 libri

302 1999 474 2086 irrepserit.

348 2206 426 2298 Peg.
463 2209 539 2276 654.
572 2209 627 2277 26.
655 2209 703 2277 ἵνα
735 2211 767 2276 δὲ
798 2212 843 2288 μη
875 2209 957 2274 πάνυ
987 2207 1167 2288 θαυμάζητε
1198 2210 1223 2274 ri
1254 2208 1297 2274 τά
1326 2209 1398 2291 παρ’
1421 2211 1491 2288 ὑμῖν

302 2315 504 2398 ψηφθσματα
534 2319 724 2393 τηλικαύτην
748 2315 815 2397 ἔχει
840 2317 987 2393 δύναμιν,
1013 2317 1141 2394 γεγονὸς
1166 2314 1218 2378 καὶ
1243 2310 1257 2380 δ
1282 2313 1399 2387 πάντες
1425 2315 1490 2381 άπά-

303 2424 399 2490 τασθε
423 2428 561 2505 πράγμα
586 2426 668 2502 θμάς
692 2423 865 2500 ὑπομνήσω.
913 2420 998 2502 Quid
1022 2422 1151 2487 tandem
1170 2420 1330 2508 significet
1350 2425 1490 2501 πρᾶγμα

303 2526 453 2607 γεγονθςῖ
494 2529 618 2616 Nempe
642 2531 837 2596 contrarium
860 2526 1029 2609 πράγματι
1050 2525 1271 2606 πεπλασμένῳ.
1307 2525 1370 2593 Sed
1394 2531 1422 2593 si
1444 2533 1492 2593 est

304 2653 340 2698 es
369 2654 419 2700 res
450 2636 598 2700 omnibus
628 2639 703 2701 nota
728 2634 910 2702 'ridiculum
940 2639 988 2699 est
1020 2633 1122 2698 dicere
1150 2653 1222 2698 eum
1236 2640 1354 2699 'revers
1373 2633 1491 2699 factam

303 2759 380 2804 esse.
427 2737 576 2825 Suspicor
605 2740 799 2807 vocabulum
822 2741 863 2806 sd
886 2742 1077 2806 sententiam
1101 2741 1311 2806 necessarium
1334 2740 1492 2804 interiisse

303 2847 336 2909 st
367 2844 484 2911 dixisse
513 2845 778 2913 Demosthenem:
809 2847 950 2932 (ἌΡΤΙ)
982 2847 1110 2925 γεγονὸς
1143 2838 1260 2933 δ(οἱιιο
1283 2845 1349 2932 καθ)
1375 2844 1490 2918 πάντες

304 2949 469 3030 ἐπθςασθε,
492 2974 552 3018 rem
574 2969 694 3020 nuestus
708 2954 832 3040 sactum
854 2953 986 3019 omnibus
1009 2952 1090 3018 οοθθι
1112 2959 1218 3016 notare.

347 3159 428 3249 Peg.
463 3159 539 3228 656.
571 3159 624 3228 26.
660 3159 719 3227 εἶτ’
752 3162 903 3228 Ὀλύνθιοι
935 3163 993 3240 μὲν
1021 3161 1106 3226 θσσισι
1139 3160 1174 3225 τὸ
1203 3161 1319 3238 μέλλον
1347 3163 1490 3242 προοράν,

303 3265 390 3342 ὑμεῖς
414 3266 445 3331 δὲ
468 3266 551 3342 θντες
578 3266 730 3344 Ἀθηναῖοι
756 3269 853 3334 ταθτδ
877 3269 959 3334 τοῦτ’
983 3268 1053 3349 οὐχὶ
1078 3271 1237 3346 ποιησετες
1263 3269 1339 3332 άλλ’
1363 3268 1491 3348 αθσχρδν

301 3371 371 3444 τοὺς
395 3373 462 3451 περ)
486 3373 685 3454 πραγμάτων
709 3375 874 3444 ἕπθςασθαι
898 3373 1128 3452 βουλεύσασθαι
1153 3374 1317 3445 δοκοῦντας
1348 3372 1490 3454 προέχειν

302 3473 392 3552 ἧττον
423 3479 585 3545 Ὀλυνθίων
615 3483 649 3545 τὸ
674 3479 830 3561 συμφέρον
854 3478 973 3552 εἰδότας
995 3479 1136 3562 ὀφθῆναι.
1182 3478 1307 3544 Ulumc
1329 3499 1402 3566 pars
1424 3500 1490 3544 mu·

301 3584 416 3650 nifesto
448 3584 507 3651 siit
537 3587 668 3652 vitium.
713 3585 878 3651 Bekkerus
906 3586 945 3651 de
976 3606 1033 3650 suo
1063 3586 1106 3665 τῷ
1136 3585 1276 3651 rddidit:
1312 3584 1383 3658 τοὺς
1421 3585 1489 3672 (τῷ)

303 3727 344 3737 -
364 3691 514 3772 προέχειν.
563 3690 682 3757 Melius
713 3693 775 3756 erit
809 3691 950 3773 προέχειν
981 3711 1172 3778 expungere.
1221 3688 1411 3755 Rectissime
1445 3691 1490 3754 sie

301 3793 424 3862 dictum
456 3799 534 3863 erit:
566 3798 637 3869 τοὺς
668 3795 735 3876 περὶ
767 3796 965 3878 πραγμάτων
994 3797 1159 3864 ε’πθςασθαι
1184 3795 1414 3873 βουλεύσασθαι
1440 3794 1490 3858 δο·

301 3905 446 3981 κοῦντας,
470 3902 505 3968 id
528 3908 577 3969 est
600 3902 669 3975 τοὺς
694 3902 743 3968 ἐπὶ
768 3906 810 3985 τῷ
835 3901 868 3970 εὖ
891 3902 1095 3984 βουλεύεσθαι
1119 3901 1367 3980 εὐδοκιμοῦντας.

343 4113 461 4180 Misere
480 4113 683 4199 perturbatus
701 4113 789 4178 locus
808 4119 856 4180 est
875 4134 948 4202 pag.
970 4111 1046 4178 659.
1069 4112 1098 4177 1.
1119 4117 1208 4179 τοῦτο
1228 4110 1263 4174 τὸ
1282 4109 1488 4192 παράδειγμα

298 4217 473 4297 ἑορακότες,
499 4218 538 4282 θον
561 4218 627 4296 ἐμοὶ
652 4228 716 4284 ΜΗ
742 4221 903 4298 πεισθῆτε,
925 4256 966 4268 -
984 4217 1098 4292 ἔκεθνην
1123 4222 1178 4293 την
1201 4219 1285 4288 πθςιν
1304 4215 1488 4293 βουλήσεσθ’

297 4321 382 4406 ἔχειν
413 4322 503 4410 θὶνπερ
532 4324 613 4408 φασὶ
645 4325 716 4407 πρὸς
750 4323 1012 4405 Λακεδαιμονθονς
1049 4330 1119 4391 ποτ’
1155 4325 1251 4391 εἰπεῖν
1288 4321 1487 4405 Φιλοκράτην.
