3372 5192
904 335 970 404 560

275 547 278 554 “
333 529 427 613 piiae
455 527 647 612 repetitarum
669 533 697 591 et
719 533 880 611 opportune
903 525 1143 610 interpositarum
1165 527 1291 610 mirifice
1313 527 1453 604 detestat,
1477 525 1530 590 sed

339 643 368 698 et
384 635 589 721 popularitate
612 641 700 720 atque
720 632 864 696 varietate
886 631 1046 712 imeqiuum
1070 639 1098 696 et
1116 633 1276 696 dictionem
1300 633 1397 716 capit:
1415 656 1473 720 quo
1492 633 1528 696 de

334 763 443 823 perere
472 747 515 804 ert
546 738 692 805 seulenm
722 758 867 804 exserens
898 740 1038 822 scorpius
1069 741 1102 802 st
1130 737 1295 803 subletum
1324 759 1401 804 eum
1432 740 1528 802 minis

339 838 579 924 circumferens,
610 846 680 909 item
710 842 1027 924 ουνδιαβαπτίζετθαι
1055 851 1083 906 et
1105 843 1272 922 μουχειίειν
1296 852 1325 908 et
1347 865 1528 924 τεταριχευ-

338 950 428 1030 μένος
451 953 569 1036 otiaque
587 950 635 1014 tie
652 950 779 1033 similia,
799 971 874 1035 quae
893 949 945 1034 qui
958 947 1092 1030 φορτικοί
1109 949 1214 1034 aiunt,
1226 971 1337 1032 paream
1356 951 1438 1014 abest
1456 949 1528 1036 quin

338 1079 389 1138 eqo
415 1057 494 1119 aiam
516 1057 648 1138 desipere
669 1062 698 1118 et
721 1055 904 1140 eloquentiae
925 1061 1062 1118 uetur-am
1085 1055 1225 1136 iquorare
1244 1061 1345 1138 pastor
1367 1056 1401 1119 ire
1425 1057 1528 1118 umbro

334 1163 610 1245 qrammatieoruoe,
640 1160 693 1246 qui
724 1183 789 1224 οινοι
813 1183 870 1243 per
899 1183 1007 1224 omrem
1040 1167 1163 1224 oetatem
1194 1161 1276 1224 sitit
1301 1183 1360 1224 ιιοιι
1384 1163 1526 1225 minutum

338 1290 431 1354 oeque
453 1267 585 1330 ieiunum
604 1265 780 1348 οορίίοιθιιί,
793 1265 940 1348 flaqitare
958 1267 1069 1330 auderet
1087 1273 1121 1329 ut
1140 1275 1270 1330 nostrum
1290 1274 1319 1332 et
1338 1267 1375 1331 de
1394 1267 1528 1332 oratione

338 1382 367 1438 et
390 1375 427 1437 de
449 1371 578 1436 diotiooe
600 1371 745 1434 iudicium
767 1372 904 1435 sordidus
927 1393 1024 1435 eorum
1042 1371 1312 1436 oeeommodereue.”
1357 1371 1525 1438 Eximinm

339 1481 424 1545 hune
447 1477 554 1544 loeum
579 1480 638 1542 etsi
662 1476 770 1562 paullo
793 1477 971 1564 longiorem
994 1496 1054 1542 non
1080 1499 1153 1542 sum
1175 1483 1329 1565 ματαίου
1354 1479 1527 1544 describere

340 1585 527 1671 praesertim
551 1585 585 1647 in
609 1585 772 1648 iuniorum
794 1586 953 1669 gretiam,
977 1587 1014 1648 ut
1037 1583 1111 1648 inde
1129 1584 1252 1649 diseunt
1268 1589 1406 1649 oratores
1423 1583 1529 1672 legere

340 1695 373 1756 et
403 1690 604 1774 interpretari
636 1687 736 1772 deque
759 1707 867 1752 eorum
891 1690 1017 1773 seriptis
1040 1689 1120 1754 ferre
1142 1691 1343 1754 sententiam.
1390 1689 1530 1774 Lepidus

340 1800 389 1860 est
415 1793 566 1859 Reiskius
588 1799 651 1864 τοῖς
674 1802 906 1873 γραμματικοῖς
930 1793 1224 1876 διαβαττιζίμενος,
1249 1815 1327 1880 quoe
1348 1795 1471 1860 multoe
1496 1795 1529 1858 in

340 1903 409 1966 vita
432 1905 465 1965 st
486 1899 697 1980 μικροψύχους
723 1899 895 1965 admodum
918 1905 950 1965 st
973 1901 1007 1964 in
1026 1921 1059 1965 se
1078 1903 1260 1986 periniquos
1280 1904 1428 1986 expertus
1447 1903 1527 1965 erut:

341 2003 419 2081 ioue
441 2005 467 2069 δ’
491 2007 524 2069 οὐ
549 2005 665 2076 πνίντες
688 2005 787 2070 κακοί.

385 2213 536 2280 Studium
567 2213 649 2279 illud
682 2213 923 2300 popularitatis,
954 2235 1034 2301 quse
1066 2237 1128 2280 non
1148 2219 1257 2281 minus
1291 2218 1324 2280 in
1347 2217 1529 2290 sententiis,

341 2322 558 2408 argumentis,
590 2319 745 2406 exemplis
775 2327 808 2386 et
837 2322 1126 2406 comparationibus
1149 2343 1187 2387 ex
1212 2325 1297 2386 vitoe
1319 2343 1380 2386 usu
1401 2323 1527 2407 petitis,

341 2446 437 2512 quem
468 2428 503 2490 in
534 2425 672 2492 diutione
701 2431 733 2491 et
762 2427 867 2492 verbis
891 2428 1047 2503 cernitur,
1072 2427 1158 2492 idem
1183 2431 1312 2512 sppsret
1332 2431 1366 2492 in
1390 2413 1533 2491 oratione*

340 2533 413 2596 κατ’
444 2531 682 2610 Ἀριςογείτονος
713 2537 808 2616 utque
838 2535 871 2596 in
900 2534 942 2596 iis
972 2552 1052 2617 quae
1081 2537 1189 2597 nostre
1211 2535 1368 2597 memorie
1390 2537 1530 2616 repertae

340 2642 415 2702 sunt
447 2638 518 2716 ὑπὲρ
546 2634 741 2712 Εὐξενίππου
764 2643 797 2702 et
820 2641 969 2722 caeteris,
993 2658 1071 2724 quss
1095 2659 1162 2703 esse
1185 2637 1385 2724 Hyperideas
1409 2640 1531 2702 constet

339 2745 423 2808 inter
463 2762 583 2807 omnes.
655 2742 702 2807 Ut
736 2743 961 2828 Euxenippum
996 2743 1165 2809 defendens
1200 2746 1245 2808 sie
1280 2743 1420 2808 orditur:
1457 2742 1530 2806 αλλ’

341 2845 462 2930 ἔγωγε,
495 2843 515 2910 ὦ
548 2845 651 2934 ἄνδρες
684 2848 825 2924 ernest,
857 2847 930 2929 irrep
962 2855 1014 2913 καί
1046 2849 1118 2929 πρὸς
1151 2848 1220 2920 τοὺς
1256 2847 1530 2928 παρακαθημένους

341 2953 449 3035 οὶρτίοις
487 2951 614 3030 ἔλεγον,
651 2955 798 3036 θαυμοίζυ
835 2957 860 3018 εί
896 2957 940 3032 μὴ
976 2957 1176 3034 προοίςαντοιι
1211 2957 1281 3032 ὑμῖν
1317 2956 1350 3018 αἱ
1388 2959 1529 3019 τοιαῦται

342 3059 561 3143 είοαγγελίαι,
585 3062 631 3125 sio
654 3061 906 3148 Aristogitonem
930 3081 1078 3126 accusans
1099 3047 1148 3125 its
1164 3063 1295 3146 insipit:
1316 3057 1417 3124 πιίλαι
1438 3060 1530 3134 καθιί-

340 3189 446 3244 μενος,
478 3162 500 3229 ὦ
530 3163 634 3246 ἄνδρες
668 3167 811 3243 ornaret,
836 3167 888 3230 καί
914 3173 1152 3248 κατηγοροῦντος
1177 3167 1293 3231 ἀκούων
1317 3163 1418 3246 ὥσπερ
1443 3167 1530 3241 ὑμεῖς

340 3271 518 3352 Λυκούργου
543 3265 573 3338 ἓν
596 3273 783 3350 τεθαύμακα
807 3274 871 3338 κτὲ.
919 3273 1004 3354 Quid
1027 3273 1126 3339 simul
1149 3277 1256 3339 verius
1281 3277 1329 3337 est
1352 3277 1385 3336 et
1404 3270 1532 3335 eviden-

340 3381 406 3444 tius
436 3399 533 3464 quum
564 3377 647 3463 quod
677 3381 788 3444 statim
822 3379 861 3443 ab
891 3381 983 3444 initio
1012 3380 1110 3444 dixit:
1143 3380 1295 3460 κεκρίσθαι
1327 3377 1362 3442 τί
1394 3379 1531 3457 πρᾶγμα

331 3591 442 3678 socero
472 3591 514 3654 at
540 3613 620 3654 rem.-
652 3591 677 3653 εί
709 3589 767 3666 μίν
796 3591 869 3653 είοιν
902 3592 982 3668 ὑμῶν
1013 3592 1039 3655 oi
1070 3599 1192 3660 πλεῖςοι
1222 3586 1274 3655 οἷοι
1297 3589 1367 3660 τοὺς
1391 3587 1531 3667 πονηροὺς

339 3701 445 3778 φιλεῖν
466 3697 613 3779 (inquit),
637 3695 731 3758 motta
755 3696 842 3758 verto
860 3697 1057 3782 nequidquam
1069 3699 1245 3780 perdemus,
1266 3695 1291 3759 εί
1305 3695 1331 3759 δ’
1344 3689 1395 3760 aior
1415 3699 1532 3771 μισεῖν,

339 3803 421 3866 toruo
444 3801 592 3884 inprobus
614 3801 699 3864 dabit
719 3799 857 3883 poenas.”

299 3975 301 3980 ,
384 3906 443 3972 Est
472 3925 583 3991 operse
607 3908 746 3990 pretium
771 3927 808 3971 es
831 3925 911 3990 quae
934 3905 1114 3994 Hyperides
1138 3912 1229 3971 ceute
1253 3905 1426 3971 admodum
1451 3905 1534 3969 dixit

341 4011 408 4091 περί
432 4019 485 4086 τῆς
512 4011 594 4074 ἐνίων
617 4013 835 4091 Φιλοποννρίαο
860 4031 1046 4098 componere
1066 4034 1139 4078 eum
1160 4011 1369 4098 Theophrasti
1389 4031 1455 4097 ουρ.
1478 4009 1533 4075 29.

340 4119 397 4183 ubi
421 4117 539 4182 dieitur
562 4116 575 4178 ὅ
599 4117 800 4198 Φιλοπίννρος
823 4120 855 4182 in
881 4117 1011 4184 oonsilio
1034 4119 1144 4184 sedens
1168 4120 1240 4200 πρὸς
1261 4119 1330 4188 τοὺς
1354 4117 1535 4198 παρακαθη-

341 4224 449 4302 μένους
480 4223 576 4286 εἰπεῖν
608 4222 700 4296 δεινὸς
728 4225 767 4298 ὦς
791 4225 823 4288 οὖ
848 4223 896 4288 δεῖ
915 4224 966 4288 τὸν
990 4223 1083 4304 ἄνδρα
1109 4226 1197 4290 οίλλίι
1221 4225 1256 4289 τὸ
1280 4227 1419 4304 πρᾶγμα
1443 4223 1534 4302 κρίνε-

341 4327 427 4391 οθαι·
463 4327 514 4390 καί
549 4335 650 4406 tirou
686 4329 779 4395 αὐτὸν
814 4329 891 4394 κείνα
925 4325 1001 4394 είναι
1033 4336 1088 4395 τοῦ
1118 4331 1232 4408 δήμου,
1263 4327 1439 4412 φυλάττειν
1471 4329 1535 4407 γὰρ

343 4430 438 4498 αὐτὸν
461 4431 530 4504 τοὺς
555 4434 750 4507 ἀδικοῦντας·
776 4435 828 4498 καί
855 4437 951 4501 εἰπεῖν
974 4439 1013 4510 ὥς
1038 4438 1126 4518 ,,οθχ
1149 4435 1258 4515 ἕξομεν
1280 4435 1350 4508 τοὺς
1376 4435 1450 4516 ὑπὲρ
1477 4439 1536 4500 τῶν
