3208 5158
651 373 715 444 175

101 559 294 637 ΜεσσοοίΓνς.
321 568 353 628 et
377 563 461 648 apud
485 561 590 628 fichol.
614 562 759 650 Thucyd.
784 561 839 630 IV.
863 561 894 628 8.
919 563 1008 645 λόχοι
1027 559 1279 640 Λακεδαιμονίων

101 667 185 731 πέντε
216 669 377 744 Αίδῶλισς,
409 669 519 744 Σίννς,
549 667 703 744 Σαρίνας,
728 669 851 740 Πλιίας,
878 667 1053 744 Μεσσιίπνρς.
1105 667 1280 751 Utrobique

101 772 288 848 ΜεσσσάΤνς
320 775 554 861 reponendum,
585 776 763 860 arogione
786 775 873 842 urbis
896 773 1045 861 Spartae,
1071 778 1124 839 oui
1147 771 1278 838 Μεσσόα

101 898 218 944 nomen.

141 1075 216 1161 Peg.
241 1071 318 1137 365.
344 1075 369 1138 οί
393 1074 424 1138 δέ
443 1075 595 1158 (Δωριεῖς)
618 1075 833 1154 κατασχόντες
855 1076 910 1147 τὴν
932 1073 1110 1144 Λακωνικὴν
1125 1080 1195 1136 ΚΑΙ
1209 1076 1280 1135 κατ’

102 1181 195 1258 ἀρχὰς
230 1181 287 1256 μὲν
323 1179 524 1260 ἐσωφρόνουν,
555 1181 621 1244 ἐπεὶ
655 1181 680 1243 δ’
714 1187 801 1244 OTN
834 1177 1001 1258 Λυκούργῳ
1032 1181 1087 1252 τίρν
1122 1176 1281 1242 πολιτείαν

102 1287 267 1364 ἐπέτρεψαν
298 1288 440 1348 τοσοῦτον
475 1283 702 1363 ὑπερεβάλοντο
737 1286 806 1354 τοὺς
840 1282 973 1359 ἀλλους,
1010 1281 1068 1351 ἐίςε
1105 1282 1188 1361 μόνοι
1223 1287 1282 1346 τῶν

102 1391 247 1464 Ἑλλήνων
279 1390 332 1454 καί
364 1397 422 1466 γῆς
455 1391 506 1454 καί
540 1390 699 1465 θαλάττης
732 1388 875 1468 ἐπῆρξαν.
922 1388 965 1453 Et
996 1410 1046 1456 res
1069 1391 1138 1473 ipsa
1159 1393 1190 1452 et
1214 1408 1282 1453 ver·

103 1498 206 1561 borum
230 1499 418 1580 compositio
440 1495 546 1560 labem
570 1502 718 1584 arguunt.
766 1496 922 1581 Exporge
945 1493 1117 1560 molestum
1137 1493 1192 1557 καί
1208 1513 1282 1558 cum

103 1599 209 1678 Corae,
245 1608 278 1666 et
312 1604 419 1688 cogita
454 1623 532 1685 quae
568 1602 646 1667 olim
676 1602 774 1666 fuerit
805 1602 970 1684 oppositio.
1017 1599 1140 1664 Notum
1172 1595 1220 1662 cst'
1243 1619 1283 1663 ex
1381 1635 1392 1658 .

102 1707 225 1772 historia
253 1713 326 1772 ante
355 1706 543 1794 Lycurgum
575 1706 722 1791 Spartam
757 1707 860 1770 turbis
894 1704 1044 1770 civilibus
1080 1704 1283 1770 vehementer

103 1811 260 1877 laborasse.
306 1811 498 1877 Plutarchus
521 1815 555 1876 in
577 1813 703 1896 Ιοροιινρ.
725 1833 791 1896 cap.
815 1810 845 1878 7.
867 1816 939 1875 ante
961 1809 1146 1897 Lycurgum
1168 1809 1281 1886 ἀνομία

103 1919 150 1980 καί
180 1916 300 1994 ἀταξία
327 1916 466 1996 κατέσχε
490 1918 545 1989 τὴν
572 1916 793 1994 Σπάρπννῖπί
819 1919 915 1980 πολὺν
939 1915 1056 1995 χρόνον.
1103 1914 1284 1979 Herodotus

104 2023 126 2086 l.
151 2021 200 2087 65.
240 2022 502 2106 (Λακεδαιμόνιοι)
529 2024 775 2098 κακονομώτατοι
797 2019 874 2096 ἦσαν
892 2022 1003 2102 σχεδόν
1024 2021 1146 2086 πείνπων
1166 2019 1282 2092 Ἑλλή-

105 2154 152 2194 νων
182 2129 266 2192 ιιαπά
296 2153 331 2192 τε
356 2128 456 2204 σφέας
484 2129 594 2198 αὐτοὺς
620 2128 671 2191 καί
698 2128 817 2204 ξείνοισι
840 2127 1051 2204 ἀπρόσμικτοι.
1100 2124 1205 2210 Reges
1228 2127 1284 2187 aut

105 2237 288 2319 impotenter
326 2233 589 2316 dominabantur,
625 2240 681 2298 aut
714 2233 808 2298 malis
844 2233 965 2298 artibus
1000 2230 1109 2316 populi
1144 2231 1283 2316 gratiam

106 2341 265 2424 captabant
293 2341 327 2421 Ι).
362 2337 458 2402 Pater
480 2341 547 2422 ipse
571 2337 713 2426 Lycurgi
731 2341 765 2402 in
785 2340 855 2402 rixa
874 2337 975 2402 cultro
994 2355 1159 2421 percussus
1178 2335 1283 2418 periit.

105 2445 260 2510 Plutarch.
293 2443 315 2508 l.
340 2443 360 2506 l.
393 2442 479 2507 Hinc
510 2443 601 2508 facile
634 2444 767 2532 colligas
798 2445 1027 2528 oppositionem
1058 2444 1091 2503 in
1122 2437 1286 2504 Strabonis

105 2549 167 2616 loeo
196 2551 277 2614 hanc
308 2547 387 2614 olim
418 2549 528 2612 fuisse:
562 2551 635 2613 κατ’
666 2550 770 2630 ἀρχάς
800 2551 856 2626 μέν
883 2557 966 2610 OTK
992 2544 1193 2624 ἐσωφρόνουν,
1219 2543 1283 2607 ἐπεὶ

107 2665 157 2718 ΔΕ
179 2657 343 2734 Λυκούργῳ
367 2655 421 2728 τὴν
445 2655 604 2718 πολιτείαν
629 2653 825 2733 ἐπέτρεψαν,
848 2655 910 2716 nisi
935 2651 1018 2738 quod
1040 2672 1097 2736 pro
1121 2653 1175 2723 ubo
1200 2663 1286 2712 πολι-

106 2777 182 2840 τείαν
207 2776 394 2842 Strabonem
418 2777 577 2859 scripsisse
600 2777 655 2842 πλν
680 2775 787 2840 πόλΙΝ
815 2756 882 2860 (πό)
906 2775 1057 2857 suspicor.

146 2985 255 3052 Strabo
277 3006 352 3072 pag.
378 2982 457 3050 866.
484 3005 522 3048 er
545 2983 670 3067 Ephoro
693 2983 771 3046 haec
790 2985 914 3046 narrat:
937 2980 1055 3050 ἐκείνοις
1080 2979 1286 3064 (Eurysthcni

107 3097 135 3154 et
163 3091 279 3170 Procli)
313 3092 344 3154 δέ
371 3091 482 3168 καίπερ
506 3090 635 3160 clarecit
659 3086 829 3166 γενομένοις
853 3087 933 3162 μηδὲ
955 3091 1044 3150 τοῦτο
1066 3085 1204 3150 δεδόσόοιι
1229 3081 1286 3150 όίςε

107 3199 168 3268 ποὺς
192 3199 248 3261 ἀπ’
273 3199 371 3260 αὐτῶν
395 3196 465 3266 τοὺς
487 3195 545 3272 μὲν
568 3194 805 3273 Εὐρυσίενίδας,
837 3191 1025 3274 (describam
1049 3191 1171 3276 reliqua
1193 3196 1231 3253 ut
1253 3191 1287 3252 in

108 3297 213 3367 (lodice
234 3302 379 3368 Parisino
403 3311 431 3364 A
456 3303 572 3383 scripta
599 3306 673 3363 sunt
695 3320 770 3364 cum
794 3297 981 3363 lacunarum
1004 3292 1257 3379 supplementis).

109 3406 135 3470 l.
179 3409 246 3480 τοὺς
293 3409 324 3471 δὲ
367 3407 547 3485 προκλείδας
590 3407 751 3470 καλεῖσθαι
794 3405 895 3483 (ἀλλα
939 3402 1007 3471 τοὺς
1049 3399 1118 3484 μέν)

109 3510 134 3575 2.
179 3514 291 3590 ἀγιδας
305 3511 367 3577 ἀπὸ
382 3509 488 3589 ἀγιδσς
503 3513 555 3574 τοῦ
568 3512 754 3589 εὐρυσίένους
767 3511 836 3580 τοὺς
851 3508 895 3594 δ(ἐ
909 3505 1074 3588 εὐρύποδας
1087 3506 1121 3590 ἀ)

111 3615 139 3680 3.
182 3621 219 3682 πὸ
240 3622 422 3696 εὖρυπῶντσς
442 3621 495 3680 τοῦ
520 3617 679 3694 προκλέους
704 3615 774 3686 τοὺς
798 3613 854 3692 μὲν
877 3613 953 3693 (γάρ
976 3611 1126 3693 βασιλεῦ)

109 3723 138 3786 4.
182 3748 232 3788 σαι
265 3725 407 3797 δικαίως,
442 3723 510 3793 τοὺς
543 3723 573 3786 δέ
607 3721 788 3799 δεξαμένους
820 3720 989 3802 ἐπίιίλυδας
1022 3717 1128 3800 estse)

110 3827 136 3890 5.
181 3853 251 3901 πους
286 3829 324 3894 δι’
359 3827 477 3892 ἐκείνων
507 3827 701 3893 δυναςεῦσαι.
732 3825 810 3911 ἀίείν
842 3825 900 3889 οὐδ’
932 3823 1130 3909 ἀρχηγέτας)

111 3929 139 3998 6.
182 3937 370 4010 νομισθῆναι,
391 3929 462 4013 ὅπερ
483 3936 577 3995 πιῖσιν
599 3931 789 4019 ἀποδίδοπα(ι
811 3939 872 4004 τοῖς
895 3933 1023 4000 οίκιπαίς
1045 3931 1124 4014 παν)

112 4036 139 4100 7.
182 4041 288 4104 πανίαν
319 4062 354 4104 τε
386 4045 444 4104 τῶν
467 4038 631 4118 εὖρυποδῶν
654 4035 841 4124 έκπεσόν(τα
864 4036 974 4108 ἀδίκως
998 4035 1033 4098 ἐκ
1055 4035 1124 4120 τῆς)

111 4209 293 4220 —-—-—-..-—.

144 4295 168 4362 l)
192 4299 309 4348 Scribltnr
331 4299 393 4364 apud
418 4299 483 4349 Plut.
509 4299 574 4360 ίίβρει
600 4297 644 4357 μέν
669 4301 718 4346 τῶν
743 4295 862 4358 βασιλέων
888 4294 929 4344 σίιιι
951 4291 1068 4363 είπειθιίρι
1087 4295 1113 4346 δέ
1132 4301 1181 4346 τῶν
1199 4295 1290 4360 'lxm

116 4383 169 4450 ἶνες.
189 4389 306 4448 βασιλέων
330 4387 453 4452 Ἀπιιίείᾳ
476 4384 510 4436 δέ.
549 4388 679 4452 Postquam
704 4391 763 4436 noto
787 4395 866 4436 errore
885 4384 1003 4454 ιάπιιίιίᾳ
1022 4386 1137 4452 scripturn
1154 4391 1190 4436 est
1205 4387 1291 4452 uliquis

113 4469 148 4520 ἀι
164 4477 256 4528 nuuc.
