3232 5176
137 543 213 634 Pag.
238 545 316 613 307.
351 546 430 613 ὥστε
464 549 516 614 καὶ
549 557 701 614 ΠΗΛΟΝ
739 547 815 614 εἶναι
852 551 903 616 arei
942 551 1014 614 όδόν.
1063 549 1284 638 Frigidiasime

97 653 257 718 emendant
283 655 335 720 arti
360 665 511 721 linotet
537 657 587 718 κα)
612 655 684 719 όδόν.
733 655 819 722 Soita
839 665 887 722 ast
906 657 1066 742 Madvigii
1088 663 1284 723 coniectura:

96 756 146 825 tice
170 764 220 822 καὶ
248 770 446 833 tiarati-210⁹
471 757 546 826 εἶναι
569 763 651 824 καθ’
673 761 746 825 όδόν.
796 764 947 826 Plaustra
965 785 1043 824 mare
1072 763 1285 843 σοαρόσσίοόυυι

96 871 242 930 transeunt
272 885 314 932 nr
337 883 395 932 nsr
423 884 457 930 ru
480 884 535 931 vm
558 883 720 942 causans,
750 867 835 932 haud
858 889 947 933 secus
969 881 1063 952 atque
1085 870 1119 932 in
1143 872 1283 934 terrestri

96 973 209 1037 itinere.

136 1151 212 1241 Pag.
227 1151 306 1217 311.
331 1152 478 1218 Λεύκωνα
501 1152 531 1216 δέ
555 1158 653 1230 Φασιν
677 1151 710 1216 ἓν
739 1161 794 1226 τῆς
820 1153 984 1224 Θεοδοσόας
1009 1154 1179 1228 Ἀόηναόοις
1204 1155 1282 1233 πόμ-

95 1265 150 1338 ψιιι
171 1259 325 1337 μυριοόδοις
344 1258 496 1336 μεδίμνων
518 1259 675 1323 διακοσίας
695 1259 747 1324 καὶ
768 1259 853 1324 δέκα.
878 1258 915 1324 Iu
933 1260 1024 1326 libris
1044 1267 1093 1325 est
1114 1261 1281 1326 διακοσόωνε

95 1367 125 1428 in
146 1363 294 1450 Epitoma
323 1367 349 1430 ιέ
380 1365 483 1431 idest
507 1365 743 1429 πεντεκαίδεκα.
790 1365 911 1431 Neuter
935 1387 1086 1430 numerus
1109 1367 1282 1452 probabilis

96 1477 153 1546 est,
184 1471 266 1536 alter
296 1474 381 1537 enim
413 1478 461 1536 est
489 1473 573 1536 iusto
604 1472 723 1549 minor,
755 1470 836 1536 alter
867 1491 995 1536 omnem
1027 1471 1123 1537 fidem
1146 1473 1281 1540 excedit.

96 1573 188 1660 Opem
216 1579 298 1643 feret
329 1577 575 1660 Demosthenes,
606 1597 701 1661 quem
732 1576 819 1642 haud
851 1576 946 1642 dubie
974 1580 1008 1642 in
1038 1578 1088 1644 his
1119 1575 1282 1646 auctorem

96 1679 200 1748 Strabo
224 1686 381 1768 sequitur,
407 1686 440 1746 in
463 1690 537 1748 uota
561 1683 629 1747 loeo
647 1683 806 1766 septimae
829 1704 902 1771 pag.
919 1680 996 1747 467.
1017 1685 1051 1748 ai
1072 1687 1145 1765 παρ’
1170 1687 1281 1751 ἐκείνου

96 1788 156 1870 (τοῦ
188 1791 360 1874 Λεύκωνος)
390 1790 468 1868 δεῦρ’
499 1789 721 1869 ἀφικνούμεναι
746 1790 831 1852 σι’σου
855 1789 999 1868 μυριάδες
1023 1791 1090 1870 νιερδ
1116 1799 1282 1857 ΤΕΤΤΑ·

99 1908 293 1967 ΡλΚΟΝΤΑ
320 1903 404 1967 εἰσίν.
452 1899 635 1966 Reddamus
658 1904 760 1988 igitur
782 1900 944 1967 Straboni:
970 1903 1097 1980 πέμψαι
1123 1893 1280 1985 aduena-

98 2005 146 2076 δας
176 2008 348 2084 μεδίμνων.
381 2008 414 2073 id
441 2012 489 2072 est
518 2007 751 2083 τετταράκοντα
788 2006 958 2088 μυριόδας,
985 2015 1018 2073 et
1045 2030 1216 2075 numerum
1240 2012 1279 2076 ab

97 2122 259 2180 correctore
283 2112 467 2198 suppletum
490 2133 721 2200 expungamus.

136 2295 212 2384 Pag.
238 2295 314 2363 327.
340 2295 565 2368 καταλυθείσης
590 2297 621 2360 δὲ
645 2302 700 2369 τῆς
726 2294 909 2359 Μακεδόνων
940 2297 1040 2375 όρχῆς
1067 2296 1124 2361 tet
1148 2299 1278 2375 'repet-

100 2410 161 2467 Olc
184 2402 299 2468 ἔπεσεν.
335 2401 465 2468 Soloeca
489 2402 565 2466 haee
589 2405 688 2466 oratio
712 2407 759 2466 est
783 2407 815 2466 et
838 2399 927 2466 nullo
950 2402 1045 2467 modo
1069 2401 1205 2469 ferenda.
1236 2405 1279 2470 at

98 2517 174 2573 certa
203 2508 393 2576 Graecitatis
423 2511 504 2574 ratio
533 2513 565 2572 et
589 2512 733 2573 constans
756 2507 881 2573 dicendi
903 2528 980 2572 usus
1003 2508 1137 2573 suadent
1158 2519 1196 2574 ut
1220 2510 1277 2575 ύσό

98 2612 286 2690 ῬαμαόΟΤΕ
312 2621 491 2699 reponatur.

139 2791 259 2862 Sinam
282 2817 356 2883 pag.
382 2793 457 2861 327.
490 2797 504 2860 ό
528 2795 555 2860 δ’
579 2795 731 2868 Ἡσίοδος·

247 2903 391 2976 Δωδώνην
414 2904 518 2980 Φηηόν
543 2925 576 2966 σε
601 2906 775 2978 Πελασγῶν
798 2897 915 2979 ἕδρανον
933 2899 1050 2970 'Heli

101 3011 250 3095 corrigunt
273 3007 343 3089 der,
368 3008 422 3073 sed
450 3029 550 3093 neque
574 3005 624 3088 ᾖεν
647 3007 784 3092 Epieum
812 3013 859 3071 est
882 3008 936 3073 sed
960 3008 1040 3084 ἤϊεν,
1066 3012 1098 3072 et
1121 3009 1278 3075 sententia

102 3109 179 3178 aliud
199 3115 274 3200 puid
298 3113 456 3200 postulat,
478 3134 592 3198 nempe
615 3109 745 3178 '‘lKeN.

140 3292 214 3383 Pag.
237 3295 313 3360 338.
347 3297 466 3371 ηαύση
492 3289 566 3358 οὖσα
590 3304 627 3376 τῇ
654 3294 787 3376 Βοιωνοόρι
814 3295 879 3380 (την
903 3295 965 3372 pap
990 3290 1099 3366 Οἰνόην
1124 3291 1199 3358 οὕτω
1222 3318 1277 3358 κα·

103 3409 160 3463 teir
181 3405 337 3486 εἰώθασιν).
382 3400 590 3466 scribendum
614 3410 652 3481 τῇ
678 3401 789 3483 Barsipa.
826 3399 989 3464 Elidenses
1008 3401 1093 3463 enim
1113 3398 1280 3486 digamma

102 3510 281 3574 retinuerant
304 3507 412 3576 fereda
435 3507 573 3598 dieentes
596 3511 629 3571 et
650 3506 734 3573 Ἑκδό
753 3510 785 3571 et
803 3505 939 3580 similia,
961 3525 1017 3589 pro
1037 3524 1099 3589 quo
1122 3515 1142 3567 B
1164 3505 1279 3570 substi-

103 3615 146 3676 tui
166 3615 258 3692 solet,
271 3622 308 3680 ut
325 3618 358 3678 in
377 3615 459 3692 βαδὺ
481 3613 555 3692 ὕδωρ
573 3619 605 3678 at
628 3611 742 3676 Βοινόα.
768 3609 926 3676 Similiter
948 3629 1022 3696 pag.
1041 3609 1106 3674 360
1144 3610 1278 3683 Οἴτυλός

105 3717 159 3786 trs·
183 3731 320 3787 καλεῖται
344 3723 372 3786 δ’
397 3721 455 3784 ὑπό
476 3743 562 3784 τινων
587 3720 747 3789 Βαότνλος.
780 3717 858 3805 Lag.
884 3720 1024 3788 Βοότνλος
1047 3736 1104 3802 pro
1122 3717 1279 3789 Ἑοόσυλσς.

143 3901 214 3994 Pag.
235 3905 311 3972 341.
343 3905 386 3984 σῷ
409 3906 561 3982 Ἡρακλεῖ
581 3906 788 3980 συςρασεῦσαι
813 3900 883 3972 σοὺς
911 3896 1051 3968 Ἐπειοὺς
1077 3895 1126 3960 tet
1152 3896 1279 3975 Αὐγέαν

105 4009 150 4072 asi
177 4020 371 4077 συνΑΝελεῑν
394 4010 478 4088 αὐτῷ
504 4009 554 4072 τόν
578 4032 612 4072 σε
637 4006 763 4082 Aeetes
789 4005 842 4070 καὶ
866 4005 920 4078 νην
939 3998 1045 4066 Ἦλιν.
1095 4011 1280 4069 Συνανελεῑν

105 4114 138 4179 de
158 4119 261 4207 Aegea
282 4119 345 4184 diei
367 4121 491 4202 potest,
517 4114 571 4180 sad
596 4113 634 4199 de
658 4113 748 4178 Elide
772 4117 840 4178 tota
868 4129 931 4175 non
952 4113 1066 4194 potest.
1114 4107 1198 4188 Quin
1221 4100 1281 4197 igi-

105 4227 150 4286 tur
170 4221 321 4313 legimus:
342 4224 394 4288 καὶ
414 4229 579 4287 ΟΤΝελεῖν
604 4239 660 4304 pro
676 4227 870 4292 casavetere,
889 4237 949 4279 υιιο
963 4213 1071 4298 cepisse
1084 4219 1116 4279 et
1132 4214 1280 4302 Augeam

105 4335 132 4390 et
151 4329 279 4398 Elidem.

540 4529 833 4548 Μ
