3392 5186
736 359 802 428 363

158 551 227 618 ubi
250 551 353 616 δύσειν
384 549 563 628 καταξέμεν
594 551 711 617 dicitur
732 558 770 617 ut
793 552 871 618 alibi
894 552 985 618 δῶκεν
1009 551 1099 631 ἄνειν
1122 562 1155 620 et
1180 555 1236 620 καί
1260 561 1358 636 σφωιν

164 659 220 732 δὸς
248 657 348 738 ἄγειν.

217 764 319 844 Φέρειν
341 765 438 830 habet
460 759 520 828 οἴσε
544 764 612 848 (pro
635 762 776 852 ἔνεγκε),
800 765 923 844 οἰσέτω,
947 764 1059 833 οἴσετε.

217 895 254 952 χ.
283 869 357 934 106.
395 865 456 934 οἶσε
480 868 561 934 ύέων.

217 998 255 1055 χ.
284 973 358 1040 481.
395 971 458 1040 οἰσε
482 975 586 1049 ύέειον,
611 977 700 1056 yonii.

218 1091 260 1146 T.
283 1079 359 1147 173.
394 1082 437 1145 τᾶ
460 1081 492 1145 δέ
516 1081 595 1162 δῶρα
619 1119 661 1130 -
689 1080 899 1161 Ἀγαμέμνων
926 1084 1046 1150 οἰσέτω.

220 1191 247 1252 ύ.
283 1185 359 1252 255.
396 1188 561 1268 Δήμοδύκῳ
585 1187 617 1252 δέ
639 1213 684 1261 τις
707 1226 749 1238 -
768 1189 938 1270 Φύρμινρα
959 1229 1001 1240 -
1021 1190 1139 1256 οἰσέτω.

221 1302 256 1359 Γ.
285 1290 360 1358 103.
396 1291 494 1356 οἴσετε
517 1291 613 1373 ιᾶρνε.

223 1410 261 1465 Ο.
288 1396 362 1464 718.
400 1397 498 1462 οἴσετε
522 1403 591 1478 πῦρ.

221 1531 248 1570 ιι.
283 1503 357 1570 154.
394 1503 518 1584 έρχεούε
541 1504 681 1583 κρήνηνδε
702 1503 756 1568 καί
780 1505 877 1572 οἴσετε
900 1509 1010 1573 ύᾶστον
1032 1511 1143 1574 ἰοῦσαι.

168 1613 262 1676 etin
285 1608 443 1676 infinitivo
466 1608 587 1688 οἰσέμεν
611 1615 643 1676 οἰ
666 1609 831 1689 οἰσέμεναι.

221 1741 256 1794 y.
281 1714 357 1781 429.
394 1715 505 1780 εἴπατε
525 1714 553 1780 δ’
580 1715 648 1781 εἴσω
673 1718 805 1797 δμῳῇσιν
826 1757 867 1766 -
888 1721 1008 1797 οἰσέμεν
1033 1718 1121 1800 ὕδωρ.

221 1832 257 1887 Γ.
284 1821 359 1888 120.
382 1820 461 1902 τᾶρι’
486 1821 623 1886 ἐκέλευεν
647 1823 829 1900 Οἰσέμεναι.

222 1938 264 1994 Ψ.
290 1925 364 1992 564.
391 1928 549 1994 ἐκέλευσεν
571 1929 679 2010 ἐταίρςι
705 1929 888 2007 Οἰσέμεναι.

222 2037 247 2098 ύ.
276 2031 350 2098 399.
377 2039 409 2099 ot
431 2058 460 2098 σ.
485 2033 563 2099 291.

222 2139 301 2221 δῶρα
325 2142 351 2204 δ’
376 2138 423 2219 ἄρ’
447 2139 602 2223 οἰσέμεναι
627 2138 758 2219 πρύεσαν
781 2142 898 2221 κήρυκα
921 2140 1069 2213 Ἑέκαςος.

221 2271 259 2324 μ.
288 2245 341 2312 10.
364 2247 487 2326 ε’τᾶροωτ
512 2246 613 2326 προΐειν
639 2245 824 2323 -οἰσέμεναι
849 2247 959 2326 νεκρύν.

222 2352 383 2417 Futurum
413 2349 482 2416 οἴσω
513 2352 610 2418 1ιείιεί
632 2351 746 2417 οἴσετον
768 2362 805 2418 Ε.
829 2351 905 2418 232.
931 2353 1051 2429 οἰσέμεν
1077 2363 1114 2419 Σ.
1141 2350 1220 2420 191.
1247 2359 1280 2418 et
1302 2373 1368 2418 cao

172 2463 261 2524 toras
282 2457 399 2524 formae
422 2460 551 2542 passim.

223 2563 364 2629 Eandem
395 2562 575 2650 analogiam
608 2564 693 2650 apud
723 2563 904 2630 Homerum
934 2570 1109 2650 sequuntur
1141 2564 1244 2642 δύσεο,
1269 2586 1369 2628 κατα-

174 2671 281 2746 δύσεο,
306 2669 508 2747 καταβήσεο,
534 2669 699 2749 ἐπιβήσεο,
722 2669 830 2747 λέξεο,
856 2669 938 2750 ἄρσεν
961 2676 994 2736 ct
1015 2669 1119 2751 ἄρσεν,
1146 2673 1232 2736 etin
1251 2669 1369 2734 indica·

173 2780 248 2842 tivo
271 2775 409 2849 ἐδύσετο,
435 2775 614 2854 ἄνεδύσετο,
636 2777 842 2861 κατεδύσετο,
864 2777 1040 2843 ὑπεδύσετο.
1064 2775 1214 2855 ἐβήσετο,
1236 2777 1367 2853 βήσετο,

175 2881 367 2959 ἐπεβήσετο,
408 2883 620 2960 κατεβήσετο,
657 2882 850 2958 ἄπεβήσετο.
897 2883 967 2949 Has
1001 2885 1103 2969 igitur
1136 2884 1370 2948 vetustissimas

175 2987 343 3054 Homerici
362 2989 516 3052 aermonia
539 2987 657 3052 formae
680 2987 803 3054 librarii
826 2994 911 3053 corto
934 2987 1050 3053 mendo
1069 2989 1184 3052 vitiare
1203 2991 1270 3053 iam
1290 2987 1369 3052 olim

176 3091 322 3160 solebant
351 3096 535 3176 reponentes
565 3113 604 3157 ex
634 3091 741 3158 fallaci
772 3093 921 3182 analogia
951 3103 980 3158 Α
1010 3113 1067 3178 pro
1097 3101 1121 3156 e
1146 3092 1197 3159 vel
1222 3101 1260 3158 0.
1307 3092 1370 3157 Pro

177 3195 289 3273 ἄξεσθε
320 3197 399 3275 βόας
426 3206 465 3261 Θ.
491 3195 565 3262 505.
591 3200 707 3283 optimi
730 3218 839 3264 omnes
863 3197 981 3274 ἄξασύε
1005 3198 1177 3282 dedorunt,
1203 3205 1313 3284 cipro
1336 3200 1370 3263 ἐκ

180 3304 287 3374 πύλιος
320 3303 347 3368 δ’
380 3299 487 3379 ἄξοντο
520 3303 600 3381 βύοις
626 3302 678 3388 (Θ.
705 3301 1260 3386 545.]0111116116111111ἄξαντο.
1308 3303 1371 3368 Pro

181 3409 281 3478 οἴσετε
311 3415 343 3475 et
373 3407 467 3486 ἄξετε
500 3409 547 3496 (Γ.
573 3407 637 3474 103
661 3416 694 3475 et
719 3408 808 3492 105.)
834 3430 897 3475 non
919 3409 1006 3474 deest
1029 3412 1119 3475 varia
1140 3409 1236 3475 lectio
1258 3407 1371 3473 οἰσΛτε

179 3522 215 3584 et
237 3513 355 3590 ἄξΛτε.
402 3515 438 3580 ln
461 3517 634 3582 Aristonici
657 3515 776 3581 scholio
800 3516 840 3581 ad
865 3525 901 3580 Θ.
926 3513 1001 3579 545.
1024 3518 1059 3578 in
1078 3526 1118 3580 Α.
1139 3521 1203 3580 eet:
1227 3515 1257 3598 (ή
1277 3515 1371 3588 διπλῆ

179 3619 241 3708 ύτι)
265 3621 301 3686 τὸ
326 3619 473 3698 ἄξΑντο
497 3623 529 3686 ού
555 3627 606 3686 τὸν
629 3622 789 3699 μέλλοντα
809 3620 952 3699 σήμαίνει
974 3621 1050 3684 ἄλλ’
1070 3621 1138 3684 ἄντῖ
1159 3625 1213 3685 τοῦ
1237 3618 1373 3697 οἴγοντο

182 3728 260 3816 (leg.
293 3725 471 3812 ήρᾶνοντο).
519 3724 675 3812 Compara
705 3727 847 3792 scholion
878 3726 919 3793 ad
943 3736 982 3791 Θ.
1007 3723 1082 3790 505.
1109 3727 1125 3800 ή
1149 3726 1243 3801 διπλῆ
1269 3721 1315 3790 ἴτι
1339 3727 1372 3790 ού

181 3837 342 3912 μέλλοντα
373 3836 514 3908 σήμαίνει
540 3833 574 3897 τί
599 3831 747 3908 ἄξεσύε
771 3835 846 3898 ἄλλ’
871 3833 901 3897 έν
924 3833 977 3914 ἴσῳ
1001 3833 1042 3912 τῷ
1067 3829 1196 3908 ἄγετε
1220 3838 1252 3896 ei
1275 3830 1315 3896 ad
1337 3841 1373 3896 Γ.

184 3938 259 4005 105.
284 3945 301 4016 ή
325 3942 418 4015 διπλῆ
442 3936 487 4003 ύτι
511 3943 545 4004 τί
577 3937 698 4013 ἄξετε
729 3941 762 4003 ού
786 3938 837 4002 τὸν
861 3937 1019 4015 μέλλοντα
1043 3937 1186 4010 σήμαίνει
1210 3937 1284 4001 ἄλλ’
1308 3936 1371 4001 ἴσον

184 4047 226 4126 τῷ
251 4044 389 4124 ἄγετε.
437 4045 520 4125 Quia
543 4041 687 4108 solebant
710 4041 832 4119 ἄξΑντο
856 4044 930 4109 dare
949 4044 1122 4108 sententiae
1141 4045 1243 4108 securi
1262 4045 1374 4108 etiam·

185 4173 267 4218 nuno
299 4152 454 4218 dederunt
480 4151 514 4214 τί
538 4149 663 4225 ἄξΑντο
689 4152 720 4214 ού
745 4149 795 4212 τὸν
818 4149 977 4226 μέλλοντα
1002 4148 1152 4225 σημαίνει.
1201 4147 1243 4214 Εἰ
1266 4147 1374 4227 ἄξοντο

185 4259 315 4343 quidem
340 4279 379 4322 ex
401 4257 502 4322 illotis
525 4256 699 4322 acribarum
723 4255 872 4319 manibus
896 4254 1040 4339 elapsum
1064 4261 1128 4338 eat,
1154 4254 1208 4319 sed
1236 4253 1374 4320 δύσοντο

185 4367 281 4450 periit
303 4373 344 4428 Ψ.
370 4361 446 4430 739.
472 4364 527 4429 ubi
551 4363 656 4428 editur
679 4381 719 4426 ex
742 4359 833 4427 libris
856 4361 1021 4428 omnibus:

369 4471 423 4532 καί
445 4473 469 4554 ῥ’
494 4465 738 4550 ἀπομορξαμένω
762 4467 860 4542 κονίιρν
884 4465 1023 4532 δύσΑντο
1044 4472 1190 4548 χιτῶνας.
