3358 5200
893 333 935 402 16

318 521 439 587 tionem
469 521 541 602 πρός
573 523 629 598 τὴν
649 522 799 598 ,έπιςολόρν
830 525 885 598 σὺν
918 523 1072 589 enimv
1102 522 1269 609 supposuit
1299 540 1399 606 quum
1429 521 1510 586 haee

318 648 358 692 ex
387 625 600 694 Demosthene
631 629 717 695 furto
748 631 920 716 surriperet
951 649 1024 717 pag.
1060 626 1135 694 158.
1170 625 1224 693 lo.
1257 629 1305 694 ita
1333 625 1438 692 dedit:
1466 627 1507 699 ὡς

317 729 404 805 όόπας
436 730 493 811 μέν
518 733 563 802 έςι
587 731 679 813 λόγος
703 733 838 813 μοόταιος
861 733 1001 816 πράξεσιν
1023 732 1145 816 ἄμοιρος
1168 731 1350 812 γενόμενος,
1374 731 1508 811 τοσούτῳ

317 837 349 903 δὲ
379 836 505 916 μόλιςα
537 837 551 901 ό
580 841 668 922 παρόν
690 847 745 915 τῆς
770 841 922 923 ἡμετέρας
944 838 1063 912 πόλεως
1086 835 1144 920 όσιρ
1165 839 1310 917 δοκοῦμεν
1333 837 1417 918 αὐτῷ
1438 859 1507 916 προ-

316 941 488 1024 χειρότατα
508 945 640 1024 χρῆσόαι
661 951 721 1011 τῶν
739 942 846 1012 ιῖλλιιν
864 945 1037 1024 Ἑλλήνων,
1057 946 1226 1032 inquibus
1245 947 1393 1030 antiquae
1411 943 1507 1028 sarip-

275 1091 277 1094 -
315 1054 407 1116 turae
436 1070 534 1136 quem
563 1053 765 1118 restituimus
794 1057 879 1118 oerte
908 1054 1047 1141 vestigia
1077 1054 1254 1137 supersunt
1300 1047 1437 1118 Μόλισα
1460 1083 1505 1098 -

316 1153 374 1238 όσρ
397 1155 450 1222 καὶ
474 1177 549 1222 oum
571 1155 766 1243 superlativo
788 1160 927 1244 optimos
949 1162 1046 1225 testes
1067 1161 1100 1222 et
1117 1159 1260 1222 auctores
1279 1155 1384 1222 habet.
1421 1152 1506 1220 Mot-

315 1261 402 1328 thiee
424 1261 452 1346 t.
477 1259 555 1326 462.
578 1260 641 1328 dno
663 1261 810 1348 exemplo
831 1284 871 1329 ex
892 1261 1080 1350 Thucydide
1100 1261 1228 1328 attulit:
1249 1259 1274 1325 1.
1288 1257 1342 1325 68.
1362 1260 1505 1338 προσήκει

317 1369 401 1444 ἡμᾶς
435 1367 496 1446 οὐχ
527 1363 619 1444 όκιςα
649 1368 746 1432 εἰπεῖν
776 1363 834 1450 όσῳ
865 1377 936 1434 ΚΑΙ
960 1367 1081 1447 μέγιςα
1105 1365 1299 1444 έρκλιόματα
1323 1361 1448 1444 ἔχομεν.
1472 1369 1506 1430 et

314 1469 356 1537 II.
381 1468 435 1538 47.
460 1471 546 1537 αὐτοὶ
569 1473 694 1550 μόλις-α
719 1472 856 1549 έόιιρσκον
880 1469 938 1555 όσςρ
957 1483 1029 1539 ΚΑΙ
1050 1471 1175 1552 μοόλιςα
1195 1479 1368 1553 προσῇσαν,
1389 1470 1506 1556 quibus

315 1576 397 1644 addo
427 1577 634 1644 simillimum
662 1579 769 1646 loonm
799 1578 1022 1646 Demosthenis
1044 1600 1118 1667 pag.
1142 1573 1220 1644 227.
1243 1575 1276 1642 8.
1299 1574 1424 1642 πόντον
1447 1577 1506 1653 μὲν

314 1682 378 1762 γὰρ
400 1683 615 1764 οέποςερεῖσόαι
639 1685 771 1765 λυπηρόν
796 1687 840 1755 ε’ςι
854 1723 897 1736 -
909 1685 1033 1764 μόλιςα
1057 1685 1090 1751 δὲ
1112 1690 1168 1760 τῆς
1191 1685 1265 1764 παρ’
1286 1684 1369 1761 ὑμῶν
1388 1681 1506 1756 εὐιοόας

315 1789 368 1854 καὶ
404 1788 636 1870 Φιλαιόραπόας
671 1786 786 1872 όσςιπιρ
816 1800 889 1858 ΚΑΙ
918 1793 954 1858 τὸ
985 1799 1096 1872 τυχεῖν
1125 1787 1240 1855 τούτοιν
1270 1787 1400 1866 μέγιςόν
1430 1788 1504 1858 έςιν.

315 1894 429 1960 Audax
459 1898 492 1961 et
513 1895 682 1981 impudens
703 1897 906 1983 interpolatio
928 1899 975 1964 sie
997 1897 1081 1964 mihi
1102 1901 1179 1962 neta
1201 1915 1268 1962 esse
1291 1894 1434 1961 videtur:
1459 1931 1503 1943 -

314 2018 371 2085 pro
388 1996 447 2082 όσςι
467 2008 538 2066 ΚΑΙ
558 1999 749 2080 ἑτοιμότατοι
769 2003 891 2092 scribae
909 2023 1012 2070 errore
1031 1998 1089 2084 όσῳ
1109 2011 1187 2068 ΓΑΡ
1208 1999 1397 2079 ἑτοιμότατοι
1412 1998 1506 2066 dede·

313 2110 406 2185 rnnt,
426 2108 577 2192 qnoniam
594 2108 783 2193 praecedens
801 2111 958 2176 sententie
969 2108 1063 2196 plane
1074 2107 1222 2175 absoluta
1232 2127 1298 2173 esse
1309 2105 1502 2191 putabatur:

315 2208 402 2283 όόπας
433 2213 491 2289 μὲν
520 2211 614 2292 λόγος
647 2251 689 2264 -
717 2214 843 2294 μόλιςα
875 2215 906 2279 δὲ
938 2216 952 2280 ό
984 2216 1071 2293 παρόν
1101 2222 1157 2290 τῆς
1188 2212 1340 2292 ἡμετέροις
1372 2211 1503 2282 πόλεας.

314 2315 499 2383 Instituitur
528 2337 604 2405 ergo
633 2339 718 2385 nova
747 2321 920 2385 sententia:
954 2317 1012 2400 όσιρ
1043 2319 1106 2400 γὰρ
1137 2315 1326 2396 ἑτοιμότατα
1354 2354 1398 2368 -
1421 2313 1514 2402 quae

314 2423 390 2507 quie
419 2441 533 2488 manno
563 2428 596 2489 et
617 2424 803 2508 imperfecto
825 2428 892 2490 erat
914 2430 1115 2492 oommentue
1137 2430 1185 2490 est
1207 2425 1312 2489 neseio
1337 2425 1409 2508 quis
1431 2441 1505 2506 sup

313 2526 514 2611 plementum
537 2528 576 2594 de
597 2547 673 2595 sno:
698 2531 830 2610 τοσούτῳ
853 2533 977 2609 μαλλον
1001 2527 1285 2600 decentessime
1309 2529 1405 2607 αὐτῷ.

359 2737 513 2804 Adhaesit
535 2739 790 2828 glossemapag.
817 2738 873 2805 21.
899 2740 953 2808 25.
978 2742 1096 2815 πολλὴν
1117 2739 1152 2816 δὴ
1175 2742 1231 2814 τὴν
1252 2737 1429 2816 μετοόςασιν
1449 2737 1502 2801 καὶ

312 2841 461 2921 μεγιόλιρν
484 2844 616 2910 δεικτέον
644 2845 712 2933 [τὴν
734 2847 930 2930 μεταβολὴν]
955 2845 1169 2928 εἰσφέροντας,
1195 2843 1352 2922 ἐξιόντας,
1371 2841 1504 2910 ἅπαντα

312 2953 475 3023 ποιοῦντας
512 2949 656 3029 ἓτοόμιος,
692 2949 776 3031 τόπερ
810 2976 864 3024 τιςΙ
890 2952 961 3029 ὑμῖν
994 2951 1129 3032 προσέξει
1161 2951 1213 3015 τόν
1243 2955 1319 3017 νοῦν.
1366 2949 1418 3016 Ad
1447 2949 1503 3020 rire

309 3054 488 3133 μετόπασιν
517 3055 683 3141 adscripsit
713 3056 830 3142 aliquis
858 3059 893 3120 in
924 3055 1069 3143 margine
1102 3057 1157 3131 τὴν
1187 3053 1389 3133 μεταβολήν,
1418 3053 1504 3139 quod

310 3161 396 3228 male
428 3164 463 3228 in
493 3167 620 3227 textum
650 3166 835 3246 reeeperunt
865 3161 939 3238 alii,
964 3161 1047 3227 unde
1070 3157 1204 3249 vulgata
1226 3163 1396 3244 scripturn,
1421 3179 1503 3243 quoe

310 3266 430 3355 frigida
452 3271 485 3331 et
509 3265 631 3333 insulsa
653 3271 717 3343 est,
741 3267 900 3353 originem
923 3266 1025 3332 duxit.
1057 3266 1149 3332 Nihil
1167 3268 1253 3330 enim
1271 3267 1403 3329 interest
1418 3266 1503 3332 inter

311 3374 430 3446 retain
459 3374 514 3447 τόςι
542 3371 720 3448 μετιόςασιι
744 3378 776 3436 et
797 3371 944 3449 μεγιόλιςν
967 3372 1021 3445 τὴν
1045 3371 1244 3450 μεταβολήν,
1269 3375 1301 3436 et
1323 3370 1444 3453 optime
1465 3370 1501 3433 iu

311 3477 369 3545 tali
391 3499 425 3544 ra
447 3483 680 3564 componuntur
703 3480 821 3552 πολλὴν
843 3476 896 3540 καὶ
919 3475 1077 3555 μεγοόλιρν.

355 3691 435 3779 Pag.
467 3688 521 3755 22.
554 3686 586 3753 8.
619 3687 678 3752 vovi
710 3688 742 3752 δὲ
775 3695 946 3761 Θετταλοῖς
971 3686 1150 3766 ςασιοόζονσι
1175 3687 1227 3752 καὶ
1252 3683 1497 3764 τεταραγμένοις

310 3797 360 3862 ἐπὶ
391 3798 445 3869 τὴν
478 3796 654 3875 τυραννικὴν
677 3794 774 3859 οόιιόαν
798 3795 970 3873 ἓβοιὶόιρσεν,
996 3815 1069 3881 pag.
1096 3791 1171 3858 lla.
1198 3791 1251 3857 24.
1277 3792 1304 3872 (ι’
1331 3792 1499 3872 Φίλιππος)

310 3909 373 3976 τοῖς
397 3901 601 3981 ταλαιπώροις
626 3900 787 3980 Ὠρείταις
810 3900 941 3965 τουτοισὶ
967 3897 1224 3979 ἐπισκεψομένους
1247 3894 1307 3975 ἔφη
1332 3897 1402 3969 τοὺς
1426 3921 1499 3977 τρα-

309 4009 422 4079 τιότας
456 4005 657 4088 πεπομφέναι
697 4004 781 4092 [κατ’
813 4003 957 4089 εόνοιαν]·
977 4005 1192 4071 ’πανόόιεσόαι
1222 4003 1286 4083 γὰρ
1316 4004 1426 4074 αὐτοὺς
1458 4005 1498 4074 eie

310 4116 424 4177 νοσοῦσι
454 4113 521 4196 [καὶ
547 4111 745 4192 σασιοέζουσιι
764 4112 795 4173 ἐν
815 4111 955 4195 exirem,
977 4112 1157 4190 σνμμόχοιι
1177 4110 1202 4175 δ’
1224 4106 1301 4173 εἷναι
1323 4107 1375 4172 καὶ
1396 4107 1499 4188 Φόλον

309 4219 455 4292 οόλιςόινῶν
477 4217 507 4281 έν
530 4224 592 4282 τοῖς
616 4215 758 4289 τοιούτοις
782 4224 894 4297 καιροῖς
919 4225 1071 4297 παρεῖναι.
1094 4237 1169 4304 pag.
1196 4211 1272 4280 123.
1296 4211 1353 4280 28.
1374 4213 1499 4278 ἐπειδὰν

308 4324 339 4388 δέ
363 4323 434 4403 πρὸς
459 4327 619 4394 νοσοῦντας
643 4322 673 4386 ἒν
696 4323 800 4395 αὑτοῖς
824 4321 980 4405 προσπέσς
1003 4323 1056 4387 καὶ
1080 4320 1186 4399 μηδεὶς
1212 4357 1254 4369 -
1269 4317 1331 4399 ἔξόρ
1354 4319 1499 4399 μηχανό-

309 4430 388 4506 ματ’
410 4427 560 4504 ε’πιςιὶσας
585 4435 748 4507 πολιορκεῖ.
794 4427 875 4493 Vide
897 4429 980 4493 mihi
1002 4430 1037 4492 in
1059 4427 1110 4493 his
1129 4432 1167 4492 ut
1185 4425 1306 4492 soleant
1324 4424 1387 4490 looi
1407 4426 1497 4490 simi·
