3404 5192
722 401 786 474 337

213 597 346 666 Constat
375 601 479 688 igitur
505 599 568 664 sibi
589 601 664 662 nota
684 595 762 661 haec
785 592 976 661 Graecitatis
997 593 1144 683 analogia
1165 598 1203 659 ut
1224 599 1354 662 nomina

164 704 200 768 in
227 740 247 752 -
259 729 296 784 ρα
315 705 434 771 ultima
455 706 546 771 brevi
568 702 705 768 habeant
727 705 762 766 in
783 701 961 787 penultima
983 701 1219 788 diphthongum
1244 711 1350 786 μοῖρα,

164 819 276 890 πεῖρα,
308 819 447 896 σφαῖρα,
479 809 608 892 ἄρουρα,
641 807 802 888 μάκαιρα,
835 807 962 887 σώτειρα
997 813 1070 873 cett.
1107 811 1215 872 contra
1248 809 1349 888 πήρα,

164 917 257 996 θήρα,
290 918 396 998 χώρα,
428 913 488 997 ὅρα
516 921 548 982 et
571 917 643 980 sim.
666 916 774 980 omnia
796 939 818 978 α
841 913 1027 999 producant.
1075 913 1162 994 Αὔρα
1186 913 1353 1001 digamma

162 1023 197 1085 in
222 1022 387 1090 sehabet.
420 1022 569 1089 Postulat
589 1023 692 1108 igitur
712 1019 859 1107 analogia
882 1023 938 1085 aut
957 1019 1057 1099 πρώρα
1077 1023 1115 1084 ut
1134 1016 1210 1099 ὥρα,
1231 1020 1348 1101 ὀπώρα,

162 1132 221 1192 aut
250 1134 364 1208 πρῶιρα
393 1133 431 1193 ut
461 1137 571 1209 μοῖρα,
603 1133 712 1205 πεῖρα,
745 1131 877 1207 σφαῖρα.
924 1125 982 1190 Est
1016 1129 1125 1190 autem
1158 1126 1258 1206 πρώριι
1294 1130 1351 1191 aut

161 1231 262 1312 πρῶρη
285 1234 388 1299 sicubi
409 1233 531 1322 legitur
552 1235 634 1300 vitio
657 1236 787 1299 natum:
814 1252 924 1297 omnes
946 1235 1124 1297 constanter
1146 1233 1248 1312 πρῷρα
1267 1233 1350 1298 dice·

160 1339 250 1405 bant.
296 1339 511 1406 Luculentum
534 1341 755 1405 testimonium
778 1337 857 1403 dicit
879 1337 990 1404 doctus
1012 1340 1243 1426 grammaticus
1265 1339 1350 1424 apud

161 1443 306 1531 Etymol.
336 1444 384 1511 M.
415 1467 489 1534 pag.
523 1443 599 1511 692·
634 1443 689 1510 25.
723 1453 900 1510 ΠΡΩΙΡΛτ
925 1445 979 1509 σὺν
1002 1445 1044 1525 πῷ
1069 1453 1094 1508 Ι.
1119 1482 1161 1494 -
1187 1441 1252 1523 ἔχει
1276 1445 1349 1508 cdl

161 1549 459 1632 προσγεγραμμένον
483 1589 525 1600 -
549 1550 652 1624 ἐπειδὴ
684 1547 806 1631 εὕρηται
839 1550 923 1615 κατὰ
956 1548 1098 1618 διοὶςασιν
1129 1552 1167 1620 cic
1197 1551 1284 1630 παροδ
1308 1552 1351 1632 πῷ

161 1666 272 1738 ποιητῇ
304 1657 627 1738 κοανοπρωΐροως
660 1656 712 1720 καὶ
737 1657 823 1736 παροδ
850 1657 1001 1736 Σιμωνίδῃ
1032 1657 1347 1736 κνανοπρώϊραν.

163 1799 205 1810 -
230 1762 244 1826 ὃ
267 1762 299 1826 δὲ
322 1763 498 1843 Ἡρωδιανὸς
522 1763 572 1828 διδ
595 1769 651 1835 τῆς
677 1772 715 1826 ΕΙ
738 1762 908 1843 διφθόγροο
932 1760 1050 1844 γράφει
1072 1761 1237 1849 (πρώειρα).
1261 1761 1347 1828 Hinc

161 1866 242 1933 olim
274 1867 415 1935 Homero
448 1868 646 1934 reddidimus
681 1867 794 1954 Odyss.
828 1893 862 1945 μ.
898 1867 974 1934 299.
1009 1869 1258 1949 κοαιοπρωείροος
1290 1890 1348 1954 pro

160 1973 264 2039 forma
294 1975 444 2041 mendosa
470 1973 718 2055 κνανοπρωρείοως
743 1979 776 2039 et
798 1977 917 2059 passim
941 1977 1164 2054 κυανοπρώιροιο
1187 1975 1242 2038 σὺν
1265 1977 1307 2056 τῷ
1332 1984 1345 2038 1

161 2081 412 2147 rescribendum.
438 2081 566 2167 Repone
589 2083 693 2168 igitur
715 2076 829 2159 πρῴρης
852 2104 887 2157 μ.
913 2079 989 2144 230.
1016 2090 1048 2145 et
1066 2079 1201 2160 Πρωρεύς
1222 2082 1246 2144 t.
1271 2077 1347 2146 113.

163 2185 375 2273 similiterque
396 2190 431 2252 in
454 2189 585 2254 caeteris
608 2186 757 2251 derivatis
780 2191 813 2252 et
835 2188 1018 2271 compositis
1041 2186 1226 2266 βούπρῳρος,
1247 2185 1348 2267 ἀνδρό-

162 2316 294 2374 πριρρος,
330 2295 556 2383 καλιίπριρρορ,
591 2294 773 2372 ἀντίπρῳροι
808 2297 866 2358 cet.
925 2291 1045 2357 Eadem
1078 2292 1181 2357 forma
1219 2295 1349 2358 caeteris

163 2420 288 2486 qnoque
310 2400 516 2486 scriptoribus
538 2398 705 2465 reddenda.
752 2398 847 2483 Apud
870 2397 974 2464 solum
994 2397 1215 2486 Thucydidem
1235 2404 1347 2478 πρῶιριι

162 2508 198 2570 in
219 2505 302 2570 libro
325 2510 432 2572 vetere
454 2504 523 2570 VII.
549 2503 602 2570 36.
626 2499 946 2571 senatum'videbis.
992 2502 1029 2570 In
1051 2505 1182 2569 caeteris
1204 2509 1242 2569 ut
1265 2503 1349 2590 apud

162 2611 344 2678 Homerum
369 2615 547 2678 constanter
568 2616 735 2700 peccatum
760 2614 817 2677 est.

545 2861 700 2918 ΤΡΩΙΑῙ
725 2891 767 2902 -
792 2861 969 2918 ΔΜΩΙΛΙ.

210 3037 412 3120 Ubicumque
434 3031 565 3100 (lodices
585 3039 617 3101 et
635 3035 782 3101 Editores
800 3034 906 3116 Tpoai
926 3040 957 3101 et
977 3035 1079 3113 δμωαί
1098 3037 1249 3103 exhibent
1268 3044 1353 3105 certa

163 3143 313 3230 analogia
341 3141 490 3207 violatur.
550 3139 600 3205 En
630 3141 714 3221 Τρώς
744 3143 884 3205 nascitur
914 3142 1043 3221 Τρώϊις,
1076 3144 1161 3227 quod
1190 3145 1223 3208 in
1253 3145 1354 3226 Τρῳάς

164 3249 378 3326 contrahitur,
407 3268 446 3312 ex
469 3245 550 3323 δμώς
576 3246 684 3324 δμωϊορ
709 3247 805 3323 δμωΐιρ
831 3251 863 3312 et
887 3245 989 3327 δμῳή,
1015 3269 1054 3313 ex
1076 3247 1131 3328 ζὼς
1157 3248 1239 3328 ζώιός
1262 3249 1352 3335 (pic,

163 3357 200 3420 in
231 3354 347 3440 quibus
379 3353 527 3418 omnibus
555 3357 708 3439 perpetuo
730 3357 888 3438 peccatur.
936 3351 1042 3441 Vulgo
1066 3357 1152 3420 enim
1178 3354 1299 3442 legitur
1321 3358 1355 3419 in

163 3460 257 3528 libris
286 3461 402 3526 nostris
432 3459 538 3538 Tpoci
570 3466 602 3525 et
635 3456 796 3542 Τρωάδες,
823 3457 925 3536 δμωαί
949 3464 981 3523 et
1004 3459 1095 3540 ζωοῦ,
1121 3458 1192 3541 ζωόν
1214 3465 1247 3526 et
1270 3464 1353 3539 sim„

165 3585 246 3651 qnae
278 3568 385 3631 omnia
415 3564 544 3650 perinde
566 3568 683 3632 vitiosa
706 3569 790 3629 sunt.
836 3562 966 3630 Veteres
989 3563 1202 3632 Grammatici
1224 3570 1355 3632 suntin

163 3673 217 3736 his
240 3673 388 3736 omnihus
412 3669 663 3757 diligentissimi.
710 3671 762 3736 Ad
785 3668 876 3734 Iliad.
901 3677 938 3734 Ε.
962 3668 1037 3735 461.
1059 3676 1243 3751 annotatur;
1266 3673 1296 3736 ἐν
1315 3683 1353 3754 τῇ

166 3786 321 3859 Σινωπικῇ
354 3777 406 3841 καὶ
442 3779 562 3860 Κυπρία
593 3778 646 3842 καὶ
679 3773 876 3855 Ἀντιμάχου
908 3784 1073 3842 Troiae
1104 3777 1160 3842 σὺν
1190 3777 1232 3859 τῷ
1265 3787 1289 3842 Ι.
1317 3781 1355 3852 ὡς

168 3881 345 3962 ,ἵππους
378 3883 417 3948 δὲ
453 3881 640 3964 Tapuris?
676 3885 692 3958 ιὶ
729 3882 837 3959 μέντοι
867 3884 946 3958 κοινὴ
980 3892 1130 3948 ΤΡΩΑΟ
1163 3885 1201 3956 cic
1238 3888 1354 3962 Κᾶρας.

165 3987 286 4056 Sedulo
317 3991 518 4077 investigant
543 3987 642 4054 libros
672 3992 794 4054 veteres
825 3992 857 4052 et
888 3988 1042 4055 editiones
1072 3995 1109 4054 ut
1139 3992 1241 4054 sciant
1274 3993 1356 4056 sitne

167 4094 349 4160 addendum
382 4104 395 4158 1
426 4115 466 4160 au
496 4114 559 4160 non
592 4097 650 4172 sit,
683 4113 878 4180 quamquam
899 4099 1023 4178 poterat
1045 4096 1123 4160 haec
1146 4098 1357 4162 controversia

168 4203 279 4266 minus
310 4201 465 4293 laboriose
499 4203 655 4285 componi.
714 4199 761 4264 De
794 4200 897 4264 forma
930 4200 1033 4282 δμῳαί
1066 4205 1140 4265 sunt
1174 4203 1357 4267 testimonia

168 4307 348 4374 Aristarchi
372 4331 399 4370 τ.
429 4304 502 4370 121.
532 4306 683 4383 δμωιῶν
714 4305 769 4369 σὺν
794 4305 836 4384 τῷ
861 4313 874 4368 1
898 4305 950 4369 καὶ
976 4305 1222 4387 περισπωμένως.
1247 4308 1357 4382 θηλο-

170 4413 238 4477 ιιδν
261 4413 325 4494 γάρ
350 4415 422 4482 ἒςιν.
447 4439 476 4488 ιι.
502 4411 578 4478 225.
604 4413 697 4491 διχῶς
720 4411 848 4488 δμῶας
872 4411 925 4476 καὶ
950 4411 1083 4495 δμῳάς
1108 4415 1166 4492 (sic
1189 4411 1295 4500 scrib.)
1316 4421 1357 4476 T.

171 4517 248 4584 333.
278 4515 371 4592 οὕτως
396 4519 581 4599 Ἀρίςοιρχος
614 4518 748 4596 δμῶας
777 4515 833 4593 ἔξω
858 4522 911 4582 τοῦ
936 4526 961 4582 1.
985 4523 1018 4583 et
1041 4519 1080 4584 de
1102 4525 1237 4602 utraque
1259 4517 1361 4582 ibrma

1181 4625 1212 4670 aa
