3208 5158
670 348 734 428 19⁹7

151 546 231 638 Peg.
255 545 330 616 726.
356 552 409 614 καί
433 551 496 631 γάρ
520 551 604 630 αὐτῷ
627 550 679 614 καί
702 558 766 622 τοῖς
790 551 976 627 σννεκβὶίσιν
999 551 1014 614 ί
1036 550 1128 621 αὐτὸς
1155 539 1289 628 ὑπάρέαι

107 653 178 720 *ΑΝ
209 656 324 736 Φίίρος.
373 657 538 722 Kramer.:
573 655 632 732 „dcv
663 679 717 720 cm.
753 658 841 720 coca.
876 679 935 720 cre.
961 676 1048 740 moa,
1072 656 1233 740 inquibus
1255 658 1293 720 de

110 762 272 826 σονίοσίιινο
294 769 338 826 eet
356 760 519 825 additum.''
550 760 610 825 Ἂν
632 762 739 826 abesse
758 781 819 825 non
840 767 960 846 potest,
980 762 1035 826 sed
1053 761 1110 825 illo
1130 760 1198 826 loco
1216 764 1292 846 poni

110 888 169 934 non
189 871 302 953 potuit.
351 867 388 932 In
411 888 473 952 qua
496 869 582 932 enim
606 870 762 932 sententia
785 867 848 947 γάρ
869 874 901 932 et
920 866 957 931 σίν
978 870 1231 953 coniunguntur,
1252 865 1291 930 ἄν

110 995 213 1056 seraper
232 979 303 1058 post
321 973 384 1054 γάρ
402 973 584 1038 collocatur.
616 972 808 1058 Saepissime
828 978 936 1038 autern
955 977 1028 1058 post
1047 974 1109 1050 γάρ
1130 975 1252 1036 omittit

110 1080 142 1140 in
160 1077 249 1144 libris
265 1076 319 1161 άν,
339 1080 437 1144 stiam
457 1079 541 1164 apud
555 1084 664 1164 politas
678 1077 826 1165 iugulato
839 1087 941 1144 metro
955 1085 987 1144 et
999 1099 1112 1143 manca
1123 1080 1304 1144 sententia.'

151 1287 229 1375 Peg.
254 1285 330 1352 729.
359 1285 402 1354 ἔτι
426 1288 456 1352 δὲ
481 1287 533 1352 καί
558 1293 650 1367 Κῦρος
676 1287 817 1364 ποταμὸς
841 1288 910 1368 ῥέων
935 1295 1029 1352 ΠΕΡΙ
1054 1283 1290 1366 Πασαργάδας,

111 1392 244 1472 dixerat,
269 1399 307 1458 nt
330 1397 457 1479 opinor,
481 1403 595 1458 ΠΑΡλ
622 1393 849 1471 Πασαργάδας.
887 1392 994 1458 Etiam
1019 1392 1091 1458 aliis
1110 1392 1188 1458 locis
1208 1392 1292 1478 apud

112 1495 293 1564 Strabonem
316 1501 429 1565 vitiose
452 1500 570 1564 dicitur
592 1499 710 1564 fluvius
731 1499 842 1564 urbem
862 1498 1068 1564 circumfluere
1087 1519 1143 1584 pro
1158 1506 1291 1582 ρνασίον-

111 1603 202 1670 fluere
224 1605 305 1689 (περί
328 1625 384 1690 pro
406 1604 518 1689 παρά).

153 1813 230 1900 Peg.
256 1811 331 1880 730.
375 1812 498 1891 Μάγων
521 1812 637 1877 σίτΙσιν
657 1814 885 1890 λαμβανόντων
903 1818 970 1878 καθ’
992 1815 1106 1896 ἡμέραν
1125 1815 1289 1896 πρόβατον.

112 1923 254 2003 quoniam
296 1939 419 1984 anseres
455 1924 488 1984 et
522 1919 602 1984 eliae
634 1918 778 1984 volucres
812 1918 996 1997 σιτίζονται,
1030 1922 1083 1986 sed
1115 1921 1290 1988 sacerdotes

113 2030 276 2102 σιτοῦνται,
302 2024 526 2111 corrigendum
550 2024 687 2089 σίτΗσιν.

152 2232 233 2298 Raro
254 2234 324 2299 vidi
346 2233 519 2298 feliciorem
538 2233 791 2299 emendationem
811 2254 907 2318 quam
928 2255 990 2318 qua
1009 2234 1196 2322 Madvigius
1214 2256 1286 2323 pag.

114 2337 183 2402 136.
214 2342 248 2404 in
269 2342 434 2426 integrum
458 2342 599 2406 restituit
621 2339 728 2404 locum
751 2337 915 2404 Strabonis
938 2360 1010 2426 pag.
1037 2338 1112 2406 731.
1136 2340 1194 2405 ubi
1215 2361 1290 2406 enu-

112 2450 208 2510 merat
235 2444 342 2510 πάντα
372 2447 414 2510 τά
446 2447 476 2508 ἐν
508 2455 546 2525 τῇ
578 2445 701 2522 Περσίδι
734 2445 887 2524 χρήματα
918 2445 1068 2530 praedam
1098 2446 1288 2512 Alexandri:

113 2659 174 2735 περί
205 2665 354 2722 ΤΑΥΤΑ
386 2667 450 2722 ΜΗ
482 2660 669 2739 Ληφίὲνσων
691 2657 775 2720 αὐτοὶ
796 2656 839 2721 τοὶ
864 2657 892 2720 ἔν
918 2657 1042 2729 Σούσοις
1069 2695 1110 2706 -
1135 2658 1288 2738 τέτταρας

113 2764 254 2841 μυριάδας
286 2763 450 2828 ταλάντων
482 2763 693 2838 ἐξετασθῆναι.
741 2761 937 2828 Felicissime
966 2766 1105 2847 repperit
1127 2763 1290 2830 Strabonis

113 2889 255 2945 manum,
288 2890 368 2955 quae
399 2870 475 2935 haec
503 2875 567 2935 est:
592 2876 650 2932 τῶν
675 2870 705 2932 ἐν
728 2868 967 2948 τῷσρασοπὲδῳ
991 2876 1074 2932 Tm
1099 2870 1165 2948 περὶ
1190 2879 1289 2934 FAT-

113 2983 287 3040 ΓΑΜΗΛΛ
318 2975 504 3054 ληφθέντων.
537 2975 578 3041 ci.
611 2996 683 3062 pag.
719 2970 795 3039 737.
843 2973 1047 3052 Γαυγάμηλα
1078 2975 1182 3051 κώμη,
1215 2977 1245 3040 ἐν
1272 2973 1291 3055 ᾖ

113 3081 218 3158 συνέβη
250 3084 401 3157 νικηθῆναι
433 3081 484 3144 καί
517 3080 694 3157 άποβαλεῑν
726 3082 782 3152 τὴν
811 3081 911 3158 άρχην
944 3088 1085 3156 Δαρεῖον,
1119 3087 1151 3146 et
1181 3080 1288 3145 addit:

113 3187 136 3249 οί
158 3190 256 3264 μέντοι
281 3187 458 3258 Μακεδόνες
483 3187 550 3266 περί
570 3185 722 3264 Ἄρβηλα
745 3187 800 3260 την
824 3185 934 3264 μάχην
959 3188 1193 3266 κατεφήμισαν.

155 3394 221 3460 Non
244 3398 352 3462 minus
373 3401 458 3460 certa
480 3399 513 3460 et
536 3393 613 3459 felix
638 3399 685 3458 est
708 3392 851 3458 eiusdem
876 3397 1025 3460 correctio
1043 3394 1106 3460 loci
1124 3416 1197 3483 pag.
1212 3394 1289 3462 831.

114 3501 166 3564 ubi
195 3502 232 3566 de
262 3499 405 3568 Caesaris
435 3503 569 3566 victoria
592 3503 626 3566 in
648 3499 733 3566 bello
756 3499 903 3565 Africano
926 3520 1030 3566 sermo
1053 3507 1118 3565 est:
1143 3501 1215 3579 πρὸς
1241 3496 1291 3574 alr

114 3605 240 3693 (πόλεσι)
271 3605 508 3683 κατεπολέμησε
540 3613 661 3684 Καῖσαρ
693 3605 851 3669 Σκιπίωνα
883 3607 897 3668 ί
929 3607 991 3678 θεὸς
1024 3606 1095 3686 πρὸς
1127 3609 1290 3687 Ῥοιιοπίνῳ

114 3711 166 3784 μὲν
193 3720 307 3792 πρῶτον
336 3719 420 3776 νικῶν
445 3749 485 3759 -
510 3707 580 3776 εἶτα
604 3711 675 3789 πρὸς
701 3710 802 3792 Θάψῳ
827 3713 877 3774 καί
901 3721 940 3792 τῇ
965 3713 1094 3785 πλησίον
1118 3713 1210 3794 λίμνη
1238 3714 1289 3778 καί

115 3824 178 3890 τοῖς
204 3820 362 3890 ῨΑΛλαις.
409 3816 459 3881 Ex
490 3819 641 3901 scriptore
667 3819 704 3880 de
728 3818 802 3880 bello
826 3818 928 3902 Afric.
957 3826 1040 3894 „eret
1062 3826 1197 3898 acapnum
1219 3821 1291 3883 eoli-

114 3925 227 3988 ιιοσιιοιο”
257 3927 378 4010 optime
408 3926 544 3988 correxit
568 3923 619 3986 καί
645 3931 716 3993 ταῖς
738 3920 863 3994 Ἀλαις.
900 3921 963 3987 Sed
985 3926 1019 3988 in
1038 3925 1148 3988 eodem
1168 3923 1236 3990 loco
1260 3931 1292 3990 et

114 4026 241 4095 alterum
272 4029 427 4094 mendum
457 4029 560 4094 adhuc
593 4027 682 4093 latet.
730 4027 817 4106 Quae
847 4032 895 4092 est
926 4037 1035 4092 autem
1063 4049 1100 4092 aa
1123 4030 1292 4094 verborum

114 4139 308 4220 compositio:
345 4133 583 4210 κατεπολέμησε
615 4141 735 4212 Καῖσαρ
770 4134 927 4198 Σκιπίωνα
960 4134 972 4196 ί
1004 4133 1079 4206 θεός.
1123 4133 1293 4202 Poteratne

114 4239 259 4324 ineptiore
290 4240 362 4305 sede
393 4241 406 4304 ὁ
438 4239 502 4311 νεός
534 4237 697 4304 collocari?
720 4237 792 4304 Non
815 4245 922 4304 tamen
945 4241 1175 4324 transponenda
1197 4243 1294 4308 verba

115 4353 197 4420 sunt,
222 4347 277 4412 sed
301 4347 315 4410 ὁ
339 4345 400 4418 θείς
426 4344 607 4410 delendum,

154 4449 258 4516 Nimis
290 4471 382 4535 saepe
411 4459 532 4532 Καῖσαρ
563 4451 576 4514 ί
612 4449 673 4522 θείς
707 4448 790 4533 apud
824 4447 1012 4516 Strabonem
1043 4449 1164 4537 legitur
1197 4452 1294 4538 (quod
