3410 5180
762 361 827 431 477

198 553 314 630 τύρων,
347 556 389 626 είς
423 553 474 616 τὸν
506 555 734 629 Ἑλλήσποντον
766 553 916 633 οίφῖχθαι.
965 551 1018 620 Sic
1048 552 1070 619 S
1105 555 1172 618 sine
1202 575 1306 620 sensu.
1352 553 1390 620 In

199 663 331 725 caeteris
355 680 411 746 pro
435 660 541 736 ὁμοίως
567 667 614 726 est
637 665 760 737 μᾶλλον
784 661 863 724 levis
885 662 1036 748 magistri
1058 662 1247 726 coniectura.
1290 660 1391 726 Felici

200 770 346 830 acumine
370 787 484 832 verum
507 767 646 852 repperit
667 764 862 832 Herwerden
881 767 1051 833 emendans
1070 775 1231 834 ΠΛΟΙΩΙ
1253 767 1283 832 δὲ
1305 773 1391 848 τριῶν

199 873 216 947 ἢ
241 872 407 952 τεττάρων.

244 1082 324 1170 Peg.
356 1080 432 1148 236.
459 1080 512 1147 10.
537 1085 656 1149 ὠνεῖται
681 1086 755 1166 παρ’
778 1084 878 1149 αὐτῶν
901 1079 981 1158 ύπως
1006 1087 1050 1164 μὴ
1073 1087 1230 1165 οὶπίΩμεν
1254 1089 1289 1151 ἐκ
1312 1096 1388 1151 Μα-

199 1188 344 1260 κεδονίας.
392 1187 524 1254 Dixerat
556 1185 636 1260 ὅπως
668 1192 711 1267 μὴ
744 1188 883 1268 ύπίμεν,
914 1192 969 1256 sed
1001 1189 1151 1258 Graeculi
1181 1194 1262 1259 hanc
1288 1194 1391 1258 futuri

200 1295 338 1360 formem
363 1315 430 1360 esse
453 1298 628 1361 nescientes
651 1304 849 1360 οοιιονοιιιιιί.
887 1296 997 1375 Alius,
1023 1300 1159 1382 quinon
1178 1299 1392 1383 concoquebet

200 1401 259 1465 hec
292 1399 330 1465 de
361 1421 395 1466 se
424 1405 492 1486 ipse
521 1421 644 1487 qnoque
666 1400 913 1467 Demosthenem
937 1401 1053 1478 dicere,
1080 1408 1200 1469 temere
1222 1404 1391 1470 substituit

200 1507 369 1571 οὶπίΩΟΙΝ
393 1511 425 1571 et
448 1527 523 1572 mox
546 1505 626 1586 δεῦρ’
652 1506 919 1585 ἀπαγγειλάντων
951 1516 1107 1573 ΑΤΤΩΝ
1132 1529 1188 1594 pro
1212 1511 1365 1574 ἨΜΩΝ.

336 1609 427 1684 οὕτως
452 1615 556 1684 αὐτοῖς
582 1612 806 1692 ἀταλαιπώρως
830 1613 865 1677 τὸ
890 1613 1041 1691 διορθῶσαι
1066 1614 1203 1678 διέκειτο.

244 1716 334 1782 Idem
358 1719 477 1783 vitium
500 1722 709 1784 commissum
732 1738 805 1805 pag.
832 1717 907 1783 634.
937 1717 968 1783 6.
994 1720 1018 1783 εί
1044 1722 1101 1796 μὲν
1125 1719 1258 1797 ἐιίσομεν
1279 1759 1339 1792 -,
1365 1722 1390 1785 εί

201 1823 226 1889 δ’
257 1822 418 1909 ἐπέξιμεν,
447 1823 505 1888 ubi
536 1823 593 1889 elii
623 1821 791 1901 ἐπεξίωμεν
821 1824 957 1907 hebent,
989 1833 1021 1890 et
1046 1846 1119 1913 peg.
1146 1823 1223 1892 753.
1249 1825 1280 1890 2.
1308 1822 1388 1898 ὅπως

200 1966 244 1978 -
267 1928 369 1994 ἄδετοι
399 1930 564 2010 περιίασιν,
600 1928 657 1993 elii
692 1929 852 2009 περιίωσιν.
898 1929 1074 1996 Emendate
1108 1952 1182 2018 pag.
1220 1929 1296 1996 583.
1332 1929 1388 1996 23.

202 2030 281 2107 ὅπως
306 2033 423 2110 ἕπε’ξθῖ
448 2037 488 2116 τῷ
515 2037 612 2116 μιαρῷ
637 2035 689 2100 καί
712 2037 755 2112 μὴ
781 2034 933 2100 διαλύσει.

245 2246 325 2334 Peg.
359 2243 438 2312 237.
474 2244 503 2310 9.
536 2244 701 2309 οὶκούσεσθε
733 2246 811 2310 δυοῖν
844 2245 861 2320 ἢ
889 2251 974 2325 τριῶν
1000 2247 1114 2323 ἡμερῶν
1138 2240 1181 2315 οίς
1204 2247 1260 2323 μὶν
1285 2245 1390 2327 ἐχθρὸς

198 2353 310 2416 ἯΚΕΙ
342 2353 435 2431 φίλον
467 2351 559 2417 αὐτὸν
592 2350 808 2430 γεγενημένον.
855 2348 983 2417 Olemet
1006 2354 1163 2417 sententia
1187 2372 1301 2417 verum
1324 2373 1391 2418 esse

194 2453 313 2535 'unffi
338 2459 443 2544 quibus
465 2459 557 2522 ίιοείὶι
579 2475 726 2522 πλιλλυ
749 2457 873 2520 emicem
897 2479 960 2521 αωοιι
984 2479 1045 2521 esse
1058 2457 1190 2543 factum.

241 2668 313 2734 Non
344 2675 391 2734 est
421 2671 456 2734 in
485 2673 552 2734 teto
582 2667 795 2733 Demosthene
825 2667 971 2753 putidius
1002 2667 1163 2732 emblema
1190 2687 1287 2752 quem
1312 2688 1386 2754 peg.

200 2771 277 2837 239.
312 2775 363 2837 15.
397 2775 443 2860 [σύ
475 2774 591 2846 τούτοις
616 2780 678 2844 τοῖς
702 2773 817 2852 ρ’νὶμασι
841 2772 993 2850 γρύψας,
1020 2777 1125 2837 ταῦτα
1149 2773 1180 2836 δὲ
1205 2772 1390 2851 βουλόμενος

198 2879 375 2964 δεικνύναι]
408 2879 567 2946 Haeccine
598 2879 662 2944 dici
693 2896 812 2944 sessus
841 2886 1010 2964 postquem
1042 2877 1185 2963 Philippi
1220 2879 1390 2963 epistolem

199 2991 325 3053 recitari
355 2987 535 3057 audissent,
566 2986 606 3051 ed
636 2985 859 3056 Athenienses,
891 3004 969 3069 quos
1003 3003 1072 3070 stag.
1106 2983 1158 3048 32.
1184 2983 1239 3050 22.
1266 2983 1390 3049 πάντων

200 3091 365 3170 θξυτοίτους
389 3099 503 3172 γνῶναι
527 3093 571 3156 τίι
594 3091 719 3174 ρἰρθθντα
744 3088 822 3154 dicit
845 3089 953 3155 fuisse.

244 3305 325 3392 Peg.
352 3302 428 3368 241.
456 3297 926 3380 1.τῶνε’ντῷ’πολιτεύεσθαι
958 3296 1194 3377 δωροδοκούντων
1228 3297 1295 3382 [καί
1327 3298 1391 3363 δια-

197 3411 397 3489 φθειρομένων
421 3410 470 3474 ert
494 3407 681 3500 χρύμασιν].
722 3404 756 3470 Si
778 3403 940 3490 legeretur
962 3402 1196 3484 δωροδοκούντων
1221 3404 1273 3467 καί
1300 3404 1385 3483 δωρο-

199 3516 361 3581 δοκούντων
393 3515 567 3580 ridiculum
595 3515 701 3601 magis
724 3512 805 3577 foret
828 3509 968 3574 sednon
991 3511 1099 3573 minus
1122 3511 1267 3594 ineptum
1292 3529 1388 3593 quem

200 3621 282 3707 quod
316 3643 398 3687 nnnc
425 3622 555 3709 legitur.
604 3619 666 3699 Qui
689 3619 767 3683 heec
790 3614 947 3680 addebant
970 3613 1114 3680 solebant
1137 3617 1199 3699 ipsi
1222 3614 1390 3693 δωροδοκεῖν

199 3728 302 3794 dicere
325 3749 381 3814 pro
401 3726 557 3807 δεκάζειν,
579 3728 722 3806 χρήμασι
742 3720 933 3802 διαφθείρειν.
968 3722 1131 3785 Annotent
1150 3722 1265 3808 igitur.
1288 3723 1391 3786 sicubi

200 3832 367 3914 δωροδοκεῖν
393 3835 523 3918 entique
546 3853 639 3897 sensu
665 3833 733 3896 eret
756 3828 899 3904 dictum,
924 3823 1103 3913 significare
1124 3827 1280 3907 χρήματα
1303 3841 1388 3905 λαμ-

199 3939 322 4018 βοίνειν,
354 3939 581 4018 διαφθείρεσθαι
611 3937 754 4017 χρίμασι
784 3932 838 4000 vel
873 3934 971 3997 etiem
1007 3934 1098 4016 peius
1133 3931 1184 3995 ε’πί
1218 3935 1389 4011 χρήμασιν.

199 4047 278 4128 Quis
308 4046 406 4131 feret,
437 4051 475 4110 nt
503 4045 564 4110 hoc
594 4051 684 4120 utar,
711 4040 794 4126 quod
817 4038 900 4124 epud
924 4036 1122 4102 Dinarchum
1145 4043 1193 4102 est
1217 4039 1301 4102 nesci
1328 4050 1389 4114 An·

198 4151 357 4231 μοσθέυους
381 4153 399 4236 5
424 4149 477 4219 74.
502 4148 667 4227 ἐδωροδόκει
694 4145 883 4233 [λαμβάνων
907 4143 1078 4228 χρήματα]
1108 4143 1195 4223 παροδ
1233 4145 1388 4210 Φιλίππου

73 4315 77 4322 .
199 4256 381 4337 Τιμίλαοςί

243 4469 313 4556 Peg
359 4466 437 4536 247.
468 4465 523 4533 24.
555 4474 609 4542 τῆς
642 4471 701 4531 τῶν
733 4462 888 4536 ΙΕλλιίνων
912 4461 1081 4542 ἐλευθερίας
1104 4461 1388 4542 αὐτεπαγγέλτους
