3404 5192
730 407 794 475 323

179 623 232 665 κον

313 697 334 766 cl
361 705 464 782 Φίλον,
490 699 570 765 ἔνδον
593 699 656 782 adp
679 725 728 774 νος
751 701 934 782 ἐποιχομένη
958 702 1063 780 pleae
1085 701 1160 772 ted.

177 808 230 874 acl
254 805 444 885 Μένανδρος·

313 914 344 977 ἐν
368 910 512 990 essetnec
535 913 601 977 οἰκῶ
624 911 705 992 γάρ,
729 911 750 977 cl
773 911 958 993 τοιχωρύχε.

223 1019 433 1085 Manifestum
464 1023 512 1083 est
543 1038 582 1083 ex
612 1019 663 1083 his
693 1019 939 1104 Aristophanem
966 1021 1000 1083 in
1024 1017 1136 1105 Odyss.
1162 1043 1189 1083 κ.
1215 1017 1280 1083 190
1303 1038 1366 1083 non

177 1126 327 1191 habuisse
350 1126 384 1188 in
407 1125 473 1188 suis
495 1123 586 1188 llbris
607 1126 830 1208 importunum
853 1145 983 1190 versum

314 1227 459 1313 [κένλντέ
482 1251 542 1306 μεν
566 1228 684 1308 μύθοον,
710 1229 795 1295 κοινοὶ
819 1229 1078 1310 cacodoxorum
1102 1231 1239 1318 ἑταῖρον]

314 1332 460 1418 ὦφθλον,
484 1337 516 1400 ού
541 1335 604 1414 γὰρ
618 1331 729 1414 ’νθδμεν
753 1333 812 1420 ὅπη
835 1333 927 1419 ζθφος
951 1333 1011 1400 οὐδ’
1035 1330 1094 1416 ύπη
1117 1335 1185 1410 doio.

720 1707 824 1776 XXII.

634 1955 917 2012 erusasceal.

228 2183 318 2264 Quod
349 2184 418 2248 dixi
446 2187 479 2247 in
508 2183 697 2270 vulgaribus
727 2181 862 2248 Homeri
893 2179 1063 2249 (lodicibus
1094 2188 1126 2249 et
1149 2183 1368 2268 diffitionibus,

181 2289 239 2354 ubi
269 2289 499 2354 Alexandrinae
528 2288 673 2353 lectionis
700 2308 762 2353 non
786 2293 861 2352 sunt
883 2288 1002 2353 diserta
1024 2290 1226 2363 testimonia,
1250 2289 1369 2354 formae

180 2395 347 2459 mendosas
379 2400 412 2459 et
441 2394 590 2459 barbaras
622 2393 834 2466 circumferri,
872 2392 953 2459 dabo
985 2396 1054 2458 eius
1087 2397 1134 2458 rei
1168 2392 1370 2458 luculentum

183 2499 378 2585 exemplum.
424 2499 565 2587 Vulgata
599 2498 693 2565 lectio
726 2499 818 2564 Iliad.
855 2508 894 2562 T.
933 2497 1008 2563 335.
1043 2501 1166 2564 nemini
1197 2499 1301 2564 adhuc
1331 2499 1370 2564 de

181 2606 297 2670 mendo
321 2613 466 2690 suspecta
487 2605 565 2671 haec
589 2611 654 2671 est:

362 2712 436 2775 ἀλλ’
460 2713 660 2792 ἀναχωρῆσαι
684 2709 736 2775 ire
760 2717 825 2774 νεΝ
850 2709 1052 2786 ξυμβλήσεοον
1078 2709 1174 2789 οούτῷ.

227 2815 310 2896 Quid
343 2821 391 2881 est
413 2814 635 2893 ξνμβλῆοεοιθ
682 2817 798 2882 Forma
821 2814 934 2889 nihili,
958 2817 1060 2880 forma
1082 2815 1214 2880 barbara
1235 2836 1275 2880 ex
1298 2817 1372 2880 scri·

181 2922 295 2987 barum
326 2927 358 2986 et
390 2919 619 2987 Graeculorum
650 2925 776 2987 inscitia
806 2927 891 2986 nata.
938 2919 1038 2986 Poeta
1068 2921 1208 2987 dixerat:
1241 2917 1291 2985 ὅτε
1314 2931 1369 2986 ΚΕ

181 3025 360 3105 ξυμβλῆεοιο
398 3027 499 3110 cirri,
534 3048 596 3092 non
629 3025 848 3104 ξνμβλῆῦεοον.
902 3025 939 3090 ln
974 3025 1087 3112 lingua
1121 3026 1220 3111 llpioa
1255 3025 1369 3103 βύλλω

181 3133 278 3198 habet
301 3137 455 3198 aoristum
478 3133 639 3211 ἐβλῆμην,
662 3133 745 3198 unde
769 3131 901 3209 ἔβλητο,
926 3131 1046 3208 βλῆτο,
1071 3131 1224 3209 βλῆοθοιν,
1249 3133 1371 3209 βλήμε-

183 3260 229 3307 νον
259 3239 378 3322 passim
407 3244 566 3323 apparent.
614 3237 784 3324 Optativus
808 3237 955 3319 βλθμην,
979 3235 1059 3319 βλῆο
1084 3235 1183 3302 semel
1205 3235 1373 3324 legebatur

183 3343 259 3409 olim
285 3343 375 3408 Iliad.
400 3352 442 3408 N.
467 3341 543 3408 288.

363 3446 447 3528 εἴπεο
471 3447 534 3526 sep
557 3472 593 3512 rr
617 3457 746 3512 ΒΛΗΙΟ
771 3447 952 3524 πονεύμενος
975 3447 1011 3522 sil
1035 3445 1182 3531 τννοεθης,
1301 3469 1303 3472 ·

183 3554 240 3620 ubi
261 3555 295 3617 in
317 3552 410 3619 libris
433 3553 581 3618 omnibus
604 3560 652 3618 est
674 3554 781 3631 βλεῖο,
807 3553 890 3638 quod
915 3571 1015 3636 quum
1038 3554 1073 3616 in
1095 3551 1254 3617 Mnemos.
1275 3548 1373 3618 1873.

183 3681 256 3748 pag.
287 3657 361 3724 100.
385 3658 532 3746 analogia
555 3659 691 3725 ducein
714 3661 795 3741 βλῆο
820 3659 1064 3733 convertissem,
1089 3657 1173 3741 apud
1190 3657 1374 3722 Bekkerum

183 3765 251 3831 vidi
282 3785 352 3830 eam
383 3767 610 3830 correctionem
642 3765 719 3830 olim
751 3786 769 3830 a
799 3768 904 3830 nescio
936 3783 998 3848 quo
1029 3783 1095 3828 esse
1122 3768 1278 3848 repertam
1301 3769 1376 3828 eta

182 3871 328 3937 Beklrero
362 3873 477 3936 merito
510 3874 545 3936 in
575 3871 716 3937 ordinem
749 3875 919 3954 receptam.
966 3869 1131 3947 Ἐβλῆμην
1163 3873 1210 3934 est
1240 3871 1375 3933 aoristus

182 3979 313 4065 linguae
337 3975 454 4060 llpieae
477 3997 533 4062 pro
556 3979 665 4042 Attica
684 3977 787 4042 forma
807 3975 956 4052 ἐβλήθην,
978 3974 1114 4051 βλῆσθαι
1136 3979 1184 4039 est
1202 3973 1372 4060 βληθῆναι,

183 4091 221 4149 ut
249 4081 405 4160 βλῆμενος
438 4089 485 4147 eet
516 4103 572 4168 pro
601 4083 729 4160 βληθείς
762 4086 793 4146 et
816 4081 897 4162 βλῆο
922 4099 978 4166 pro
1002 4079 1159 4156 βληθεθης.
1208 4079 1374 4157 Ἐβλῆμην

181 4187 359 4254 'formatum
393 4191 441 4252 est
475 4189 619 4265 ὁμηρικῶς
656 4192 693 4251 ut
727 4187 861 4262 ἐλύμην,
899 4185 1018 4262 λύμην,
1054 4183 1149 4260 λύτο,
1185 4183 1276 4248 λύντο
1315 4206 1371 4271 pro

185 4295 311 4370 ἐλύθην,
342 4291 450 4376 ἐλύθη,
482 4292 651 4368 ἐλύθησαν,
685 4297 717 4356 et
749 4291 871 4372 ἐχύμην
901 4296 933 4355 et
961 4289 1095 4366 galeone
1125 4293 1157 4354 et
1181 4289 1318 4368 ἐλέγμην
1342 4299 1374 4357 et

183 4400 247 4466 alia
277 4399 406 4464 similia.
453 4398 560 4464 Habet
583 4401 681 4464 etiarn
708 4397 845 4462 formam
868 4399 1007 4461 activam
1032 4393 1128 4471 ἕβλην
1152 4415 1208 4480 pro
1231 4395 1373 4473 ἐβλῆμην

185 4503 416 4593 significatione
438 4525 500 4570 non
523 4505 700 4578 diversam,
723 4503 806 4568 unde
825 4503 933 4582 βλεθης
954 4507 1002 4565 est
1023 4500 1107 4585 apud
1126 4499 1372 4585 Epicharmum:
