3392 5186
889 350 954 418 348

323 545 442 613 latum:
466 535 494 610 cl
517 542 542 608 δ’
567 541 633 609 ἐπεὶ
659 549 749 610 ΟΤΝ
772 539 878 617 πύλιος
903 537 1045 621 κοτέβοον
1068 561 1165 628 quem
1190 560 1305 628 parum
1324 537 1401 609 fidei
1419 543 1465 610 ue
1482 543 1523 609 in

325 649 496 720 (lodicibus
518 650 598 720 Mae.
623 671 701 738 quoe
725 671 809 719 nunc
831 651 998 717 habemus.

850 963 990 1032 XXXII.

816 1175 1026 1243 ’‘AMl'lNTG.

370 1386 409 1453 In
431 1386 523 1454 iliad.
549 1397 585 1453 x.
611 1385 688 1452 222.
734 1386 885 1454 Minerva
906 1387 947 1453 ed
969 1385 1130 1454 Achillem
1153 1388 1201 1454 ita
1223 1386 1318 1452 dicit:

552 1492 642 1558 ἄλλᾶ
665 1494 702 1558 τύ
726 1494 784 1572 μὲν
807 1498 858 1558 νῦν
882 1494 949 1569 τῆθι
973 1493 1026 1559 κού
1049 1493 1259 1560 ’'AMIINTti.

374 1598 459 1679 Quid
483 1604 532 1664 eet
555 1595 701 1678 ἄμπνυεθ
735 1598 783 1664 De
803 1597 1033 1687 cignidcatione
1056 1598 1146 1665 nulla
1177 1605 1225 1665 eet
1254 1599 1425 1665 dubitatio.
1470 1596 1522 1664 Si·

325 1703 457 1792 gnificat
480 1708 566 1770 enim
589 1706 795 1780 ἄνᾶπνευοον,
817 1705 873 1772 aed
897 1705 936 1771 da
959 1705 1063 1772 forma
1086 1725 1210 1791 quaero.
1257 1704 1399 1794 Vulgatc
1421 1704 1519 1770 lectio

326 1831 389 1876 non
421 1814 468 1876 eet
499 1813 628 1877 omnino
658 1809 789 1878 Graeca.
838 1810 947 1876 Teates
978 1811 1075 1877 habet
1103 1810 1209 1877 nullos
1239 1817 1364 1897 praeter
1386 1807 1521 1878 Codices

323 1915 419 1982 hodie
437 1919 631 2003 superstites.
677 1917 781 1984 Nemo
802 1923 948 1982 veterum
969 1915 1079 1983 laudat
1101 1938 1245 1996 versum,
1266 1937 1362 1984 nemo
1380 1916 1520 1984 formam

325 2021 451 2100 ἄμπνυε
477 2026 715 2090 commemorat.
762 2022 888 2089 Vitium
919 2044 955 2089 aa
986 2022 1094 2088 labem
1117 2025 1296 2109 concepisse
1320 2026 1463 2110 auspicor
1486 2028 1521 2089 et

326 2149 441 2197 verum
460 2149 527 2196 ecee
546 2128 704 2214 ἄμπιυο,
723 2129 806 2215 quod
830 2149 931 2214 quum
955 2131 1115 2214 aequiores
1140 2127 1291 2197 Graeculi
1309 2150 1373 2194 non
1391 2133 1521 2196 noaaaut

327 2241 510 2302 consuetam
541 2237 725 2321 imperativi
756 2235 894 2301 sormam
922 2237 956 2300 in
990 2243 1038 2300 -6
1062 2235 1305 2301 substituerunt.
1352 2237 1520 2302 Ἀνοιπνεῖυ

324 2341 422 2407 habet
444 2342 529 2428 apud
551 2340 731 2408 Homerum
755 2342 910 2408 cariatum
934 2341 1096 2428 duplicem
1118 2341 1279 2419 ἄμπνύνθη
1303 2347 1336 2408 et
1361 2339 1517 2421 ἄμπνυτο.

326 2447 507 2526 Ἀμπνύυθη
531 2446 653 2536 legitur
674 2457 712 2512 E.
740 2445 816 2513 697.

533 2544 605 2620 Ιτᾶν
627 2553 655 2620 δ’
679 2552 769 2619 ἔλιπε
792 2556 896 2636 ψυχή.
910 2591 952 2604 -
966 2548 1055 2628 οὗτος
1075 2553 1102 2621 θ’
1124 2553 1296 2634 ἄμπνύνθη.

328 2665 360 2728 et
385 2669 417 2729 Ξ.
444 2659 520 2726 436.

554 2765 616 2832 nell
639 2765 672 2831 δέ
696 2767 722 2832 οἱ
747 2764 823 2849 ύθυρ
845 2771 964 2846 Χοῦοιν,
988 2769 1003 2831 θ
1026 2766 1052 2834 δ’
1075 2765 1248 2848 ἀμπνύνθη.

328 2875 502 2942 formatum
533 2877 581 2940 eat
611 2879 650 2939 ut
678 2873 816 2952 ἐκλίνθη,
848 2872 1078 2957 ἄποκρινθύντε,
1110 2872 1367 2955 διακρινθήμεναι,
1393 2874 1517 2957 ύρθνθη,

327 2982 500 3067 δηρινθήτην
509 3030 519 3061 ,
550 2980 743 3058 εύθυνθύτην,
774 2979 966 3061 θδρύνθηοον,
1004 2981 1139 3062 ύρτύνθη.
1187 2978 1351 3048 Secundus
1383 2983 1519 3049 coriatus

327 3091 448 3179 legitur
478 3098 520 3154 Α.
544 3085 621 3153 359.
644 3085 734 3169 τόφρ’
753 3086 873 3168 Ἕκτωρ
897 3085 1100 3167 ἄμπνυτο,
1126 3096 1163 3154 X.
1187 3085 1262 3153 475.
1290 3079 1307 3162 θη
1331 3088 1356 3153 δ’
1379 3088 1445 3153 ἐπεὶ
1469 3083 1518 3154 ούυ

328 3195 529 3275 ἄμπνυτο.
554 3218 579 3259 ε.
602 3191 679 3259 458.
703 3192 778 3258 ἄλλ’
802 3189 852 3260 ύτε
876 3193 912 3269 δύ
935 3192 959 3276 ῥ’
983 3191 1190 3273 ἄμπνυτο,
1215 3201 1247 3259 et
1265 3219 1298 3260 c.
1320 3191 1396 3260 348.
1417 3193 1517 3276 οιύτᾶρ

328 3303 396 3369 leret
427 3301 450 3384 θ’
479 3298 679 3380 ἄμπνυτο.
725 3299 811 3366 Hinc
840 3302 945 3389 igitur
973 3301 1111 3367 formem
1142 3299 1266 3379 ἄμπνυο
1289 3321 1391 3388 neque
1413 3299 1516 3367 uilem

329 3407 427 3475 aliam
450 3411 558 3473 natam
583 3427 649 3472 ease
671 3409 875 3494 perspicuum
898 3427 965 3473 ecee
987 3408 1131 3473 arbitror.

372 3505 520 3581 Aorletue
543 3513 735 3578 ἄνοοπνεύτοοι
759 3517 791 3578 et
813 3513 957 3578 ἄνθπνεον
976 3517 1009 3578 et
1027 3511 1213 3586 ἄνᾶπνευτις
1234 3514 1318 3599 apud
1336 3513 1517 3580 Homerum

330 3624 492 3709 ponuntur
522 3619 641 3704 ubique
670 3616 805 3706 figurate
835 3618 874 3684 de
903 3616 1061 3684 malorum
1092 3620 1308 3685 intemaatoae
1338 3639 1374 3685 ac
1398 3619 1515 3706 requie,

329 3729 523 3793 ἄνοιπνεύτοοι
547 3723 653 3809 πύνου,
677 3724 862 3801 κοικύτητοο,
887 3724 1046 3809 πολέμοιο,
1067 3725 1122 3792 ced
1141 3725 1300 3805 ἄμπνύνθη
1322 3731 1355 3791 et
1373 3723 1517 3803 ἄμπνυτο

327 3835 453 3920 proprie
484 3835 511 3897 ai
540 3833 611 3917 quia
639 3833 790 3916 spiritum
819 3831 933 3916 recipit
960 3829 1157 3918 colligitque.
1203 3829 1262 3895 Hat
1285 3834 1393 3896 autem
1416 3832 1519 3898 forme

325 3939 445 4026 duplex
465 3939 500 4002 in
523 3936 642 4003 talibus
664 3936 806 4002 Homero
828 3957 891 4002 non
914 3935 1111 4022 infrequens,
1135 3937 1228 4001 utin
1252 3935 1385 4015 ἐλύμηι,
1415 3936 1518 4015 λύμην

326 4051 359 4111 et
382 4045 489 4122 λύθην,
515 4041 638 4123 ἐχύμην
661 4045 695 4107 et
716 4041 850 4121 ἐχύθην,
871 4042 996 4125 χυθεθς,
1022 4043 1185 4121 ἐποιούμην,
1210 4041 1338 4124 πλήμην
1361 4047 1394 4109 et
1420 4042 1517 4119 ἐπλύ-

330 4151 422 4232 οθην,
445 4148 581 4226 πλῆσθεν
603 4146 835 4235 similibusque.
