3358 5200
907 349 949 418 80

330 541 440 609 culum
463 542 549 608 adire
572 547 618 626 et,
642 547 680 605 ut
703 543 872 620 Ὁμηρικῶς
895 539 1017 618 dicam,
1042 541 1133 606 τοῦτί
1152 567 1190 608 ιοι
1213 551 1267 624 κῆρ
1287 543 1415 610 εείδεται
1430 541 1523 611 εἶναι.

374 755 454 842 Peg.
479 753 531 818 54.
557 751 578 818 8
601 758 770 838 postquam
802 755 1028 837 perstrinxerat
1060 753 1271 820 stoliditatem
1304 777 1430 834 eorum,
1464 762 1525 842 qui

329 881 471 927 rumores
503 864 535 924 et
564 859 765 924 rumusculos
797 859 835 923 de
867 856 1013 943 Philippi
1044 859 1184 924 consiliis
1214 869 1398 947 spargerent
1428 865 1526 947 quasi

329 968 392 1034 sibi
414 968 498 1032 notis
521 967 567 1029 ita
589 967 711 1050 pergit:
737 963 797 1042 ἐγὼ
823 965 848 1028 δ’
872 959 959 1040 οἶμαι
983 965 1040 1041 μέν
1065 1003 1107 1014 —·
1133 967 1243 1030 ἐκεῖνον
1262 967 1383 1043 μεθύειν
1402 970 1442 1046 τῷ
1464 993 1525 1046 με·

330 1073 413 1154 γέίει
436 1077 495 1136 τῶν
519 1069 847 1150 πεπραγμένων-οὖ
872 1068 975 1146 μέντοι
1000 1094 1040 1148 γε
1064 1071 1112 1147 μά
1137 1069 1190 1136 Δί’
1215 1069 1290 1136 οὕτω
1315 1075 1524 1152 προαιρεῖσθαι

331 1179 477 1261 πράττειν
508 1174 565 1244 ι’ίςε
596 1175 665 1246 τοὺς
698 1175 919 1249 ἀνοητοτάτους
942 1182 1001 1239 τῶν
1025 1175 1099 1256 παρ’
1124 1177 1196 1252 ἡμῖν
1220 1177 1329 1242 εἰδέναι
1353 1177 1384 1241 τί
1406 1177 1523 1254 μέλλει

331 1294 425 1352 ποιεῖν
449 1285 569 1352 ἐκεῖνος.
605 1280 702 1345 Recte
726 1285 758 1346 et
782 1283 895 1346 acriter
918 1282 1058 1364 dictum,
1082 1282 1137 1346 sed
1161 1282 1234 1348 vide
1258 1281 1335 1366 quid
1355 1287 1522 1366 sequatur:

331 1391 528 1467 ἀνοητότατοι
553 1395 629 1450 ΓΑΡ
655 1387 728 1448 εἰσιν
752 1387 777 1449 oi
801 1390 1040 1463 λογοποιοῦντες.
1072 1386 1230 1452 Haeccine
1250 1393 1400 1472 putemus
1421 1388 1526 1454 Athe-

331 1496 493 1564 aiensibus
516 1501 578 1564 τοῖς
604 1493 726 1556 πάντων
749 1490 907 1566 ὀξυτάτοις
931 1492 1043 1568 γνῶναι
1068 1492 1110 1556 τά
1134 1493 1259 1574 ρηίέντα
1286 1495 1372 1580 (pag.
1394 1491 1445 1557 32.
1460 1491 1522 1580 22)

331 1625 370 1670 na
394 1604 474 1667 forte
498 1604 601 1664 errent
618 1599 792 1662 necessaris
815 1593 934 1660 fuisse?
965 1596 1066 1661 Abeat
1089 1599 1192 1684 igitur
1214 1595 1377 1662 inficetum
1404 1597 1523 1662 scholi-

331 1731 387 1776 um
412 1707 495 1772 unde
515 1708 660 1780 venerat,
685 1704 719 1766 in
741 1701 817 1766 libri
839 1703 1030 1788 marginem.

376 1920 456 2006 Peg.
480 1915 533 1982 58.
559 1915 613 1982 16.
647 1917 775 1980 κατιδὼν
806 1915 1024 1990 Νεοπτόλεμον
1046 1917 1098 1979 τὸν
1124 1916 1284 1994 ὑποκριτὴν
1309 1955 1351 1966 -
1376 1918 1417 1981 το“ι
1442 1919 1522 1998 παρ’

333 2027 413 2103 ὑμῶν
441 2023 635 2110 [διοικοῦντα]
668 2023 812 2100 Φιλίππῳ
836 2019 916 2108 [καί]
949 2023 1187 2099 πρυτανεύοντα.
1235 2022 1321 2087 Audi
1343 2022 1523 2107 Harpocra—

330 2135 452 2198 tionem
482 2150 514 2194 v.
545 2127 873 2208 Πρυτανειίονταε
905 2127 1009 2205 κυρίως
1044 2127 1100 2202 μὲν
1131 2127 1201 2190 avr>
1233 2131 1286 2190 τοῦ
1317 2129 1523 2206 πρότονον

330 2236 440 2302 ὄντα·
465 2235 534 2298 άντὶ
560 2234 590 2298 δέ
614 2240 668 2297 τοῦ
693 2236 927 2298 διοικοῦντα
953 2231 1145 2307 Δημοσθένης
1171 2231 1200 2296 έν
1226 2241 1431 2306 Φιλιππικοῖς.
1464 2233 1525 2298 Vi-

331 2345 385 2409 des
415 2341 499 2407 unde
529 2343 572 2405 sit
602 2344 678 2404 neta
708 2338 826 2424 frigida
848 2337 1066 2422 interpolatio:
1098 2338 1293 2422 adscriptum
1317 2341 1351 2402 in
1373 2341 1524 2425 margine

331 2451 499 2514 διοικοῦντα
527 2448 608 2511 vitio
637 2451 799 2528 receptum
831 2449 880 2508 est
909 2462 971 2526 quo
1003 2443 1085 2508 facto
1118 2445 1170 2507 καί
1202 2443 1399 2508 addiderunt.
1447 2445 1524 2508 Non

330 2552 411 2619 solet
440 2551 668 2617 Demosthenes
697 2551 732 2613 in
761 2547 820 2612 tali
852 2569 885 2612 re
909 2547 1197 2623 111111είσοδύνιιμα
1222 2549 1429 2636 coniungere,
1464 2549 1525 2614 sed

329 2659 432 2723 sicubi
455 2661 547 2722 vetus
569 2655 761 2720 vocabulum
785 2675 845 2718 usu
868 2658 1032 2718 exemtum
1053 2653 1212 2740 legeretur
1246 2655 1421 2738 apponebat
1452 2675 1526 2719 ma·

330 2767 430 2852 gister
451 2782 570 2826 novum
595 2765 627 2825 et
649 2760 798 2824 omnibus
820 2765 941 2823 notum.

374 2976 454 3062 Pag.
480 2974 533 3040 59.
558 2972 586 3037 5.
612 2972 840 3059 Neoptolemus
869 2972 940 3047 πρὸς
973 2971 1082 3036 ἐκεῖνον
1109 2969 1322 3056 (Philippum)
1347 2971 1457 3052 ᾤχετο.
1484 2972 1519 3038 S.

329 3082 468 3161 οίχεται,
492 3082 628 3166 optime;
647 3081 828 3162 nuperrima
848 3080 933 3142 enim
953 3083 1024 3160 post
1043 3096 1154 3160 pacem
1173 3080 1382 3160 compositam
1397 3078 1526 3143 obierat

330 3193 458 3272 eratque
481 3191 553 3250 tum
576 3206 650 3250 cum
673 3182 834 3268 Philippo,
859 3182 945 3247 utde
972 3183 1138 3268 Agathone
1156 3185 1191 3246 in
1210 3183 1310 3246 Itonia
1330 3184 1412 3248 dixit
1431 3185 1529 3249 Aris-

329 3293 482 3379 tophanes
506 3291 627 3371 οἴχεται
653 3291 682 3361 ές
705 3289 852 3369 μακάρων
878 3287 1032 3370 εὑυχίαν,
1064 3291 1241 3352 eratenim
1265 3309 1339 3354 cum
1364 3309 1439 3376 rege
1462 3291 1527 3356 Ar-

329 3398 448 3464 chelae.

375 3563 477 3676 licute
499 3607 583 3673 vidit
604 3604 786 3690 Dindorlius
807 3625 881 3692 pag.
905 3604 958 3670 61.
986 3604 1037 3671 14.
1066 3607 1137 3690 [σῶς
1158 3631 1193 3670 τε
1218 3603 1293 3672 εἶναι
1318 3607 1370 3671 καί
1394 3617 1523 3686 κρατεῖν

329 3723 387 3782 τῶν
412 3713 531 3798 ἄλλον]
556 3733 697 3797 pennum
720 3732 786 3777 esse
809 3731 827 3774 a
851 3711 1033 3799 magistello
1058 3718 1213 3776 assutum.

374 3927 455 4014 Peg.
479 3923 532 3990 69.
559 3923 611 3989 19.
633 3924 691 3990 ibi
719 3928 824 3988 ταῦτα
849 3925 904 4000 μέν
929 3924 1039 4004 μέλλει
1065 3927 1118 3990 καὶ
1141 3930 1290 4004 μελλήσει
1316 3950 1374 4002 γε,
1399 3928 1437 3996 ὥς
1457 3929 1523 4002 ἐγὼ

329 4036 434 4113 κρίνον,
466 4039 527 4102 τοῖς
561 4032 741 4104 Μεσσηνίοις
771 4031 802 4094 δὲ
826 4031 878 4094 καὶ
903 4038 965 4100 τοῖς
990 4033 1140 4109 Ἀργείοις
1166 4033 1246 4096 ’elil
1271 4032 1341 4101 τοὺς
1364 4029 1526 4094 Λακεδαι-

329 4141 446 4218 μονίους
470 4138 669 4214 συμβάλλειν
693 4141 723 4200 οὐ
749 4138 870 4213 μέλλει.
919 4135 1044 4202 Ultima
1068 4139 1163 4203 verba
1185 4137 1326 4225 intelligi
1344 4157 1406 4202 non
1429 4157 1526 4222 posse

329 4247 406 4311 satis
440 4243 610 4307 ostendunt
644 4244 808 4308 doctorum
845 4245 1119 4328 interpretationes
1150 4243 1231 4306 οὐδὲν
1263 4246 1347 4320 ὑγιὲς
1379 4240 1524 4322 ἔχουσαι.

328 4351 470 4432 Antiqua
493 4350 648 4433 scripture
671 4349 748 4414 haec
773 4359 858 4414 erat:
891 4357 954 4420 τοῖς
980 4350 1130 4428 Ἀργείοις
1163 4350 1231 4420 τοὺς
1258 4351 1522 4426 Λακεδαιμονίους

328 4455 527 4534 συμβάλλειν
553 4455 584 4516 οὐ
608 4453 738 4530 μέλλει,
763 4451 819 4518 sed
841 4454 918 4536 quid
941 4461 1023 4519 esset
1046 4454 1246 4532 συμβάλλειν
1270 4476 1332 4520 non
1351 4454 1528 4521 intellexe-
