3392 5186
894 341 959 416 550

465 537 521 603 σὺν
544 538 576 605 δὲ
599 536 697 612 πόδας
720 535 831 619 χεῖράς
856 561 891 603 σε
914 535 1001 602 δέοι
1024 532 1190 612 θυμαλγέϊ
1210 532 1323 613 δεσμῷ.

329 666 392 711 non
423 646 487 722 sic,
517 645 572 710 ssd
604 653 800 710 AIAeNTo
826 648 865 712 et¹
881 649 1016 710 ΔΙΔΕΝ
1039 644 1169 727 potitam
1192 639 1334 717 dedisse,
1359 643 1399 704 nt
1418 658 1529 705 emen·

333 750 405 817 date
428 749 552 839 legitur
574 760 614 815 A.
642 750 717 816 105.

696 865 800 923 ΔΙΔΗ
824 854 971 939 μδσχσισι
995 853 1127 933 λύγοισι.

375 961 471 1048 Apud
490 961 693 1050 Hesychium
711 967 863 1030 notantur
880 964 940 1029 hae
960 961 1096 1028 formae:
1118 957 1261 1034 Διδέιισι,
1283 957 1376 1034 Aila,
1391 956 1525 1034 nenne,

331 1068 490 1134 Διδὲιτιιι.
539 1067 740 1136 vitiaverant
767 1067 932 1156 plerasque
954 1067 1096 1146 librarii,
1121 1064 1177 1132 sed
1199 1063 1334 1132 feliciter
1355 1065 1526 1129 restitutae

330 1179 405 1243 sunt
428 1194 549 1242 omnes.

857 1385 991 1452 XXXV.

795 1567 897 1635 luno.
922 1577 956 1632 B.
982 1565 1057 1633 558.

379 1755 481 1820 Fama
508 1758 556 1820 est
581 1753 712 1840 abipso
736 1749 851 1818 Solone
874 1753 909 1817 in
930 1748 1023 1817 Iliad.
1046 1759 1081 1815 B.
1107 1744 1184 1816 558.
1207 1745 1437 1835 interpolatum
1459 1765 1530 1812 esse

332 1881 463 1928 versum
486 1861 591 1926 hunc:

515 1972 592 2040 eice
615 1963 641 2030 δ’
666 1961 752 2044 ἄγων
776 1960 815 2029 l'o'
838 1963 1006 2038 'Ainesios
1029 1961 1133 2032 ἵςιινσι
1155 1960 1343 2045 Φάλιιγγες.

336 2093 433 2160 quam
452 2072 598 2140 fraudem
614 2069 820 2136 Aristarchus
841 2075 933 2136 acute
950 2072 1110 2156 perspexit
1128 2067 1387 2154 versiculumque
1404 2069 1529 2134 invicto

338 2185 528 2268 argumento
552 2178 716 2244 damnavit
739 2181 771 2242 55
794 2179 957 2261 expunxit.
992 2179 1022 2242 A
1044 2174 1158 2241 Solone
1176 2175 1262 2240 hunc
1278 2172 1387 2239 locum
1408 2197 1530 2253 σιιρεμ-

335 2286 514 2365 βεβιιῆσθιιι
549 2290 646 2350 555555
677 2288 753 2348 sunt
783 2288 815 2348 55
846 2282 904 2347 5555
935 2286 967 2347 55
992 2280 1185 2347 Plutarchus
1207 2283 1242 2344 in
1265 2279 1369 2343 555555
1392 2300 1459 2365 cap.
1482 2279 1528 2344 X.

335 2391 398 2458 Sed
432 2393 575 2475 quisquis
606 2391 740 2454 inseruit
766 2387 936 2453 manifesto
960 2387 1110 2472 deprensa
1133 2385 1219 2451 iraus
1241 2390 1298 2450 555.
1344 2385 1396 2450 Ad
1418 2389 1528 2470 ipsum

333 2497 442 2562 locum
473 2494 556 2560 nihil
581 2499 769 2559 annotatum
793 2492 948 2559 ridemus
998 2493 1142 2558 Fortasse
1164 2490 1367 2558 Aristarchus
1390 2493 1529 2556 versicu-

334 2601 405 2667 lum
428 2599 599 2665 manifestc
622 2600 769 2684 spurium
792 2597 854 2663 οὐδ’
880 2596 1029 2680 ἔγραφεν.
1076 2595 1138 2663 Sed
1164 2597 1203 2664 ad
1226 2607 1260 2662 Γ.
1285 2596 1363 2663 230.
1385 2597 1529 2664 confutat

335 2725 473 2773 errorem
504 2704 670 2789 multoque
699 2706 856 2789 copiosius
885 2705 974 2770 idem
1004 2704 1080 2770 fecit
1110 2702 1223 2770 Strabo
1255 2703 1313 2770 lx.
1344 2724 1420 2791 pag.
1448 2699 1525 2768 394.

334 2810 512 2878 Aristarchi
536 2811 775 2875 commentariis
798 2831 886 2876 usus.
924 2807 1149 2897 Compluribus
1172 2812 1259 2876 enim
1280 2807 1416 2876 Homeri
1435 2807 1526 2890 locis,

335 2937 413 3003 quos
443 2914 556 2982 Strabo
587 2919 769 3001 enumerat,
802 2915 1005 2982 Aristarchus
1028 2915 1276 2983 demonstravit:
1300 2911 1344 2980 ὅτι
1370 2917 1424 2980 οὐκ
1448 2913 1526 2992 sicar

336 3021 464 3097 πλησίοι
485 3020 619 3094 Αἴαντος
645 3022 808 3097 Ἀθηναῖοι.
843 3021 1047 3087 Aristarchus
1072 3021 1307 3108 interpolatoris
1329 3041 1446 3087 nomen
1464 3041 1527 3086 non

334 3132 493 3193 memorat
516 3128 567 3193 τὸν
588 3127 692 3209 elzeri,
717 3129 837 3214 inquit,
859 3128 911 3193 σὸν
935 3125 1009 3191 ὑπό
1030 3151 1146 3192 σιιιιι
1170 3126 1377 3209 γριιΦόμεισν.
1415 3125 1528 3194 Strabo

336 3239 461 3300 contra:
485 3232 539 3298 xci
560 3239 659 3313 φιισιι
683 3235 709 3297 ol
733 3234 789 3310 μὲν
813 3233 1013 3314 Πεισίςριιτσι
1038 3234 1063 3299 ol
1087 3233 1118 3298 δὲ
1143 3233 1270 3299 Edicto
1294 3231 1525 3314 παρεγγράψαι

336 3340 371 3405 τὸ
405 3339 491 3412 ἔπος.
516 3341 631 3405 caeteri
656 3358 765 3404 omnes
788 3338 937 3405 Solonem
959 3361 1063 3405 unum
1084 3343 1258 3405 nominant
1308 3339 1459 3425 Quisquis
1480 3342 1527 3404 in·

336 3445 506 3532 terpolavit
536 3449 620 3510 certe
643 3444 707 3509 fuit
729 3445 932 3511 Atheniensis
957 3444 1089 3530 aliquis,
1114 3448 1197 3512 circa
1220 3445 1345 3512 Solonis
1368 3450 1424 3510 aut
1446 3445 1526 3510 Pisi-

336 3554 429 3618 strati
448 3557 603 3634 aetatem‚
622 3571 724 3636 neque
744 3555 914 3636 quisquam
934 3557 1006 3616 ante
1025 3553 1247 3617 Aristarchum
1260 3553 1359 3618 sensit
1370 3550 1526 3616 haudem.

337 3658 455 3725 Versus
486 3659 553 3743 ipse
575 3662 623 3723 est
646 3656 784 3736 ὁμηιιιιός
809 3663 842 3722 55
864 3656 1007 3723 Homero
1033 3657 1162 3744 dignus,
1189 3657 1298 3743 quales
1321 3660 1353 3723 et
1375 3653 1472 3721 Solon
1495 3661 1527 3722 et

336 3764 525 3830 Pisistratus
548 3762 715 3828 commode
736 3783 875 3850 pangere
898 3763 993 3828 ambo
1017 3767 1172 3847 poterant.

856 3985 1007 4053 xxxvi.

696 4169 818 4235 ὮΡΗΙ
846 4167 912 4234 ἘΝ
936 4177 1164 4236 FelAPINHl.

383 4353 499 4418 'I'ribus
531 4352 614 4439 apud
641 4351 822 4418 Homerum
844 4352 923 4418 locis
945 4351 1111 4418 Bekhems
1135 4351 1236 4418 edidit
1257 4349 1313 4433 a„
1335 4351 1365 4416 ἐν
1388 4359 1525 4432 erraras.

338 4469 377 4524 11.
403 4457 481 4526 643.
