3358 5200
886 383 930 454 34

312 586 375 653 λοῖς
409 575 439 643 ὃν
470 579 532 658 xci
559 575 668 659 τρόπον
692 574 909 642 πολιτεύεσθαι
933 575 997 643 ιιπὲ.
1045 575 1136 642 Unde
1160 575 1239 643 haec
1260 579 1423 666 irrepsisse
1446 599 1509 664 pu-

313 682 438 750 temus?
477 683 585 749 Subiit
616 684 699 750 mihi
730 703 971 769 nonnumquam
1003 684 1149 748 animum
1180 685 1334 771 cogitatio
1364 684 1441 749 baec
1473 689 1510 748 et

248 873 253 884 .
313 789 361 854 bis
395 788 516 855 similia
551 789 636 875 apud
669 788 919 855 Demosthenem
953 791 988 852 in
1022 787 1045 853 S
1081 789 1200 854 omissa
1235 810 1274 856 ex
1305 789 1510 874 Theopompi

311 903 508 968 Φιλιππικοῖς
538 897 572 959 in
595 897 742 982 margine
765 897 909 980 apposita
932 893 1045 960 deinde
1070 898 1108 959 ut
1132 891 1169 959 fit
1191 895 1226 959 in
1249 900 1376 961 textum
1399 915 1432 959 se
1456 897 1510 958 in-

313 1004 463 1067 sinuasse.
510 999 634 1086 Inspice
666 999 751 1064 mihi
780 999 889 1066 locum
919 1021 993 1088 pag.
1027 997 1102 1065 126.
1138 999 1168 1064 1.
1193 997 1265 1066 odos
1289 1000 1346 1081 μὲν
1369 1000 1510 1082 πέμψας

312 1108 383 1180 τοὺς
415 1105 489 1185 μετ’
522 1104 700 1186 Εὐρυλόχου
732 1103 851 1183 ξένους,
884 1105 980 1170 πάλιν
1013 1104 1046 1170 δὲ
1077 1105 1147 1178 ποὺς
1171 1107 1256 1184 μετὰ
1280 1107 1506 1186 Παρμενίωνος.

311 1213 468 1279 Historioi
490 1217 538 1278 cst
560 1212 638 1278 haec
660 1213 836 1277 minutiora
858 1231 1124 1290 commemorare,
1148 1232 1210 1278 non
1234 1215 1374 1278 oratoris.
1407 1211 1511 1278 Recte

311 1321 415 1407 igitur
437 1319 515 1384 haec
538 1315 561 1382 S
584 1319 718 1382 omittit.
753 1317 888 1403 Exque
912 1317 992 1396 alio,
1019 1337 1116 1403 qnam
1139 1339 1178 1384 ex
1201 1317 1415 1404 Theopompo,
1436 1318 1510 1384 cius

312 1427 360 1490 rei
382 1425 498 1490 notitia
518 1421 642 1488 hauriri
664 1419 791 1508 potuit?

356 1633 563 1700 Removenda
592 1639 641 1699 est
662 1633 874 1700 intolerabilis
894 1635 1024 1722 negatio
1048 1633 1146 1700 stulte
1168 1636 1305 1719 repetita
1325 1655 1399 1721 pag.
1426 1631 1508 1699 119.

314 1740 346 1807 4.
379 1739 457 1806 ἀλλ’
489 1740 550 1820 οὐχ
583 1740 656 1821 ὑπὲρ
689 1740 844 1806 Φιλίππου
875 1740 927 1805 καὶ
963 1737 1002 1805 ὧν
1032 1741 1142 1814 ἐκεῖνος
1173 1738 1304 1820 προὶππει
1334 1746 1385 1806 νῦν
1415 1739 1509 1825 [οὐχ]

315 1843 407 1920 οὕτως
435 1843 557 1928 ἔχουσιν
583 1848 615 1912 οὐ
639 1844 728 1927 μόνον
752 1847 813 1928 οὑχ
832 1845 984 1923 Ἕλληνος
1007 1845 1088 1918 ὄντος
1102 1847 1233 1911 -οὶλλ’
1256 1845 1324 1911 οὐδὲ
1342 1845 1511 1926 βαρβάρου

316 1953 450 2020 ἐντεῦθεν
473 1948 537 2017 ὅθεν
559 1951 654 2018 καλὸν
678 1953 783 2018 εἰπεῖν.

358 2165 439 2253 Peg.
474 2161 548 2229 122.
581 2161 611 2228 6.
643 2164 747 2230 ἐκεῖνον
781 2164 929 2238 Ζελείτην
961 2163 1032 2228 τινα
1054 2166 1201 2244 Ἄρθμιον
1225 2165 1329 2230 δοῦλον
1350 2161 1512 2243 βασιλέως

316 2265 361 2336 ὅτι
382 2272 424 2349 τῷ
445 2268 576 2352 δεσπότις
595 2269 734 2335 διακονῶν
753 2271 877 2349 χρυσίον
898 2271 1022 2348 ἤγαγεν
1043 2271 1084 2342 εἰς
1106 2267 1388 2342 Πελοπόννησον-
1401 2269 1513 2348 ἐχθρὸν

315 2373 415 2440 αὐτῶν
439 2373 637 2455 ἀνέγραψαν.
684 2374 738 2440 Sic
763 2374 852 2440 locus
875 2374 1029 2464 legendus
1053 2379 1101 2440 est
1124 2377 1224 2441 eiecto
1246 2374 1364 2460 puerili
1386 2373 1514 2439 addita-

314 2485 422 2546 mento
453 2481 538 2566 quod
568 2485 696 2546 servant
725 2480 801 2546 libri
832 2500 958 2552 omnes,
990 2483 1046 2567 qui
1077 2485 1148 2566 post
1178 2480 1334 2558 βασιλέως
1367 2479 1510 2547 addunt:

320 2584 351 2674 [ἡ
380 2586 444 2666 γὰρ
476 2584 588 2650 Ζέλειοὶ
620 2587 664 2654 des
695 2593 751 2660 τῆς
785 2585 925 2672 Ἀσίας].
957 2588 1048 2673 quasi
1080 2606 1155 2653 vero
1185 2587 1220 2652 id
1243 2589 1410 2672 quisquam
1433 2590 1513 2651 tum

314 2693 466 2769 nesciret,
497 2710 635 2776 namque
664 2691 794 2778 perinde
824 2697 873 2758 est
900 2712 936 2758 ac
959 2695 987 2756 si
1010 2695 1082 2776 quis
1105 2691 1223 2758 diceret
1250 2693 1284 2757 ai
1310 2692 1372 2772 γὰρ
1397 2691 1515 2768 Θῆβαί

315 2796 373 2861 εἰσι
404 2802 460 2870 τῆς
492 2797 636 2868 Βοιωτίας
666 2797 719 2863 vel
743 2797 759 2872 ἦ
784 2798 959 2862 Μαντίνεια
982 2805 1037 2872 τῆς
1063 2797 1243 2878 Ἀρκαδίας.
1289 2797 1457 2863 Praeterea
1479 2801 1515 2863 si

317 2904 388 2988 quis
410 2905 649 2988 quammaxime
671 2904 729 2968 ubi
751 2902 894 2970 locorum
919 2906 935 2980 ἡ
960 2903 1073 2970 Ζέλειαν
1096 2905 1159 2969 sita
1181 2923 1248 2968 esse
1268 2905 1420 2988 nesciret,
1444 2923 1515 2969 non

316 3028 382 3074 esse
405 3005 557 3075 Graeciae
579 3008 693 3074 urbem
715 3009 856 3074 sciebant
879 3029 988 3076 omnes
1011 3014 1043 3075 et
1066 3012 1100 3074 in
1126 3009 1230 3082 δοῦλος
1254 3007 1411 3088 βασιλέως
1435 3029 1514 3075 con-

316 3113 406 3178 tinuo
429 3112 654 3202 intedigebant
676 3114 841 3179 hominem
864 3117 898 3178 in
921 3114 1050 3180 Perside
1073 3135 1139 3180 csse
1161 3119 1284 3180 netum.

363 3217 565 3305 Quamquam
589 3221 661 3304 quis
683 3223 808 3305 poterat
831 3218 960 3285 Ζέλειαν
983 3222 1129 3307 ignorare
1152 3223 1209 3306 qui
1228 3220 1267 3286 ab
1284 3222 1414 3287 ineunte
1431 3241 1517 3306 pue·

316 3326 392 3390 ritis
414 3325 594 3391 Homerum
620 3325 802 3392 audiverat:

499 3425 527 3497 ci
549 3432 580 3496 δὲ
604 3431 733 3497 Ζέλειαν
757 3430 853 3497 ἔναιον
878 3431 954 3496 ὑπαὶ
979 3430 1059 3498 πόδα
1083 3431 1202 3498 νείατον
1218 3432 1303 3506 Ἴδας

498 3537 617 3621 ἀφνειοὶ
643 3537 780 3612 πίνοντες
805 3534 878 3618 ὕδωρ
901 3535 1003 3616 μέλαν
1027 3538 1185 3614 Αἰσήποιο.

362 3748 443 3838 Peg.
469 3749 544 3816 125.
571 3748 603 3816 6.
626 3747 706 3826 λέξοι
732 3749 758 3814 δ’
783 3745 861 3829 ἔργα
884 3741 906 3814 ἃ
930 3747 1047 3822 ποὶνπες
1070 3747 1195 3814 εἵοεοθε.
1242 3749 1392 3814 Primum
1415 3748 1517 3814 offen-

319 3855 367 3922 dit
390 3853 469 3938 ἔργα
492 3858 575 3922 miro
598 3860 630 3921 et
648 3857 801 3920 inusitato
824 3876 885 3921 usu
904 3857 1062 3941 positum,
1083 3855 1195 3920 deinde
1214 3855 1360 3920 futurum
1380 3853 1514 3921 εἵοεουε.

318 3961 443 4028 Nature
471 3963 518 4028 rei
550 3967 583 4027 et
613 3960 738 4026 dicendi
767 3981 845 4026 usus
868 3959 913 4028 iss
937 3959 1088 4047 postulat.
1135 3961 1280 4027 Fortasse
1304 3962 1402 4027 dixit:
1427 3960 1515 4039 λέξω

320 4066 345 4130 δ’
369 4062 391 4131 ἃ
416 4066 531 4138 πάντες
555 4065 715 4134 ἔπίςαοθε.

363 4277 443 4366 Peg.
473 4275 548 4342 129.
575 4275 627 4342 16.
652 4276 717 4342 οὐδὲ
741 4278 825 4342 τοῦτ’
849 4275 985 4358 ἄχρυςον
1011 4277 1072 4343 οὐδ’
1097 4278 1130 4342 αἱ
1154 4276 1260 4357 πὲρυοι
1285 4277 1449 4359 πρεσβεῖαι
1475 4284 1515 4346 αἱ

320 4384 387 4465 περὶ
410 4382 637 4456 Πελοποννησον
658 4384 770 4447 ἐκεῖνον
796 4384 864 4468 [καὶ
889 4383 1108 4467 κατορρορίοοο],
1133 4375 1171 4455 ἃς
1195 4383 1256 4461 ἐγὼ
1280 4385 1331 4448 καὶ
1357 4383 1519 4450 Πολύευκ-

319 4515 369 4564 τος
395 4527 436 4537 -
461 4489 669 4568 περιήλθομεν.
718 4488 825 4554 Donec
856 4490 934 4554 satis
963 4488 1120 4554 constabit
1149 4489 1338 4572 κατηγορίας
1363 4489 1516 4572 περιϊέναι
