3392 5186
889 355 955 423 364

369 546 477 612 Etiam
510 544 626 623 ύξαντο
655 553 704 613 est
732 552 766 610 νἰο
796 548 883 610 libris
912 549 1063 632 οααὶύαο,
1094 553 1127 612 et
1158 551 1268 612 tamen
1294 549 1366 632 quis
1389 548 1521 612 dubitat

325 655 400 738 quin
424 655 466 718 sit
490 656 645 718 vitiosum
666 659 698 718 et
720 651 910 718 barbarum?
946 654 1067 719 Δύσετο
1087 659 1119 717 et
1139 653 1226 718 δύσεο
1247 655 1323 718 satis
1345 654 1522 718 ostendunt

324 758 462 824 dinosco
486 779 598 824 verum
624 781 689 824 esse
712 765 744 824 et
767 761 834 824 sine
857 781 948 826 mora
969 760 1196 846 reponendum.
1234 759 1337 825 Affine
1360 760 1522 825 mendum

324 871 371 930 est
396 876 433 930 Σ.
458 861 535 930 376.
559 868 594 930 in
616 864 806 952 vulgaribus
831 865 941 931 libris:

528 969 672 1052 ἔφρασα
697 969 871 1049 αὐτόματοι
896 974 970 1037 ύεΐον
995 971 1148 1037 δοσΑΙοιτ’
1167 972 1286 1049 droise.

323 1078 358 1142 in
387 1075 576 1142 melioribus
607 1081 639 1141 et
670 1077 755 1161 apud
787 1075 1024 1144 Grammaticos
1054 1085 1102 1144 est
1131 1083 1187 1143 aut
1219 1076 1362 1142 δύσονται
1393 1079 1445 1161 (ut
1475 1086 1519 1143 H.

324 1180 416 1262 298.)
448 1190 504 1247 aut
534 1181 695 1248 δύσονται.
744 1184 906 1249 Δνσαύατο
937 1205 1000 1250 non
1023 1188 1132 1249 miuus
1155 1188 1204 1249 est
1226 1184 1398 1250 barbarum
1419 1204 1521 1268 quarn

323 1288 464 1354 δύσαντο.
501 1290 597 1374 Apud
616 1309 700 1354 seros
720 1287 893 1356 Graeculos
911 1311 968 1376 pro
989 1328 1009 1340 -
1022 1291 1088 1357 έδνν
1108 1295 1221 1356 natum
1240 1295 1290 1354 est
1309 1326 1329 1338 -
1341 1288 1521 1374 εδνσύμήν,

323 1395 478 1460 οέτύδυσαι
503 1395 727 1479 praeiudicii,
753 1395 934 1461 ἐνδύσασθαι
958 1418 1015 1483 pro
1037 1397 1155 1466 ἐνδῦναι
1179 1399 1211 1460 et
1231 1396 1361 1462 similia.

369 1500 455 1566 luter
479 1536 498 1548 -
511 1523 581 1564 σετο
605 1505 638 1565 et
660 1524 769 1566 -σασο
793 1504 828 1566 in
851 1502 969 1567 talibus
993 1503 1200 1590 ambigebant
1223 1505 1341 1576 etiam,
1363 1507 1401 1566 ut
1428 1502 1520 1567 vide·

325 1613 397 1690 tur,
431 1601 543 1670 Oritici
576 1610 707 1670 veteres.
755 1607 814 1672 Est
849 1610 1011 1673 annotatio
1042 1611 1076 1672 in
1107 1607 1226 1673 Veneto
1258 1618 1291 1671 Β.
1322 1606 1361 1672 ad
1393 1618 1424 1670 Β.
1460 1606 1516 1672 35.

325 1711 584 1788 ατεβήσετοῑ
607 1710 621 1772 d
644 1711 701 1788 μὲν
726 1711 886 1787 Ζηνόδοτος
911 1715 963 1778 διὰ
987 1718 1040 1778 τοῦ
1066 1715 1248 1792 θγροὶφει,
1271 1704 1284 1776 ὃ
1305 1713 1357 1778 καὶ
1380 1711 1518 1788 ἄμεινον.

324 1819 350 1884 οἱ
376 1818 406 1883 δὲ
430 1815 521 1881 ἄλλοι
547 1817 598 1881 aa
621 1822 673 1882 τοῦ
697 1828 737 1882 Α.
762 1818 816 1883 sed
840 1818 998 1884 sublestae
1021 1819 1193 1884 admodum
1215 1817 1289 1884 fidei
1308 1827 1356 1884 est
1373 1825 1405 1884 et
1425 1821 1518 1885 testis

325 1929 358 1990 et
388 1924 621 1989 testimonium.
667 1923 765 1989 Peius
796 1929 844 1988 est
867 1926 966 1989 etiam
989 1925 1073 2009 quod
1095 1927 1130 1988 in
1153 1923 1267 1990 eodem
1289 1921 1404 1990 Codice
1428 1925 1517 1990 addi-

324 2036 394 2096 tur:
420 2031 445 2094 εἰ
470 2037 564 2094 ΜΕΝ
584 2029 652 2094 ἀντὶ
673 2033 726 2095 τοῦ
758 2029 967 2108 εἰσέβαινε
1000 2036 1216 2112 ταρατατικοῡ
1238 2031 1289 2096 διαὶ
1321 2033 1374 2094 τοῦ
1394 2041 1423 2094 Α
1444 2055 1522 2109 γρα-

324 2137 415 2204 ττέον
446 2137 525 2200 οὶτε
532 2137 698 2216 βήσατο.
731 2133 823 2207 οὕτως
855 2137 1098 2216 Ἐταφροδιτος,
1124 2139 1216 2202 cuius
1239 2139 1430 2201 sententiam
1453 2139 1517 2221 pri·

325 2265 417 2310 mum
443 2241 555 2327 supple
579 2247 612 2307 et
635 2242 768 2306 emenda
789 2243 823 2306 in
845 2242 931 2307 hunc
954 2243 1086 2308 modum
1111 2241 1161 2306 aa
1184 2246 1237 2306 τοῦ
1263 2243 1302 2327 (Ε
1325 2241 1517 2328 γραπτέον),

326 2351 351 2414 εἰ
378 2357 435 2412 ΔΕ
460 2347 528 2412 uiuri
553 2353 605 2412 τοῦ
630 2347 766 2421 dudda
791 2349 910 2428 οὶορύςον
930 2347 980 2413 tra
1002 2350 1069 2432 τοῦ)
1094 2358 1121 2412 Λ
1149 2347 1412 2425 νὶτεβήσατο.
1459 2351 1518 2414 Ασ-

324 2457 436 2542 gutiae
466 2453 526 2518 hae
557 2458 631 2517 sunt
664 2458 697 2518 et
727 2454 990 2530 contemnendae,
1023 2455 1078 2519 sed
1105 2453 1276 2519 ostendunt
1297 2453 1460 2538 duplicem
1481 2457 1519 2519 in

325 2560 445 2626 talibus
475 2560 665 2644 scripturam
697 2559 903 2624 circumferri.
950 2555 1074 2624 Certior
1105 2565 1152 2624 est
1179 2557 1256 2624 fides
1279 2558 1391 2624 scholii
1415 2560 1455 2624 ad
1475 2570 1516 2625 K.

327 2664 401 2731 513.
436 2664 686 2742 ἕτεβήσετοι
720 2661 812 2737 οὕτως
843 2665 1048 2746 Ἀρύςαρχος,
1077 2662 1167 2729 ἄλλοι
1200 2665 1230 2729 δὲ
1262 2665 1516 2742 ἐπεβήσατο.

325 2771 389 2838 Sed
432 2770 637 2836 vehementer
679 2770 790 2835 dubito
825 2770 864 2836 de
897 2773 955 2848 iis,
992 2791 1072 2855 quae
1106 2769 1260 2859 leguntur
1293 2771 1334 2835 ad
1367 2779 1399 2836 Γ.
1437 2770 1516 2836 262.

323 2877 494 2956 βήσετοτ
526 2875 672 2957 προκρίνει
704 2877 760 2953 μὲν
790 2878 845 2952 τήν
869 2876 918 2941 aad
943 2881 996 2941 τοῦ
1023 2884 1047 2941 Ε
1071 2879 1196 2956 γραφήν
1228 2875 1400 2954 βήσετο,
1434 2878 1518 2950 πλήν

325 2985 357 3048 ού
382 2982 584 3070 μετατύύήσιν
606 2982 694 3047 ἀλλὰ
719 2981 769 3046 διὰ
794 2987 847 3048 τοῦ
874 2993 901 3047 Λ
924 2983 1042 3063 νρούφει
1067 2983 1262 3063 Ἀρίςαρχος.

370 3085 474 3169 Quid?
508 3109 547 3154 au
581 3088 783 3153 Aristarchus
816 3088 987 3154 lectionem
1021 3089 1189 3154 manifesto
1224 3088 1411 3165 barbaram,
1453 3110 1517 3154 non

324 3196 432 3260 miuus
456 3214 552 3279 quam
572 3193 701 3259 δύσαντο
722 3198 755 3259 et
776 3191 909 3270 ἄξανσο,
932 3197 1066 3259 retinuit
1085 3215 1185 3278 quum
1206 3214 1314 3259 veram
1334 3199 1366 3258 et
1384 3196 1517 3278 probam

325 3301 376 3366 διοδ
408 3303 461 3365 τοῦ
497 3308 522 3363 Ε
551 3300 682 3364 haberet
712 3300 751 3364 ob
783 3297 908 3365 oculos?
955 3297 1031 3365 Grae
1063 3300 1208 3383 credam,
1230 3301 1285 3364 sed
1306 3299 1400 3364 hodie
1423 3299 1518 3366 nihil.

324 3407 477 3474 Potuitne
507 3405 729 3470 Aristarchum
761 3405 871 3492 fugere
903 3405 1050 3493 analogia
1081 3411 1148 3470 tam
1179 3411 1287 3489 aperta
1312 3425 1348 3470 ac
1370 3405 1518 3490 frequens

324 3517 359 3580 in
391 3513 498 3577 δύσετο
520 3510 546 3575 δ’
571 3512 687 3585 ήέλιος,
712 3509 895 3587 ύνεδύσετο,
922 3513 1127 3586 κατεδύσετο,
1155 3511 1321 3576 ὑπεδύσετο
1346 3517 1379 3576 et
1401 3512 1513 3589 βήσεο,

325 3618 524 3694 οὶτεβήσετο,
558 3617 744 3694 ἐπεβήσετο,
773 3616 987 3694 κατεβήσετο,
1014 3622 1046 3682 et
1071 3615 1198 3694 ἄξοντο,
1224 3615 1353 3694 ἄξεσύε,
1375 3623 1407 3682 ct
1429 3617 1517 3696 λέξεο

325 3733 363 3808 (1.
389 3722 478 3812 617.)
504 3729 536 3789 et
558 3722 660 3802 ὄρσεο,
685 3721 769 3801 ὄρσεο
796 3729 842 3804 (Γ.
868 3721 945 3787 250.
971 3722 1069 3803 ὄρσεο,
1096 3707 1364 3800 Λαομεδοντιούδή,
1390 3728 1422 3786 et
1450 3743 1517 3788 sae·

323 3834 397 3918 pius
420 3827 526 3914 aiibi)?
548 3829 689 3913 imponit
706 3830 826 3893 iterum
844 3830 936 3894 nobis
950 3831 1055 3894 nescio
1075 3831 1166 3894 cuius
1185 3825 1397 3895 Grammatioi
1417 3848 1517 3912 error,

326 3957 429 4022 aquo
452 3957 620 4002 caveamus
645 3955 762 4000 censeo.

370 4043 464 4107 Latet
495 4042 599 4106 adhuc
630 4039 723 4126 apud'
739 4040 919 4106 Homerum
943 4061 1007 4104 una
1030 4047 1062 4106 et
1085 4041 1184 4105 altera
1206 4040 1309 4104 forma
1331 4038 1414 4115 illis,
1440 4059 1521 4123 quas

325 4151 558 4225 enarravimus,
591 4147 716 4212 similis.
765 4143 936 4213 Considera
966 4146 1049 4209 mihi
1079 4147 1222 4230 primum
1254 4144 1426 4233 diligenter
1459 4144 1520 4210 hos

325 4255 404 4320 duos
427 4253 544 4318 Poetae
567 4251 662 4318 locos.
709 4251 801 4317 iliad.
829 4260 874 4316 Ω.
902 4249 978 4318 357.

415 4358 543 4441 ύψεσύε,
567 4365 669 4438 Τρῶες
694 4357 746 4424 καὶ
772 4357 931 4438 Τριροὶδες,
955 4355 1077 4437 Ἕκτορ’
1104 4357 1218 4430 idoare,

416 4463 518 4532 sistere
542 4466 594 4530 καὶ
619 4463 722 4544 ζώοντι
746 4463 856 4544 μάχης
881 4465 915 4528 ἐκ
940 4463 1103 4539 νοσήσαντι
