3232 5176
749 393 791 468 77

165 589 390 667 σ’μωμοκόσας.
439 587 570 656 Certum
599 591 684 654 enim
716 592 749 654 in
782 610 818 654 ee
841 611 874 656 re
896 595 928 654 et
950 595 1095 656 constans
1120 590 1245 656 dicendi
1268 611 1370 677 genus

166 703 226 762 est
251 697 303 759 τὸν
324 695 417 759 αὐτὸν
441 697 546 775 ἐχθρὸν
571 694 623 759 καὶ
648 695 739 775 Φίλαν
763 697 851 770 ccccl
860 695 877 775 ζ
886 719 953 760 ειν.
1001 696 1110 762 Multa
1140 694 1285 781 exempla
1308 697 1370 762 col-

165 803 321 889 legn‘mus
355 802 389 863 in
422 800 501 865 Noc.
537 801 630 864 lectt.
662 821 735 888 pag.
769 799 843 865 519.
875 801 915 866 ed
945 801 1051 866 locum
1082 801 1301 885 Xenophontis
1336 804 1370 864 in

167 907 315 972 Aeaeae·
337 905 377 970 II.
403 905 432 970 5.
460 905 513 970 39.
535 907 701 983 ὀμόσαντες
726 910 797 983 ἡμῖν
818 907 888 979 τοὺς
907 907 1017 978 αὐτοὺς
1039 908 1150 988 ’Φίλους
1170 906 1221 971 καὶ
1244 907 1368 986 ἐχθροὺς

166 1021 302 1090 νομιεῖν.
349 1010 386 1076 In
408 1011 566 1099 singulari
589 1033 722 1077 numero
747 1012 829 1076 dixit
851 1013 1022 1078 Aeschines
1045 1016 1079 1076 in
1106 1013 1229 1095 Ctesiph.
1254 1013 1271 1096 ᾖ
1292 1009 1366 1076 100.

165 1118 323 1200 πρέσβεις
355 1115 459 1189 οἵτινες
491 1117 648 1192 δεήσονται
679 1118 731 1182 τὸν
759 1119 851 1182 αὐτὸν
876 1119 1042 1192 Ἀθηναῖοις
1068 1119 1159 1200 φίλον
1186 1121 1238 1182 καὶ
1262 1117 1368 1198 ἐχθρὸν

165 1223 319 1306 νομίζειν.

220 1436 302 1524 Peg.
336 1436 412 1501 200.
445 1436 500 1502 22.
532 1439 592 1516 οὐχ
623 1433 641 1501 ὅ
664 1459 694 1500 σι
718 1461 764 1508 τις
789 1438 993 1516 κατηγορήσει
1017 1439 1132 1503 τούτων
1157 1475 1197 1484 -
1222 1435 1368 1517 χαλεπὸν

164 1544 292 1621 εὑρεῖν,
323 1544 396 1607 αλλ’
427 1545 490 1621 eo’
523 1543 630 1608 ὁποίων
653 1541 753 1621 λόγων
777 1581 820 1592 —
845 1544 1087 1624 ἐπανορθώσεταί
1109 1568 1155 1616 τις
1180 1539 1201 1608 ἃ
1234 1547 1283 1606 νῦν
1315 1543 1367 1606 οὐκ

163 1653 265 1729 ὀρθῶς
297 1644 362 1726 ἔχει
398 1647 495 1735 [τοῦτ’
529 1645 614 1728 ἔργον
646 1647 768 1735 εὑρεῖν].
816 1629 903 1728 Quae
931 1652 1016 1714 auris
1039 1649 1116 1715 haec
1138 1650 1219 1715 ferre
1243 1645 1368 1733 potest?

163 1753 258 1834 Quis
291 1758 434 1818 nostrum
469 1757 517 1818 ita
550 1751 746 1838 scripsisset?
792 1753 935 1820 Remove
968 1757 1072 1842 igitur
1105 1754 1265 1820 emblema
1299 1760 1368 1820 tam

160 1857 294 1924 inutile
317 1879 411 1943 quam
434 1858 620 1924 molestum.
1009 1861 1013 1868 '

495 2071 621 2134 fTHGP
645 2077 1071 2136 Mersnosson1TnN..

220 2282 303 2368 Pag.
328 2279 402 2346 202.
431 2280 483 2346 10.
508 2283 604 2355 εἴτις
628 2283 728 2346 αὐτῶν
753 2281 865 2362 οὶΦὲλοι
888 2281 922 2345 τὸ
943 2280 1166 2359 γιγνώσκεσθαι
1190 2281 1242 2345 καῖ
1267 2280 1302 2344 τὸ
1327 2290 1364 2363 τῇ

161 2395 264 2468 Φωνῇ
285 2385 387 2463 λέγειν
408 2389 575 2464 Ἀττικῶς,
600 2389 732 2458 πολλοὺς
756 2387 795 2451 ἂν
818 2383 903 2464 οἶμαι
927 2386 997 2459 τοὺς
1021 2387 1077 2464 μὲν
1099 2385 1273 2470 ’Λρκοὶδας,
1296 2386 1365 2459 τοὺς

162 2495 204 2560 δὲ
232 2490 384 2566 Λάκωνας
409 2494 510 2558 αὐτῶν
533 2489 609 2557 εἶναι
634 2495 765 2570 νομίσαι.
813 2492 894 2558 Vivo
915 2492 1128 2558 Demosthene
1151 2514 1244 2559 nemo
1268 2490 1366 2558 Gree-

164 2619 289 2664 corum
310 2598 417 2676 ἔλεγεν
438 2601 598 2670 Ἀττικῶς.
634 2598 841 2664 Athenienses
861 2596 968 2677 ἔλεγον
988 2600 1134 2666 οὶστικιςί.
1156 2589 1240 2663 'Hoc
1258 2601 1365 2684 ipsum

164 2705 287 2787 reponi
324 2709 466 2789 oportere
502 2703 673 2791 diligenter
707 2705 831 2770 ostendi
864 2707 898 2770 in
932 2705 1008 2768 Neo.
1045 2705 1137 2768 hecil.
1174 2717 1248 2792 p'ag.
1288 2703 1363 2769 100.

166 2809 379 2893 Quemquam
403 2830 452 2874 res
475 2812 551 2874 satis
574 2810 744 2874 manifesta
766 2813 940 2874 esttamen
960 2812 1016 2874 vix
1033 2813 1214 2894 quisquam,
1235 2813 1363 2896 opinor,

166 2914 262 2980 mihi
284 2919 365 2980 esset
388 2935 548 2992 assensus,
572 2917 635 2980 nisi
657 2920 773 2980 testem
794 2921 936 2982 veterem
959 2915 1189 2999 produxissem.
1225 2912 1366 3004 Collegit

167 3021 283 3086 nescio
314 3023 385 3104 quis
416 3019 562 3100 Προοίμιον
595 3022 773 3085 maximam
804 3027 928 3105 partem
960 3041 998 3084 ex
1021 3019 1234 3086 Demosthene
1257 3027 1365 3088 sumta

168 3133 210 3192 et
239 3129 275 3190 in
294 3126 517 3192 Demosthenis
545 3123 677 3191 Codices
697 3133 831 3209 recepta.
856 3126 961 3192 Ducte
983 3131 1058 3190 eunt
1081 3147 1120 3190 ex
1142 3126 1235 3191 libris
1257 3148 1365 3212 perve-

169 3234 275 3296 tustis
299 3237 330 3296 et
353 3231 532 3317 complures
555 3231 652 3296 bonas
675 3229 826 3296 lectiones
849 3231 915 3297 sola
940 3237 1085 3308 servent,
1109 3236 1146 3295 ut
1168 3231 1200 3295 h.
1221 3231 1244 3296 l.
1269 3235 1303 3296 τὸ
1325 3243 1364 3314 τῇ

169 3345 266 3419 φωνῇ
289 3339 393 3415 λέγειν
416 3340 598 3402 οὶτσικΙΕΤΙ
622 3357 697 3424 pag.
724 3334 821 3400 1424.

221 3547 303 3636 Peg.
334 3547 411 3640 2053.
446 3547 477 3614 5.
511 3547 772 3626 Λακεδαιμονίους
805 3547 836 3612 δὲ
867 3548 892 3612 εἰ
922 3548 1095 3622 ποιήσονται
1121 3550 1175 3621 τὴν
1199 3549 1365 3627 Ἀρκαδίαν

172 3654 233 3734 ὑφ’
268 3655 384 3726 ἑαυτοῖς
414 3654 466 3718 καὶ
497 3655 654 3733 Μεγάλην
684 3652 772 3718 πόλιν
796 3654 961 3733 ΑΙριὶσοιισι
986 3653 1082 3718 aciem
1107 3655 1248 3736 ἰσχυροὺς
1272 3659 1365 3732 γενή-

171 3761 295 3825 σεσθαι.
336 3759 425 3826 Haec
457 3766 505 3825 est
533 3759 667 3847 vulgata
697 3759 791 3824 lectio
824 3760 995 3838 αἱρήσουσι,
1026 3780 1083 3845 pro
1114 3781 1176 3844 qne
1199 3757 1222 3824 S
1246 3763 1366 3845 optime

172 3867 405 3945 ’ΛΝαιριὶσονσι
446 3867 594 3931 servavit.
642 3864 794 3931 Perverse
836 3868 922 3929 enim
965 3865 1097 3929 dicitur:
1136 3866 1164 3927 si
1201 3866 1365 3928 Arcadiam

170 3972 344 4052 subopertae
374 3989 414 4036 rr
438 3971 648 4054 Megalopolim
679 3970 825 4054 ceperint,
849 3971 998 4055 quomam
1021 3971 1084 4033 nisi
1108 3975 1199 4055 capte
1221 3970 1364 4058 Megalo·

171 4078 244 4164 poli
267 4076 402 4142 Arcadia
425 4078 521 4161 potiri
543 4097 606 4142 non
629 4081 788 4162 poterant:
809 4075 861 4140 sed
882 4075 1016 4140 Arcadia
1035 4080 1127 4160 capta
1146 4075 1366 4163 Megalopolin

172 4184 276 4247 delere
299 4191 330 4246 et
347 4183 409 4247 eolo
429 4205 556 4267 aequore
574 4179 736 4255 volebant,
759 4183 893 4259 ἀναιρεῖν
913 4181 965 4243 καῖ
980 4177 1131 4258 ’διοικίζειν
1148 4182 1233 4246 κοσταὶ
1246 4181 1364 4261 κώμοις,

173 4295 213 4354 ut
237 4287 318 4353 olim
340 4286 550 4352 Mantineam.
586 4287 672 4352 Audi
694 4289 802 4372 ipsum
822 4306 895 4373 pag.
916 4285 991 4350 210.
1014 4285 1046 4348 4·
1067 4286 1120 4349 ἐὰν
1140 4287 1198 4363 μὶν
1213 4288 1366 4370 ἈΝαιρε-

175 4396 246 4460 θεῖσι
279 4393 332 4456 καὶ
361 4392 552 4458 διοικισθῶσιν
582 4395 621 4478 (οἱ
652 4393 929 4476 Μεγαλοπολῖται)
953 4393 1087 4473 ἰσχυροῖς
1112 4391 1364 4467 Λακεδαιμονίοις

173 4497 264 4572 εὐθὺς
291 4497 353 4566 zen
374 4493 461 4564 εῖναι.
508 4497 628 4564 Eadem
652 4519 746 4584 opera
768 4500 801 4562 in
825 4499 1025 4584 Argumento
1047 4499 1198 4563 orationis
1221 4499 1289 4564 sive
1312 4499 1365 4563 Li-
