3372 5192
718 367 781 437 557

54 589 59 596 ·
150 553 204 624 sed
234 555 363 631 ταύτην.
410 557 523 625 Orator
555 560 695 626 dixerat:
728 560 753 623 si
785 556 898 637 νομίζει
931 558 1013 622 τοῦτ’
1044 559 1218 636 ἀσεβεῖν
1254 551 1344 621 εἶναι.

197 662 287 743 Quod
312 671 420 730 autem
445 665 523 730 dioit
544 685 617 754 pag.
645 662 721 730 761.
746 661 800 728 21.
825 665 855 728 ἐν
874 663 968 744 τρισὶν
987 662 1234 744 ἐξελεγχθέντας
1256 661 1340 725 δικα-

150 770 261 849 captore
292 768 451 858 significet
484 771 518 834 ιἰι
541 770 647 847 morio,
672 772 706 836 ιἰι
728 770 865 834 σολανυς
887 778 916 835 et
938 771 972 833 ιἰι
996 770 1126 847 iudicio,
1151 775 1197 863 ut·
1213 772 1342 852 apparet

152 897 191 940 ex
219 895 295 962 pag.
328 874 404 941 702.
437 875 493 940 23.
525 882 639 956 πρῶτον
670 877 727 953 μὲν
758 885 813 949 τῆς
845 875 960 954 βουλῆς
992 875 1240 952 κατεγνωκυίας,
1270 868 1342 936 εἶτα

152 987 205 1046 τοῦ
229 980 325 1057 δύμον
348 981 425 1060 μίαν
450 981 564 1062 ἡμέραν
583 977 655 1057 όλκν
675 981 725 1046 ἐστὶ
745 982 862 1054 τούτοις
882 983 987 1054 αὐτοῖς
1006 981 1225 1053 ἀναλώσαντος
1235 1030 1244 1062 ,
1266 976 1338 1055 πρός

153 1084 184 1150 δὲ
219 1088 335 1159 τούτοις
370 1086 551 1166 δικαςνρῖοιν
586 1087 665 1152 δυοῖν
700 1089 741 1159 εἷς
777 1084 831 1151 ἕνα
866 1087 919 1151 καὶ
953 1087 1075 1168 χιλόους
1108 1088 1338 1168 ἐψηφισμένων.

152 1189 260 1257 Simul
282 1205 412 1278 apparet
435 1194 512 1279 quid
534 1196 577 1258 sit
600 1194 783 1274 δικαςνρῖοιν
806 1193 895 1258 δυοῖν.
941 1193 1013 1258 Non
1036 1196 1122 1258 enim
1148 1195 1206 1258 όωο
1224 1195 1341 1258 iudicio

153 1296 349 1376 factasunt,
376 1299 430 1364 sed
454 1301 512 1364 όιιο
535 1300 662 1364 comitia
682 1300 849 1375 iudienm,
875 1299 995 1364 iudices
1018 1299 1109 1364 mille
1132 1306 1165 1365 et
1187 1321 1286 1377 nnus,
1310 1303 1345 1365 in

154 1402 214 1467 hae
237 1423 332 1469 eausa
347 1404 504 1470 iudicasse
524 1405 683 1470 dicuntur.
718 1404 772 1469 Sin
790 1407 893 1492 igitur
912 1403 1012 1493 legati
1032 1408 1066 1469 in
1087 1406 1207 1491 triplici
1225 1407 1344 1472 iudicio

156 1507 235 1573 furti
266 1512 402 1576 eonrieti
432 1515 508 1576 sunt
538 1513 572 1576 in
602 1509 739 1590 Senatu,
773 1510 859 1598 apud
881 1510 1036 1597 populum
1061 1516 1094 1577 et
1117 1513 1201 1598 opud
1224 1513 1346 1580 iudices
1471 1599 1472 1602 Ἴ

156 1613 247 1680 mille
270 1619 303 1681 et
324 1636 435 1682 unum.

202 1871 282 1958 Pag.
315 1871 390 1940 761.
422 1872 478 1938 25.
510 1874 574 1941 οὔτ’
597 1873 701 1946 ἄλλως
727 1881 820 1957 πρᾷος
845 1875 897 1940 καὶ
921 1873 1133 1954 φιλύνόρωτος
1157 1873 1195 1938 σύ
1218 1898 1265 1946 τις
1288 1880 1347 1939 τῶν

158 1974 263 2041 ἄλλων
294 1978 492 2059 διαφόρως
526 1979 563 2044 ύν
588 1980 684 2052 ἐλεεῖς
710 1980 834 2050 αύτούς.
880 1978 943 2045 Pro
967 1979 1117 2057 διαφόρως
1140 1978 1216 2044 libri
1237 2001 1347 2045 omnes

159 2081 300 2163 διάφορος
344 2085 512 2163 exhibent,
556 2086 611 2152 sed
650 2107 752 2171 neque
790 2087 849 2150 hoo
882 2105 997 2150 senum
1033 2089 1080 2149 est
1113 2105 1214 2170 neque
1251 2084 1346 2151 illud.

158 2188 284 2269 Εςσσρίσ
306 2196 431 2272 praeter
462 2198 590 2254 caeteros
619 2192 727 2256 Attice
758 2190 876 2256 dieitur
908 2189 1111 2272 διαφερόντως
1144 2197 1202 2255 τῶν
1225 2188 1347 2276 ἄλλων,
1403 2225 1404 2228 “

158 2292 241 2376 quod
272 2314 363 2380 saepe
393 2295 477 2378 apud
507 2293 676 2361 Platonem
698 2295 820 2383 legitur
843 2302 875 2361 et
898 2293 997 2370 elios,
1021 2296 1116 2380 idque
1139 2297 1347 2363 Demostheni

157 2397 362 2463 reddendum.
411 2400 566 2481 Διαφορος
595 2406 628 2467 et
656 2401 805 2482 διαφόρως
838 2399 922 2480 ἔχειν
953 2407 985 2466 et
1016 2401 1165 2482 διαφοροό,
1199 2402 1348 2487 quemad-

157 2503 290 2568 modum
325 2505 539 2587 διαφέρεσθαι,
574 2507 658 2592 apud
692 2508 816 2573 Atticos
849 2511 885 2572 in
918 2507 1073 2573 discordie
1104 2515 1136 2573 et
1165 2509 1345 2603 inimicitiis

158 2614 278 2674 sertam
302 2611 409 2676 sedem
432 2611 539 2677 hebet.

204 2850 284 2938 Peg.
309 2849 385 2916 763.
409 2851 461 2917 15.
483 2861 594 2933 προῖκα
614 2853 677 2934 γὰρ
700 2852 793 2938 [οὐδὲν
814 2853 1038 2938 ὠφελούμενος]
1059 2857 1130 2931 ὑμῖν
1151 2853 1348 2935 Τιμοκράτης

159 2956 387 3034 ύτεχόύνεται.
434 2957 531 3024 Recte
555 2961 696 3043 quisquis
720 2965 768 3024 est
791 2968 902 3037 προῖκα
926 2961 1152 3043 interpretetur
1176 2981 1242 3024 esse
1265 2958 1348 3022 οὐδὲν

160 3061 382 3141 ὠφελούμενοι.
431 3061 494 3129 Sed
523 3063 749 3130 Demosthenis
780 3065 940 3131 auditores
962 3064 1184 3130 huiuscemodi
1206 3064 1350 3129 admoni-

160 3169 245 3232 tione
269 3188 331 3234 non
354 3169 561 3256 indigebant,
586 3170 664 3255 quid
682 3173 767 3235 enim
788 3173 896 3236 notius
915 3191 1012 3256 quam
1033 3178 1142 3250 προῖκα
1160 3170 1221 3235 hoe
1237 3166 1349 3235 sensui

160 3277 193 3338 et
215 3271 375 3351 edditem,
400 3278 437 3339 ut
459 3278 585 3361 opinor,
610 3278 763 3341 risissent.

204 3378 390 3446 Promissus
413 3379 643 3447 Demosthenes
667 3384 770 3447 utitur
791 3380 955 3447 vocabulis
979 3389 1087 3462 τρσῖκιι
1113 3387 1145 3446 et
1168 3378 1348 3457 ύδιιροδοκιῖ·

159 3506 235 3566 τως,
260 3490 297 3551 ut
318 3507 384 3573 pag
420 3483 497 3551 342.
522 3485 574 3552 le.
600 3486 825 3567 ἀδωροδοκήτως
850 3489 867 3562 ἢ
891 3487 950 3565 μό,
975 3493 1008 3552 et
1028 3492 1098 3573 post
1117 3506 1218 3572 panos
1237 3486 1347 3550 eodem

159 3611 253 3655 sensu
285 3611 360 3678 pag.
396 3589 472 3657 343.
511 3591 541 3658 3.
574 3600 685 3673 τροῖκα
716 3594 732 3668 i
763 3593 819 3671 μή.
852 3612 927 3680 pag.
961 3590 1036 3657 390.
1077 3589 1128 3656 18.
1162 3595 1194 3656 σύ
1227 3599 1349 3671 τροῖκα.

160 3692 237 3758 429.
270 3691 322 3760 10.
355 3706 465 3777 προῖκα
489 3699 506 3774 ἢ
530 3700 584 3776 μή.
634 3697 719 3763 Hine
742 3701 889 3787 arguitur
911 3697 1070 3764 emblema
1093 3719 1168 3785 pag.
1193 3695 1269 3762 413.
1294 3693 1349 3761 20.

159 3799 282 3880 πότερον
310 3804 481 3883 χρημάτων
512 3807 647 3887 αἰσχρῶς
681 3803 754 3882 ύτὲρ
778 3810 835 3868 τῶν
861 3805 972 3885 ε’χόριῖιν
995 3804 1176 3884 πρεσβεύειν
1200 3801 1348 3874 ἅπαντας

160 3909 302 3984 προσήκει
327 3909 343 3984 ἢ
368 3917 479 3987 τρσῖκα
503 3910 575 3991 ύτδρ
599 3912 680 3985 ὑμῶν
705 3911 746 3975 τόν
771 3909 907 3986 βόλτιςα
935 3909 1211 3997 [ύδωροδσκιότως];

206 4015 363 4102 Arguitur
384 4017 544 4082 emblema
566 4016 649 4084 οὐδὲν
673 4017 884 4098 ὠφελούμενος
908 4017 1008 4082 etiam
1029 4017 1103 4081 hino
1127 4016 1211 4101 quod
1240 4014 1348 4102 paullo

160 4123 233 4184 ante
262 4140 336 4208 pag.
370 4119 444 4186 761.
472 4120 513 4186 12
536 4123 708 4188 desudem
732 4122 871 4188 redixit
894 4121 1138 4188 Demosthenes:
1161 4122 1194 4185 ού
1218 4129 1346 4202 τριῖκα,

161 4220 182 4288 ὦ
206 4225 418 4306 Τιμόκρατες,
438 4267 479 4277 -
497 4226 606 4304 ἓόκκας
631 4228 682 4294 τόν
706 4226 803 4307 νόμον.

205 4464 285 4552 Peg.
311 4463 388 4532 763.
414 4465 444 4531 1.
468 4465 520 4530 τόν
543 4465 663 4547 πατέρα
682 4467 736 4531 ούκ
756 4467 853 4540 ἐλεεῖς
872 4465 898 4530 εἷ
916 4503 957 4514 -
974 4465 1026 4531 διὰ
1046 4464 1151 4548 μικρὸν
1169 4465 1347 4549 αρρύρΙΟΝ
