3392 5186
756 379 822 449 415

232 591 253 632 ι.
278 566 354 632 391.
379 566 411 642 ἦέ
434 565 614 648 σκέπαρνον.

186 676 224 737 ut
258 673 376 738 formae
409 673 608 752 Αἰγυπτίων,
644 673 855 759 Αἲγνπτίονς,
889 675 1073 753 Αἰγυπτίας
1108 680 1141 741 et
1174 678 1247 741 sim.
1277 680 1381 743 metro

188 778 376 863 quadrarent
399 780 609 865 corripiebant
634 780 801 846 seoundam
813 828 823 860 ,
847 781 1019 866 prudenter
1041 783 1076 846 in
1098 781 1150 847 his
1174 783 1323 848 omnibus
1351 786 1383 848 et

189 883 333 950 sollerter
356 889 486 952 versati.
533 885 650 952 Poetae
673 892 764 965 sunt,
790 907 852 952 non
876 890 1092 975 grammatici.

234 989 285 1055 Ad
310 989 402 1056 Iliad.
427 1001 449 1056 1.
474 990 528 1057 73.
555 991 757 1059 Herodianus
780 994 866 1060 male
891 992 1047 1071 ύποδεξεέη
1072 997 1112 1067 ὡς
1136 993 1263 1076 Ἀργείη
1287 1013 1382 1060 anno-

189 1100 333 1172 taverat,
360 1096 415 1162 sed
438 1099 574 1163 correxit
597 1119 734 1164 errorem
758 1104 791 1165 et
811 1103 858 1164 ita
881 1100 983 1164 dixit:
1008 1096 1098 1164 ἕνεκα
1120 1097 1233 1181 μέτρου
1258 1097 1383 1165 έκτασιν

191 1200 287 1266 ἔπαθε
316 1202 352 1266 τὸ
383 1229 410 1268 ε.
446 1203 525 1292 Leg.
561 1203 595 1268 τὸ
626 1213 650 1268 Ι.
699 1202 857 1271 Similiter
889 1206 929 1271 ad
960 1217 993 1270 B.
1020 1204 1211 1280 τέλλοντος
1238 1205 1382 1272 ἕκτατέον

189 1294 242 1373 Ιδιά
265 1310 300 1374 τὸ
323 1308 451 1389 μέτρον,
479 1309 691 1396 Ἀσκληπιοῦ,
714 1312 895 1396 penultima
916 1311 1013 1398 longa
1036 1318 1068 1378 et
1091 1312 1131 1378 ad
1152 1323 1191 1378 0.
1216 1311 1294 1379 554.

418 1416 594 1496 ἐντρέπεται
616 1416 708 1498 φέλον
733 1413 801 1495 ἦτορ
825 1419 953 1496 ἀνεψιοῦ
977 1417 1152 1496 κταμένοιο.

190 1522 245 1597 την
269 1525 306 1600 ψι
329 1522 495 1600 ενλλαβην
519 1522 664 1588 ἐκτατέαι
687 1522 740 1588 tot
763 1522 799 1588 τὸ
823 1524 942 1605 μέτρον.

235 1727 325 1795 Iliad.
352 1739 390 1796 H.
418 1729 493 1797 110.

280 1838 474 1920 Ἀφραίνεις,
501 1837 664 1917 Μενέλαε,
691 1877 733 1888 -
758 1838 820 1903 ἀνά
845 1837 873 1902 δ’
899 1838 989 1920 ἴσχεο
1014 1838 1176 1919 κηδάμενές
1201 1864 1268 1923 περ.

235 1939 356 2009 Graece
373 1945 437 2010 diei
456 1965 519 2010 non
538 1949 643 2030 potest
660 1945 832 2024 ἀνέρχομαι
859 1965 916 2030 pro
936 1946 1108 2026 ἀνέχομαι,
1129 1967 1231 2033 neque
1246 1949 1384 2030 ἀπισχο.

191 2069 250 2125 μαι
281 2070 337 2135 pro
368 2051 549 2131 ἀπέχομαι,
586 2051 642 2116 sed
668 2049 751 2115 nihil
777 2055 824 2114 est
846 2049 973 2116 facilius
996 2072 1093 2137 quam
1116 2052 1197 2117 hano
1220 2053 1382 2118 maculam

192 2157 306 2223 eluere.
354 2156 486 2221 Dixerat
508 2161 620 2242 poeta:
642 2157 704 2221 ἀνά
727 2163 784 2220 ΔΕ
809 2155 885 2234 σχέο
910 2154 1072 2234 κηδόμενός
1095 2181 1172 2238 περ,
1195 2163 1233 2223 ut
1256 2157 1352 2225 alibi:

328 2260 472 2341 τέτλαέι,
497 2269 595 2343 μῆτερ
620 2263 696 2340 έμη,
723 2260 775 2327 καὶ
801 2259 985 2342 ἀνάοχεο
1009 2263 1155 2341 κηδομένη
1179 2288 1247 2346 περ.

236 2473 369 2540 Duobus
390 2473 469 2539 loeis
492 2475 526 2538 in
551 2472 652 2538 Iliade
674 2472 762 2538 Idem
784 2472 941 2538 mendum
965 2470 1100 2538 inolevit
1124 2479 1161 2536 H.
1187 2471 1265 2540 434.

327 2577 401 2658 ἦμος
426 2580 451 2645 δ’
475 2579 542 2645 οὔτ’
566 2578 604 2660 ἀρ
628 2603 675 2644 πα
700 2580 756 2655 ἠὼς
785 2577 829 2644 έτι
855 2579 881 2644 δ’
906 2578 1073 2660 ἀμφιλύκη
1098 2575 1172 2657 νύξ,

326 2694 424 2766 τῆμος
448 2685 495 2767 ἀρ’
519 2685 606 2768 ἀμφὶ
632 2687 727 2766 πνρην
751 2685 849 2766 κριτὸς
869 2687 1005 2766 Ἕγρετο
1029 2686 1105 2757 λαὸς
1131 2685 1280 2766 Ἀχαιῶν.

193 2798 225 2859 et
248 2802 295 2859 o.
320 2791 397 2860 790.

327 2895 402 2977 ἦμος
427 2898 453 2963 δ’
477 2895 628 2978 ἠριγένεια
652 2896 737 2978 Φάνη
762 2896 979 2978 ῥοδοδάκτνλος
1005 2899 1080 2974 ηὼς,
1117 2895 1125 2902 ’

326 3011 423 3080 τῆμος
446 3001 495 3084 ἀρ’
520 3003 607 3081 ἀμφὶ
632 3003 726 3083 πνρέιν
750 3007 863 3068 κλντοῦ
885 3003 1029 3083 Ἕκτορος
1051 3005 1186 3083 Ἔγρετο
1211 3005 1299 3076 λαός.

237 3110 321 3192 Quid
353 3110 414 3176 sibi
444 3108 517 3176 vult
547 3111 581 3178 in
612 3108 835 3175 huiuscemodi
857 3109 935 3174 loeis
954 3106 1110 3188 ’Έγρετο1
1145 3108 1238 3190 Quod
1259 3109 1382 3196 liquido

192 3219 347 3283 sententia
377 3216 518 3302 postulat
545 3215 627 3282 latet
655 3218 690 3281 in
721 3217 852 3300 antiqua
882 3215 1040 3299 scriptura
1066 3223 1245 3291 erPeTo,
1269 3236 1384 3302 nempe

188 3323 338 3404 Ἥγρετο.
382 3322 511 3402 Ἀγεέρω
542 3323 638 3388 habet
669 3321 748 3387 duas
779 3323 890 3386 aoristi
916 3322 1038 3406 passivi
1060 3320 1178 3386 formae
1203 3319 1328 3402 ἦγέρέην
1352 3328 1385 3388 et

192 3428 365 3510 Ἠγρέμηι,
390 3449 527 3514 quarum
549 3427 607 3494 illa
629 3430 749 3513 passim
770 3427 892 3514 legitur
912 3428 948 3490 in
970 3427 1149 3492 notissimo:

343 3557 344 3562 ¹
372 3531 399 3600 oi
421 3533 449 3601 δ’
475 3534 540 3601 ἐπεὶ
565 3530 613 3600 οὖν
637 3535 760 3616 ἤγερθεν
783 3531 949 3626 ὁμηγερέες
972 3533 1002 3596 τ’
1027 3530 1177 3610 ἐγένοντο.

190 3642 268 3708 haee
290 3661 353 3707 non
375 3643 439 3707 nisi
461 3644 496 3706 in
518 3641 687 3727 participio
712 3643 889 3724 comparet,
914 3642 952 3703 ut
975 3636 1068 3703 Iliad.
1095 3647 1133 3702 T.
1161 3637 1238 3705 165.

418 3743 449 3811 ἀν
472 3771 508 3813 τε
532 3747 584 3812 καὶ
608 3745 713 3828 ἀνδρες
737 3744 958 3824 ἀποκτάμεναι
986 3742 1150 3823 μεμάαοιν

420 3852 584 3932 ἀγρόμενοι
607 3855 670 3926 πάς
694 3849 781 3916 aad.

194 3963 226 4024 et
244 3957 322 4023 alibi
338 3961 467 4043 passIm.
502 3957 576 4022 Huo
598 3955 1069 4042 videturreferendaHesyohii
1080 3953 1187 4042 glossa
1205 3957 1383 4037 ”Hyparot

193 4061 313 4143 ἀγέρθη.
348 4063 477 4144 'arelao
507 4069 538 4128 et
569 4063 694 4144 έγεέρο,
727 4070 766 4128 ut
794 4066 829 4127 in
861 4059 1032 4128 Oodioibus
1061 4062 1177 4126 nostris
1200 4063 1385 4146 saepiseIme

192 4168 442 4246 confunduntur,
475 4172 521 4234 sio
551 4172 648 4234 etiam
677 4189 741 4234 non
770 4187 840 4234 raro
871 4170 906 4232 in
932 4169 1162 4234 vetustissimis
1185 4167 1277 4234 libris
1299 4170 1384 4233 inter

193 4295 226 4342 se
248 4273 420 4340 mutabant
442 4273 560 4341 loeum.
608 4274 646 4340 In
666 4273 757 4340 lhad.
782 4283 821 4339 E.
849 4271 925 4339 510.

591 4379 709 4462 Τρωσὶν
732 4379 825 4458 ένμὸν
848 4381 978 4459 ἐγεῖραι.

237 4487 436 4574 Porphyrius
467 4484 507 4553 ad
537 4485 629 4554 Iliad.
662 4495 701 4552 Θ.
733 4485 765 4552 2.
796 4485 836 4552 de
866 4484 963 4553 verbo
993 4483 1108 4567 ἀγεέρω
1137 4505 1235 4574 agens
1257 4488 1383 4568 ἀγεΐραι
