3410 5180
893 365 959 435 462

326 576 389 644 qao
406 577 474 624 non
497 560 564 622 erat
586 576 702 624 nomen
732 556 821 624 alind
852 560 887 624 in
910 557 1127 646 Peloponneso
1151 557 1290 624 odiosius
1312 561 1440 645 propter
1462 557 1524 624 ini-

327 683 425 749 quam
449 663 699 730 dominationem
722 663 1064 741 Lacedaemoniorum,
1090 685 1154 730 non
1176 667 1282 752 magis
1301 669 1350 730 est
1371 662 1524 730 credibile

327 789 424 854 quam
455 768 539 854 quod
569 767 696 858 fingunt
725 768 825 835 iidem
856 771 986 852 ιίννραίίε
1008 771 1153 856 portibus
1173 771 1325 852 είννραίοι,
1350 775 1407 836 tots·
1432 771 1522 835 Thes·

325 874 423 940 ιοίὶασ
445 873 632 939 Decemviros
647 875 840 961 praefuisse,
864 896 946 961 qnae
964 897 1013 943 res
1033 897 1136 962 nequa
1157 883 1271 943 testem
1294 876 1402 944 ullum
1425 875 1522 942 habat

327 985 359 1048 et
391 1001 467 1048 oum
497 983 544 1046 rei
571 987 687 1048 natura
717 1003 860 1083 pra-gnare
887 981 1025 1049 videtur.
1073 981 1217 1050 Suhnata
1248 987 1297 1048 est
1327 982 1410 1047 mihi
1441 977 1521 1046 olim

327 1087 464 1172 suspicio
487 1091 613 1154 vetusto
636 1106 725 1153 more
749 1096 938 1154 ΔΛΡΧΙΛΝ
961 1110 1019 1175 pro
1037 1089 1226 1170 τετραρχίαν
1248 1091 1403 1174 seriptum
1422 1087 1521 1152 fuisse

327 1191 424 1277 idque
445 1190 532 1258 mala
554 1195 660 1259 neseio
682 1213 778 1279 quom
801 1193 987 1281 explevisse.
1034 1197 1069 1260 Si
1087 1195 1242 1261 mendum
1265 1201 1332 1268 est.
1358 1197 1520 1278 pervetus·

328 1301 401 1363 tum
424 1301 524 1364 estet
554 1296 797 1384 Harpocrationi
819 1303 992 1388 imposuit,
1023 1302 1147 1388 quiite
1169 1302 1281 1368 scribit
1304 1323 1334 1365 v.
1360 1296 1517 1376 Δεκαδαρ-

328 1403 409 1486 χίαε
432 1439 474 1452 -
496 1403 650 1478 Φίλιππος
681 1410 767 1487 ταρίι
801 1415 973 1481 Θετταλοῖς
997 1405 1206 1488 δεκαδαρχίαν
1232 1407 1265 1472 οὐ
1289 1403 1458 1479 κατθςησεν
1480 1405 1520 1474 ὥς

329 1511 512 1592 γέγραπται
538 1511 567 1574 ἐν
590 1507 669 1591 ἕκτῳ
689 1517 883 1579 Φιλιππικῶν
905 1513 951 1598 (id
971 1518 1020 1580 est
1039 1518 1073 1578 in
1092 1514 1152 1580 hao
1171 1511 1309 1578 secunda
1326 1507 1519 1596 Philippica)

329 1615 417 1681 οίλλδι
441 1617 641 1697 τετραρχίαι.
687 1615 809 1684 Haeret
831 1625 863 1684 et
885 1621 953 1702 ipse
976 1621 1011 1684 in
1034 1622 1190 1704 scriptura
1213 1622 1370 1702 corrupta.
1416 1613 1522 1697 Quem

330 1723 394 1787 sint
417 1725 549 1808 antiqua
569 1724 604 1788 in
626 1721 718 1789 libris
740 1728 887 1790 veterum
909 1726 992 1792 vitia
1014 1724 1191 1792 scribarum
1214 1727 1248 1789 in
1267 1721 1401 1789 Platone
1419 1725 1523 1786 osten·

331 1827 438 1895 dimus
461 1832 494 1892 et
517 1828 552 1892 in
573 1826 787 1895 Demosthene
810 1827 893 1896 infru
914 1830 1129 1898 ostendemus.

375 2037 513 2104 Laborat
542 2035 766 2103 Demosthenis
795 2039 953 2104 sententis
986 2059 1060 2127 pag.
1074 2037 1130 2107 71.
1156 2035 1209 2104 16.
1235 2036 1323 2116 ὑμεῖς
1347 2035 1378 2102 δὲ
1400 2033 1522 2102 διδόντα

330 2145 387 2221 μὲν
410 2143 462 2208 καί
494 2143 736 2224 ὑπισχνούμενον
759 2145 949 2222 θεωρεῖτε
973 2147 1145 2224 Φίλιπποι,
1171 2141 1393 2221 ἐξηπατηκότα
1415 2141 1442 2205 δ’
1466 2139 1520 2216 ἤδη

329 2249 382 2314 καί
408 2248 711 2331 παρακεκροοσμέιοι
742 2251 920 2333 οίπεύχεσθε
944 2250 983 2317 δν
1007 2250 1174 2332 uoluptati?
1200 2248 1283 2316 ίδείν.
1331 2247 1433 2314 Sensu
1456 2267 1521 2314 oas-

328 2375 402 2420 sum
426 2359 475 2420 est
496 2356 549 2420 τδν
572 2354 726 2421 Φίλιπποι
749 2356 865 2437 θεωρεῖν
889 2359 956 2423 sive
979 2356 1106 2422 θεᾶσθαι
1130 2361 1175 2423 sio
1198 2356 1342 2423 absolute
1363 2357 1519 2440 positum,

328 2459 384 2526 sed
407 2462 476 2545 ipsa
505 2460 568 2526 looi
597 2464 754 2528 sententia
783 2469 816 2527 et
845 2465 1002 2548 oppositio
1033 2471 1119 2530 recta
1144 2463 1234 2529 ducit
1261 2462 1302 2529 ad
1326 2477 1456 2529 verum:
1480 2458 1523 2524 δι-

329 2566 421 2634 δθιτα
444 2566 501 2645 μὲν
524 2565 577 2629 καί
612 2566 869 2650 ὑπιοχιούμενοΝ
901 2571 1062 2635 ἨΔΕΩΟ
1086 2571 1257 2654 ome,
1281 2569 1334 2632 oui
1356 2565 1525 2654 respondet

329 2675 364 2737 in
387 2692 454 2757 sqq.
481 2672 703 2752 ἐξηπατηκότα
728 2684 785 2740 ΔΕ
799 2713 839 2724 -
854 2673 1025 2752 οίπειίξεσθε
1049 2675 1087 2741 δι
1111 2682 1284 2757 σωφρονῆτε
1309 2674 1393 2740 ίδεῒν.
1428 2671 1523 2739 Nune

331 2776 479 2864 quidem,
509 2780 633 2865 inquit,
656 2777 848 2869 largientem
871 2786 903 2847 et
925 2781 1159 2867 pollicitantem
1182 2781 1373 2868 Philippum
1396 2779 1525 2844 libenter

329 2883 453 2969 atius,
476 2883 549 2970 sed,
571 2887 599 2950 si
620 2887 751 2972 sapitis,
776 2885 1025 2973 deprecobimini
1048 2909 1089 2953 ne
1111 2909 1267 2972 umquam
1286 2907 1362 2952 oum
1386 2884 1525 2952 videatis

329 2992 472 3077 potitum
509 2992 550 3055 iia
588 2997 778 3078 quapropter
808 3014 893 3059 nuno
923 2991 1013 3058 dolos
1042 2998 1075 3059 et
1106 2993 1247 3060 lsllaoias
1281 2992 1432 3059 adversus
1466 3009 1526 3056 vos

329 3098 436 3162 struit.
483 3096 593 3172 Ἡδέως
625 3099 695 3180 ipsis
725 3122 797 3165 τινα
819 3105 934 3165 notum
956 3106 1004 3164 est
1027 3119 1063 3165 ao
1087 3100 1243 3185 hequens.
1291 3095 1467 3166 Menander
1488 3099 1525 3160 in

331 3203 460 3269 Μοαοιί.
487 3203 563 3271 501.

622 3308 674 3375 τὸν
698 3311 866 3391 simportus·
893 3308 1002 3380 ἔκαε-οι
1027 3309 1119 3386 ἡδέως
1143 3311 1207 3395 θρᾷ.

375 3415 512 3482 Plautus
534 3416 718 3482 Μοκοοοθνιι.
741 3415 797 3482 ΠΙ.
824 3415 854 3482 3.
881 3415 935 3485 17.

558 3522 678 3608 amado,
702 3523 745 3586 νοντ’
771 3523 974 3600 Menaechme,
1000 3521 1120 3587 inaures
1142 3522 1183 3587 du
1204 3521 1296 3605 misi,

559 3634 593 3692 ut
616 3634 645 3692 le
668 3629 794 3693 libenter
816 3629 948 3709 οἱιίοατα,
971 3651 1060 3716 quassa
1083 3629 1125 3692 ad
1145 3649 1199 3694 ποι
1220 3631 1344 3692 umeris.

378 3731 500 3802 Graooe
523 3732 658 3800 dixeris:

625 3836 661 3904 ἵν’
686 3838 777 3916 ἡδέως
799 3841 852 3921 δρῶ
876 3865 911 3907 σε
936 3837 1083 3922 Φοιτῶντ’
1109 3839 1224 3906 ε’νθοίδε.

377 3943 538 4011 Similiter
559 3945 643 4026 δρῶσι
667 3947 701 4010 in
725 3946 859 4028 θεωροῦσι
884 3946 969 4013 male
993 3967 1181 4014 conversum
1205 3943 1328 4012 videbis
1350 3963 1425 4032 pag.
1444 3941 1525 4007 247.

331 4049 385 4118 20.
419 4051 491 4129 ὑμῖν
521 4051 651 4117 δέ-ἒν
681 4057 761 4117 τοῖσι
792 4053 845 4118 καί
876 4053 982 4132 λόχοις
1013 4052 1066 4118 καί
1098 4053 1270 4133 θεωρήμασι
1291 4059 1347 4126 τῆς
1371 4056 1430 4114 τῶν
1454 4070 1526 4127 προ-

330 4155 426 4236 ploos
448 4159 557 4237 αρετῆς
589 4159 799 4236 ὑπομνήμαθ’
829 4165 988 4234 ’οΡΩΟΙ,
1018 4159 1076 4225 ubi
1106 4158 1192 4226 solus
1216 4156 1240 4225 S
1263 4156 1412 4223 mendose
1435 4155 1525 4222 exhi·

331 4263 403 4328 bet:
429 4261 598 4341 ὖπθμιημα
621 4264 778 4349 θεωροῦσι,
802 4264 886 4350 quod
909 4266 948 4331 ob
971 4263 1160 4351 praecedens
1184 4267 1355 4346 θεωρήμασι
1374 4261 1524 4328 intolera-

331 4368 395 4434 bile
418 4373 466 4433 est
489 4374 522 4434 et
544 4369 584 4435 ab
606 4369 755 4436 omnihus
778 4373 942 4437 reiectum.

376 4473 413 4538 ln
438 4476 527 4541 exitu
549 4474 612 4541 loci
641 4475 861 4542 scribendum:
891 4477 1068 4548 οὶπεθΞεσθε
1091 4499 1149 4563 pro
1175 4475 1373 4558 ἀπεύχεσθε,
1398 4477 1474 4563 quia
1498 4477 1524 4540 εί
