3232 5176
666 409 709 478 83

105 597 314 678 Dindorfium,
341 602 520 685 quiquam
544 599 701 685 plurimas
723 607 846 670 veteres
870 605 1087 668 annotationes
1111 603 1150 667 ad
1174 601 1289 668 Demo

107 706 243 771 sthencm
277 706 434 772 taediosas
468 725 504 770 ac
537 709 659 770 nemini
695 709 869 795 quidquam
904 707 1085 794 profuturae
1116 707 1287 792 recoxerit,

106 809 211 875 bonam
242 819 367 898 partem
397 832 524 888 eorum,
558 833 638 896 quae
662 834 745 879 unus
770 818 916 880 omnium
939 814 1034 900 longe
1056 815 1289 898 praestantissi-

107 935 172 981 mus
202 915 366 983 Dobraeus
389 919 487 983 bonae
509 919 614 1004 frugis
637 917 730 1003 plena
749 923 929 998 annotavit,
954 919 1081 984 silentio
1104 919 1286 1002 praeteriit,

107 1027 139 1086 ut
158 1022 189 1086 h.
214 1022 235 1086 l.
262 1023 443 1089 evidentem
466 1023 603 1089 Dobraei
627 1026 881 1092 emendationem
904 1046 943 1091 ne
966 1029 1196 1090 commemorat
1218 1025 1287 1108 qui-

106 1127 186 1203 dem,
223 1128 278 1194 sed
313 1151 351 1193 ex
386 1128 546 1194 Sohaeferi
579 1129 743 1214 Apparatu
778 1135 922 1218 apponit:
959 1129 1129 1214 ,,οὶξιῶμεν]
1159 1129 1287 1193 winedi

106 1233 309 1314 συμπράττειν
319 1233 347 1299 .”
371 1255 433 1319 quo
455 1235 532 1319 quid
556 1233 733 1320 puerilius?

145 1443 219 1533 Peg.
253 1445 329 1512 208.
362 1443 416 1510 23.
451 1446 500 1508 ἐπὶ
529 1455 567 1528 τῇ
600 1449 754 1526 προφάσει
787 1457 826 1530 τῇ
858 1457 1025 1514 Πλαταιῶν
1054 1447 1106 1514 οισι)
1134 1453 1284 1514 Θεσπιῶν.

106 1545 203 1616 Codex
219 1551 243 1616 S
261 1561 309 1627 τῆι
330 1566 475 1615 recreor
498 1551 548 1614 ael
570 1552 717 1628 θεσπιυν,
737 1557 771 1618 in
792 1558 922 1620 caeteris
935 1555 1092 1642 plerisque
1104 1555 1284 1621 τλοιτοιιέυν

105 1657 294 1723 atterritus
325 1657 482 1722 scribitur.
530 1656 695 1724 Plurimae
727 1660 847 1726 formae
877 1665 999 1727 veteres
1033 1663 1159 1726 Atticae
1191 1664 1225 1726 in
1261 1661 1284 1726 S

105 1783 218 1849 quoque
240 1765 279 1830 ad
303 1761 535 1830 Graeculorum
558 1765 714 1838 συνήθειαν
740 1765 933 1832 deformatae
956 1766 1116 1854 leguntur.
1145 1767 1285 1833 Nomina

103 1873 132 1933 in
168 1871 247 1943 -εύς
287 1869 491 1956 praecedente
522 1869 636 1935 vocula
667 1875 723 1935 aut
754 1871 952 1959 diphthongo
985 1909 1004 1922 -
1017 1873 1108 1946 νεός,
1144 1873 1281 1952 -acu,

105 1975 209 2052 -ιευς,
236 1975 334 2048 -οεύς
358 1977 392 2040 in
416 1977 524 2041 Attica
535 1982 679 2059 perpetuo
698 1977 973 2043 contrahebantur.
1017 1978 1172 2043 Dicebant
1192 1989 1283 2044 Πισ-

105 2089 204 2160 roric,
237 2087 405 2147 Πλστοιιῶν
436 2087 469 2146 et
499 2085 682 2156 Πλστοοιοῖς,
716 2089 877 2162 Στειριῶς,
911 2087 1053 2162 Στειριῶ,
1091 2089 1281 2160 Λευκονοῶς,

106 2195 266 2266 Λευιιονοῖι,
310 2188 539 2261 Κυδοιοηνοιιῶς,
579 2187 773 2262 Κυδαθηναιᾶ
810 2188 1020 2274 similiterque
1054 2192 1088 2254 in
1123 2189 1285 2254 similibus

105 2295 249 2359 omnibus.
293 2294 370 2359 Fere
401 2313 526 2378 semper
556 2289 687 2358 Codices
723 2294 874 2359 exhibent
904 2295 1021 2361 formas
1053 2293 1283 2362 Graeculorum

105 2399 256 2466 resolutas.
296 2399 550 2484 Deprehenditur
572 2399 658 2462 fraus
682 2399 795 2464 multis
819 2400 942 2465 modis:
966 2407 1022 2466 aut
1045 2405 1132 2467 enim
1155 2407 1283 2468 vetusta

105 2509 266 2591 scripturae
289 2506 406 2572 menda
428 2508 517 2569 intus
542 2509 668 2569 servant
690 2504 809 2570 formas
832 2511 971 2583 veteres,
1007 2515 1063 2573 aut
1086 2508 1284 2574 confundunt

105 2613 212 2677 scribae
243 2613 406 2678 naereses
441 2619 472 2676 et
505 2611 706 2688 Πλοοτοιιεύς,
732 2612 870 2676 Θεσπιοιί
893 2617 925 2677 et
948 2615 1118 2684 Θεστιεύο.
1144 2619 1182 2680 ut
1202 2613 1235 2678 h.
1259 2613 1282 2678 l.

106 2715 147 2778 ἐπὶ
178 2717 328 2799 προφάσει
360 2726 399 2798 τῇ
431 2725 668 2782 ΠΛΛΤΑΙΩΝ
703 2717 755 2781 κοῶ
788 2727 986 2784 ΘΕΕΠΙΩΝ
1014 2720 1129 2782 orbium
1151 2723 1283 2785 nomina

106 2829 187 2901 sunt,
209 2844 271 2889 uon
295 2825 415 2888 civium.
463 2822 583 2888 Tamen
608 2823 790 2888 Πλοιτσιέων
810 2830 842 2890 et
863 2825 1017 2890 Θεσπιέων
1037 2825 1280 2890 substituerunt.

107 2925 199 3007 Quam
220 2930 302 2995 nihil
326 2930 446 2995 scribae
470 2933 611 3016 cogitent
633 2930 772 2994 ostendit
795 2945 950 2995 ποιοτευν.
999 2929 1036 2995 In
1059 2931 1110 2996 his
1133 2932 1281 2996 omnibus

106 3042 278 3102 correctores
317 3056 443 3118 omnes,
484 3040 606 3100 veteres
641 3055 677 3100 ao
707 3037 799 3113 novi,
829 3035 1002 3101 dormiunt.
1049 3035 1281 3122 Harpocration

106 3159 131 3204 ν.
152 3148 382 3212 Ποιονιεῑςτ
409 3189 425 3218 ,,
442 3179 484 3190 -
499 3141 671 3216 Δημομέλη
692 3142 743 3206 τὸν
766 3140 952 3206 Ποιιοινιὲοι.”
971 3142 1105 3218 Δίδυμος
1126 3142 1281 3220 προοπτέον

106 3240 174 3311 εἶναι
203 3256 278 3327 φησι
308 3247 449 3312 Ποιιοινέοι
481 3247 575 3327 χωρὶς
605 3251 658 3311 τοῦ
689 3245 714 3310 Ι.
746 3247 931 3312 Absurdum
966 3249 1084 3313 vitium
1119 3248 1280 3315 Diudorfio

107 3353 253 3438 imposuit.
300 3354 387 3441 Lege
423 3357 560 3418 Ποιιοινιῖι
595 3352 689 3431 χωρὶς
724 3356 777 3416 τοῦ
816 3361 849 3417 6.
896 3353 1004 3418 Etiam
1034 3351 1128 3417 hodie
1162 3353 1281 3438 ubique

106 3462 207 3526 vitiose
238 3459 388 3526 Ποιμνιέοι
420 3467 452 3524 et
482 3458 603 3523 similia
636 3461 744 3523 omnia
766 3459 862 3523 scribi
885 3457 1005 3535 solent,
1030 3458 1138 3534 credo,
1157 3466 1282 3543 propter

104 3567 182 3640 fidem
200 3575 324 3632 ομεσυου
345 3567 593 3648 umbrosorum,
618 3585 698 3649 quae
722 3567 756 3628 in
779 3565 830 3628 his
857 3570 984 3630 tantum
1007 3583 1069 3628 non
1091 3564 1210 3648 ubique
1233 3568 1281 3630 ri·

108 3673 193 3737 botae
215 3683 296 3738 sunt.

144 3883 218 3972 Peg.
248 3885 324 3951 209.
351 3883 381 3949 6.
407 3885 432 3949 oi
456 3883 488 3948 δέ
511 3889 593 3964 φοισι
617 3882 673 3958 μὲν
698 3883 804 3952 οιὺτοῖς
828 3883 883 3946 οὖν
907 3876 984 3945 εἶνοιι
1008 3881 1109 3955 sihor
1132 3882 1220 3947 ἀλλὰ
1245 3885 1279 3948 τὸ

108 3995 246 4071 συμφέρον
277 3989 354 4058 εἶναι
384 3993 417 4055 τὸ
450 3993 550 4055 ποιοῦν
581 3989 635 4062 την
668 3987 788 4068 φιλίου.
837 3985 980 4052 Pessime
1009 3986 1171 4052 mulcatus
1193 3988 1282 4055 locus

108 4101 148 4158 est
163 4103 198 4162 ut
214 4098 347 4164 absurda
366 4097 455 4181 loqui
475 4095 704 4160 Demosthenes
722 4094 879 4158 videatur.
917 4091 988 4157 Non
1008 4097 1281 4182 poterantnegare

108 4197 356 4289 Megalopolitani
387 4222 453 4267 esse
483 4201 567 4287 apud
596 4221 629 4266 se
660 4201 760 4274 ςήνιοιε
792 4198 829 4263 de
860 4217 949 4264 more
980 4201 1118 4283 positas,
1144 4201 1281 4285 inques

108 4303 183 4392 leges
203 4311 334 4375 foederis
359 4310 475 4372 incisae
499 4311 615 4372 essent:
640 4306 736 4390 idque
761 4308 793 4368 et
818 4323 874 4387 per
897 4323 929 4368 se
951 4307 1156 4390 perspicuum
1179 4311 1227 4370 est
1249 4311 1282 4372 et

109 4411 257 4479 conmmat
284 4412 513 4480 Demosthenes
536 4414 647 4478 statim
671 4411 777 4475 dicens
801 4409 840 4474 de
863 4407 996 4473 iisdem:
1021 4412 1104 4490 φημὶ
1130 4409 1191 4475 δεῖν
1215 4413 1282 4476 τού-

110 4539 166 4588 τους
188 4519 286 4598 ἄξιοῦν
312 4520 464 4600 καθαιρεῖν
487 4519 547 4590 τοὶς
567 4521 685 4594 sitas,
706 4515 807 4582 idest
828 4513 988 4580 Thebanis
1008 4514 1118 4581 foedus
1137 4521 1168 4581 et
1186 4517 1283 4580 socie·
