3410 5180
895 363 961 434 450

327 567 401 625 οννιδ
430 560 552 626 seilicet
581 560 745 639 ε’ῖρνλεῐπε
776 560 815 631 ῶς
847 565 880 621 et
903 577 950 642 sq.
974 555 1035 622 δεῖν
1058 557 1093 621 in
1118 555 1167 620 δεῖ
1184 561 1364 623 mutarunt.
1411 557 1519 622 Resti-

330 670 396 732 tuit
424 687 493 732 rem
523 665 658 744 Reiske,
689 685 786 752 quem
815 666 886 730 iure
916 661 1060 729 Dindorf.
1093 663 1248 748 sequitur.
1298 662 1389 745 Quod
1410 669 1520 730 antem

329 770 474 838 Dindorf.
504 779 639 858 utroque
669 770 739 836 loeo
771 772 994 845 ἐκπολεμΗσαι
1027 789 1084 854 pro
1115 769 1348 846 ἐκπολεμΩσαι
1378 771 1521 855 reposuit

330 896 496 962 perperam
525 877 647 943 tactum
670 895 737 942 esse
759 874 904 942 arbitror.
954 873 1090 962 Legitur
1112 895 1146 961 p.
1171 872 1224 939 30.
1247 873 1303 940 20.
1326 877 1361 940 in
1383 875 1406 940 S
1427 877 1520 940 ε’κπο-

329 978 466 1061 λεμῆσαι
499 983 615 1061 „litera
637 1008 658 1047 ιο
679 1005 699 1046 ο
721 1005 759 1046 οι.
782 981 908 1066 antiqua
929 979 1159 1064 superscripta?
1184 983 1283 1047 etiam
1306 1002 1381 1068 pag.
1407 980 1461 1046 ll.
1489 979 1519 1046 1.

333 1111 379 1166 ,,σ
401 1090 505 1173 prima
533 1088 639 1153 νιιοακ”
670 1085 694 1153 S
724 1090 830 1153 servet
858 1085 1086 1164 ἐκπολεμῶσαι.
1133 1086 1265 1152 Accedit
1297 1089 1521 1153 testimonium

329 1192 588 1281 Harposationis
613 1216 646 1261 v.
676 1195 986 1271 Ἐκπολεμῶσαιτ
1011 1191 1207 1271 Δημοσθένης
1229 1200 1426 1267 Φιλιππικοῖς
1450 1194 1520 1258 dart

331 1303 385 1365 τοῦ
409 1300 467 1374 eie
490 1297 664 1379 πόλεμον
687 1307 947 1374 καπαςνῖσοιι,
973 1300 1012 1372 ῶς
1033 1299 1085 1364 καὶ
1109 1298 1195 1381 παρῶ
1216 1298 1382 1380 Θονκυδέδρ
1402 1299 1522 1365 πολλῶ·

333 1428 391 1477 κιο.
415 1405 445 1470 ἐν
467 1405 572 1486 μέντοι
595 1413 658 1478 τοῖς
683 1408 888 1478 Ἀπνικιανοῖο
913 1403 964 1470 tt
984 1410 1037 1470 τοῦ
1059 1414 1086 1470 ii
1106 1404 1282 1488 γράφεται,
1301 1407 1340 1478 ῶς
1359 1405 1413 1471 καὶ
1432 1405 1522 1486 παρὰ

335 1517 504 1595 Ξενοφῶντι
535 1513 566 1577 ἐν
592 1509 670 1593 ἕκτῳ
691 1514 887 1588 Ἑλληνικῶν.
934 1509 998 1576 His
1019 1512 1123 1600 igitur
1143 1510 1325 1578 Dindorfius
1348 1508 1444 1577 fidem
1465 1511 1523 1576 ho·

333 1617 407 1694 bet,
440 1639 500 1707 ego
530 1638 632 1705 neque
662 1616 908 1703 Harpocrationi
938 1637 1040 1703 neque
1066 1617 1238 1683 Attioienis
1260 1617 1434 1704 quidquam
1457 1639 1523 1683 ore·

333 1722 474 1790 dendum
506 1745 573 1790 esse
608 1725 757 1790 existimo
789 1725 824 1787 in
858 1743 895 1788 ea
929 1722 1059 1808 quidem
1092 1744 1141 1801 re,
1176 1743 1256 1808 quoe
1286 1744 1359 1789 oum
1389 1723 1522 1812 linguas

335 1826 474 1896 Graecae
503 1833 625 1897 ratione
655 1834 687 1894 et
710 1850 771 1895 usn
795 1835 902 1916 aperte
925 1834 1060 1917 pugnat.
1107 1827 1391 1916 Harpocrationem
1412 1832 1447 1894 in
1469 1829 1522 1894 bis

333 1937 428 2002 rebus
456 1957 519 2003 non
549 1942 681 2002 acutum
706 1955 845 2010 eernere,
872 1955 986 2022 graves
1008 1935 1150 2001 bominis
1172 1955 1290 2001 errores
1313 1940 1346 2001 et
1368 1935 1522 2001 absurdae

334 2042 585 2124 παραδιορθώσεις
616 2043 843 2107 demonstrant.
890 2039 928 2105 [n
958 2037 1129 2107 (todieibus
1150 2041 1321 2108 Atticiauis
1343 2041 1522 2127 complures

333 2147 500 2215 mendosos
522 2149 695 2233 scripturas
717 2147 815 2212 imese
837 2150 870 2211 et
892 2148 1022 2212 omnino
1044 2168 1108 2213 non
1130 2145 1274 2213 multum
1296 2148 1397 2215 bonae
1418 2147 1522 2237 frugis

335 2275 374 2319 ex
404 2256 445 2320 iis
474 2251 584 2342 eolJigi
613 2255 771 2340 potuisse,
804 2272 844 2317 ex
863 2251 1115 2338 Harpocratione
1137 2257 1170 2319 et
1191 2252 1284 2320 libris
1305 2255 1422 2320 nostris
1443 2257 1522 2319 satis

334 2359 419 2445 apud
440 2380 495 2427 me
517 2365 639 2427 constat
662 2365 695 2425 et
716 2358 800 2424 inira
822 2361 1022 2447 argumentis
1044 2359 1194 2445 probabo.
1239 2358 1303 2425 Res
1325 2361 1396 2446 ipsa
1413 2381 1469 2445 per
1487 2379 1522 2425 se

332 2471 474 2551 spectata
503 2465 629 2532 nullam
658 2464 756 2532 habet
784 2466 853 2531 veri
882 2466 1029 2550 speeiem.
1078 2463 1173 2532 Oorta
1203 2464 1350 2554 analogia
1379 2464 1523 2551 postulat

334 2573 539 2650 ἐκπολεμοῦν,
570 2571 666 2656 idque
696 2572 790 2636 certis
820 2571 1016 2656 optimorum
1038 2570 1230 2656 scriptorum
1254 2572 1447 2638 testimoniis
1469 2592 1523 2638 ex·

331 2676 489 2766 ploratum
519 2677 616 2744 habet
646 2675 760 2754 fidem,
783 2697 864 2762 quae
888 2675 1034 2764 pauculis
1056 2675 1214 2743 librorum
1236 2677 1362 2744 mendis
1385 2676 1524 2745 eonvelii

332 2803 396 2848 non
425 2787 540 2868 potest.
588 2780 800 2849 Grammatiei
832 2783 934 2867 inepti
968 2781 1137 2849 eredebant
1170 2788 1348 2866 παπρσῦχον
1379 2781 1525 2864 παρθένον

332 2887 486 2974 appellari
511 2894 599 2972 patre
630 2889 745 2964 orbam,
776 2886 945 2966 δωροδοκεῖν
976 2907 1043 2952 esee
1074 2888 1152 2969 δῶρα
1185 2887 1316 2975 διδόναι,
1350 2895 1444 2971 ψοφῶ
1468 2891 1525 2966 τὴν

334 2995 424 3074 θύραν
454 2994 630 3060 reotissime
653 2993 717 3059 diei
738 2997 771 3059 et
794 2995 941 3060 Atticum
965 3013 1048 3066 esse.
1073 2999 1106 3060 et
1129 2999 1207 3080 quot
1229 2993 1293 3061 alia
1316 3000 1391 3061 sunt
1413 3015 1526 3062 eornm

333 3099 588 3181 παρακούσμασα
612 3102 646 3165 et
668 3098 837 3178 λκρνὶμαπα
860 3119 901 3164 ex
923 3097 1001 3165 loeis
1023 3100 1148 3166 vitiosis
1173 3097 1338 3186 susceptat
1383 3097 1457 3166 Iure
1477 3101 1526 3166 di·

334 3209 419 3274 eitur
445 3205 528 3271 aitte
557 3227 618 3270 πονο
640 3213 698 3270 tam
723 3205 884 3270 absurdam
906 3205 986 3290 quod
1006 3226 1066 3268 πονο
1088 3209 1129 3270 rit
1152 3206 1189 3269 ab
1212 3205 1314 3293 atiquo
1333 3213 1527 3289 pronostica

332 3313 455 3379 dictem.
512 3310 611 3377 lecte
625 3391 629 3400 ¹
642 3309 902 3395 Harpocrationis
936 3312 1137 3378 annotatione
1171 3314 1297 3378 exstitit
1332 3312 1433 3399 alius,
1468 3315 1528 3399 qni

333 3419 410 3505 qnid
439 3420 523 3483 inter
552 3415 741 3496 ἐκπολεμοῦν
764 3421 797 3481 et
819 3416 1003 3494 ἐκπολεμεῖν
1025 3419 1191 3484 interesset
1214 3418 1251 3483 de
1272 3440 1325 3482 σιιο
1347 3417 1396 3502 (id
1418 3423 1467 3484 est
1488 3423 1528 3484 de

333 3525 442 3608 attile)
465 3529 666 3590 commentus
685 3529 734 3590 est
753 3525 787 3587 in
807 3523 967 3612 farragine
987 3523 1154 3589 Ammonii
1173 3524 1210 3588 de
1232 3524 1334 3612 differ.
1357 3525 1528 3590 verbenam

334 3631 626 3708 ἐκπολεμῶσαι
657 3629 709 3696 καὶ
743 3629 1026 3707 ἐκπολεμῆσαι
1057 3628 1210 3713 διαφέρει,
1234 3629 1526 3709 ἐκπολεμῶσαι

332 3735 388 3814 μέν
418 3733 482 3816 γάρ
512 3735 558 3805 ἐςι
591 3735 625 3800 πὸ
655 3737 698 3808 εἷς
732 3731 866 3813 πόλεμον
898 3733 1070 3813 ἐμβαλεῖν,
1106 3735 1394 3813 ἐκπολεμῆσαι
1426 3735 1458 3800 δέ
1488 3735 1527 3801 πὸ

333 3840 421 3907 πόλιν
445 3837 570 3915 ἐξελεῖν.
617 3839 777 3926 Equidem
799 3841 1028 3928 grammaticos
1051 3840 1203 3907 secessere
1226 3841 1301 3907 bine
1324 3842 1470 3907 iusserim
1492 3849 1529 3908 et

331 3945 540 4013 Demostheni
562 3945 612 4012 bis
635 3967 733 4012 suum
758 3947 974 4024 ἐκπολεμῶσαι
998 3948 1205 4014 restituerem.

376 4153 458 4241 Pag.
489 4152 542 4219 12.
574 4152 606 4221 9.
636 4153 709 4242 lege
739 4176 815 4221 eum
842 4154 1005 4221 Dobraeo:
1038 4153 1205 4235 παρόμοιόν
1228 4157 1291 4225 ἐςιν
1312 4155 1447 4237 Ὠῦπερ
1471 4159 1527 4225 καὶ

331 4259 474 4340 περὶτῆς
500 4266 559 4326 σῶν
582 4261 753 4340 χρημάτων
776 4263 929 4338 κτήσεως,
953 4281 1011 4347 pro
1034 4253 1150 4343 Ὀπὲρ.

370 4465 453 4556 Peg.
484 4466 537 4533 16.
569 4465 601 4534 8.
626 4468 652 4532 si
677 4467 831 4544 Φίλιππος
855 4467 950 4546 λάβοι
975 4467 1046 4534 καθ’
1073 4472 1158 4548 ἡμῶν
1183 4475 1317 4538 τοιοῦτον
1340 4470 1442 4553 καιρὸν
1467 4472 1523 4538 καὶ
