3404 5192
181 578 328 650 dualium
350 577 470 646 formae
490 578 574 664 apud
591 577 772 645 Homerum
791 602 854 648 non
872 579 1041 669 leguntur,
1062 586 1094 647 ec
1113 583 1147 646 in
1166 575 1284 666 plurali
1304 573 1372 645 sola

180 693 277 756 tertia
297 689 380 755 εΙσσιν
403 688 574 770 comperet.
619 684 809 752 Homericae
831 689 933 774 igitur
956 685 1077 754 formae
1100 688 1217 752 Atticis
1236 689 1311 750 sunt
1330 686 1372 750 ei-

181 795 352 862 millimae.

228 902 400 968 Homerus.
900 900 1012 964 acrior.

228 1008 318 1090 εήδεοι
342 1007 469 1072 etauio
491 1003 636 1069 vocalem
658 1004 734 1084 ιήδε’
769 1051 777 1069 .
804 1051 811 1068 .
838 1051 845 1067 .
872 1054 879 1069 .
905 1005 958 1086 ήδη

229 1115 331 1197 εήδιρς,
356 1111 486 1194 ιήδιροήα
501 1156 747 1175 ........
758 1157 780 1178 ,.
807 1157 814 1174 .
841 1158 848 1173 .
875 1158 882 1174 .
908 1109 1023 1192 ήδήσήα

230 1219 331 1303 ιήδεε,
356 1218 433 1300 ιήδει
457 1222 490 1282 et
513 1221 585 1281 anie
598 1263 881 1280 .........
907 1217 970 1299 ήδει
994 1221 1026 1282 ei
1049 1222 1122 1282 ente

219 1375 221 1378 -
275 1322 420 1392 vocalem
443 1319 520 1404 ιήδε’
544 1324 600 1387 aui
623 1323 717 1404 ιήδειν
739 1370 882 1387 .....
951 1322 1095 1389 vocalem
1119 1323 1206 1406 ήδειν.

230 1431 343 1498 Dualis
367 1433 416 1494 es'i
436 1430 471 1493 in
494 1428 601 1493 Attica
623 1429 658 1492 in
680 1428 817 1493 secunda
839 1431 871 1494 ei
894 1432 989 1494 certia
1013 1430 1096 1512 ήςιιν.

230 1536 370 1603 Pluralis
392 1538 427 1600 in
450 1536 554 1620 prims
577 1539 609 1598 ei
631 1533 768 1598 secunda
791 1531 888 1614 ήσμεν
912 1539 944 1600 ei
968 1531 1033 1617 ήςε.

232 1642 340 1709 Tertia
362 1640 496 1728 plmulis
517 1639 601 1726 apud
623 1639 804 1706 Homerum
827 1645 875 1706 esc
897 1640 999 1718 ιίσαν,
1024 1644 1058 1705 in
1081 1642 1190 1706 Attica
1212 1637 1303 1722 ήσαν.

231 1749 445 1835 imperativus
465 1751 513 1811 esi
532 1745 616 1832 apud
635 1744 815 1811 Homerum
836 1746 924 1831 ιίσθι,
944 1746 1026 1821 rice,
1046 1748 1080 1811 in
1098 1749 1207 1812 Attica
1221 1744 1295 1832 ἴσθι,
1308 1747 1373 1818 ire.

233 1853 403 1941 optativus
424 1855 460 1917 in
483 1852 592 1916 Attica
615 1858 663 1918 est
685 1851 809 1928 εἰδείην,
835 1852 918 1938 apud
941 1852 1120 1919 Homerum
1142 1853 1275 1929 εειδεήιιν.

233 1956 463 2026 Coniunciirus
494 1961 528 2022 in
559 1959 667 2023 scaea
697 1958 783 2035 εἰδῶ,
816 1957 914 2041 εἷδήε,
950 1959 1033 2041 εἰδῇ,
1070 1960 1215 2038 εἰδῶμεν,
1253 1959 1373 2036 εἶδήτε,

187 2068 319 2140 εἰδῶσιν,
340 2064 426 2150 apud
444 2062 625 2129 Homerum
645 2063 743 2140 ιιδέει,
762 2062 870 2148 ιιδέρς,
890 2065 966 2146 ιιδέρ
985 2069 1018 2130 ei
1036 2067 1070 2129 iu
1092 2064 1212 2150 plurali
1234 2072 1376 2152 correpta

186 2172 290 2238 vocali
311 2170 443 2248 ιεήδομεν
468 2169 643 2235 είέεήδετε.

232 2278 413 2344 infinitivus
444 2282 492 2342 est
521 2277 555 2340 in
587 2276 694 2340 Aiiioa
724 2275 851 2360 εἰδέναι,
884 2277 969 2362 apud
998 2277 1179 2343 Homerum
1211 2277 1312 2356 ιίδμεν
1343 2282 1376 2344 et

187 2387 334 2464 εήδμεναι.

233 2492 446 2576 Participium
466 2490 550 2576 apud
571 2489 778 2556 Athenienses
798 2495 846 2556 esi
864 2490 965 2575 εἰδώς,
989 2491 1103 2565 εἰδυῖα,
1128 2488 1205 2563 εἶδός
1228 2496 1260 2555 et
1282 2511 1376 2554 συνει-

188 2598 255 2676 ece,
288 2597 372 2683 apud
400 2595 581 2662 Homerum
613 2595 742 2674 nicee„
757 2596 887 2675 εειδότε,
914 2596 1040 2670 εειδότεο
1063 2601 1095 2663 ei
1117 2597 1230 2671 τιδνῒα,
1254 2595 1375 2681 ειδνήρσι

187 2703 387 2788 πραπίδεσσι.

232 2811 393 2878 Fucumm
424 2813 473 2874 esi
502 2808 587 2893 epud
616 2807 797 2874 Homerum
828 2808 964 2888 τείσομαι
993 2813 1025 2874 ei
1047 2808 1185 2885 ιειδήσοι,
1209 2811 1244 2874 in
1267 2810 1376 2876 Attiou

187 2919 256 2983 sine
279 2917 477 3003 digammate
500 2912 622 2990 εἴσομαι
647 2914 821 2990 ecclisiae.
1181 2925 1182 2928 ’

232 3022 334 3104 Ἑήδεα
358 3020 443 3106 apud
465 3018 645 3086 Homerum
669 3020 720 3107 (ut
742 3020 923 3097 ἐπεποὶήεα,
949 3021 1118 3096 ἐτεθήπεα,
1139 3019 1271 3108 ήνώγεα)
1293 3020 1376 3108 legl-

188 3135 243 3195 iur
266 3137 299 3198 Ξ.
324 3125 377 3193 71.

325 3233 414 3315 εήδεα
437 3231 580 3311 μὲνγὰρ
604 3227 654 3296 ὅτε
679 3231 819 3315 πρόφρων
843 3241 1009 3298 Δαναοῖσιν
1034 3230 1160 3312 ἄμυνεν.

191 3346 224 3406 et
246 3339 324 3406 elisa
345 3337 462 3404 ultima
485 3344 557 3404 ante
580 3337 725 3404 vocalem
748 3348 786 3404 Θ.
812 3337 890 3405 366.
1118 3329 1123 3336 ’

200 3453 206 3482 e
329 3445 355 3508 si
380 3444 442 3524 γὰρ
466 3445 527 3522 ἐγὼ
551 3442 627 3508 τάδε
648 3442 724 3526 κήδε’
748 3443 788 3508 ἑνὶ
813 3445 931 3527 Φρεσήν.

189 3557 222 3618 ci
244 3551 271 3617 δ.
297 3548 373 3618 754.
398 3551 473 3632 κήδε’
496 3551 557 3628 ἐγὼ
580 3548 656 3614 τοὶδε
680 3548 803 3624 πάντα,
830 3556 862 3616 et
885 3575 909 3614 ν.
936 3549 1113 3632 34Ο.·ιήδε’
1136 3547 1150 3615 ὃ
1175 3549 1318 3625 νοεήσεις.

235 3655 397 3724 Secundae
420 3675 569 3741 personae
592 3655 778 3741 exemplum
801 3661 850 3722 est
873 3679 905 3722 α.
932 3652 1009 3722 337.

327 3762 432 3828 πολλοὶ
455 3761 519 3843 γὰρ
543 3759 633 3826 ἄλλοι
654 3762 769 3843 βροτῶν
793 3763 956 3843 θελκτήρια
979 3763 1077 3844 εήδνρς.

191 3873 224 3936 et
245 3893 276 3934 τ.
300 3867 355 3934 93.

327 3973 435 4041 πάντα
457 3974 521 4055 γὰρ
543 3967 577 4040 εὖ
600 3973 717 4056 κήδεσθ’
740 3975 806 4040 ἐπεὶ
831 3973 867 4052 ἐξ
889 3976 964 4054 ἐμεῦ
988 3973 1095 4048 ἔκλυες
1119 3977 1229 4052 αὐτῆς.

235 4081 272 4147 In
295 4083 392 4147 certio
413 4099 546 4166 persona
568 4085 643 4146 suni
665 4081 770 4147 multa
793 4084 874 4147 vitia
897 4087 929 4148 ei
952 4103 1079 4149 errores.
1117 4081 1211 4150 Oeris
1232 4083 1381 4174 analogia

192 4193 225 4254 ei
254 4193 426 4274 perpetuus
456 4187 601 4252 omnium
625 4207 701 4251 usus
725 4189 890 4273 requirunt
911 4189 1014 4268 ιήδεε,
1040 4190 1116 4272 ιήδει
1140 4197 1172 4256 ei
1195 4197 1267 4257 ante
1289 4211 1380 4259 voca·

191 4293 257 4360 lem
291 4292 366 4376 ιήδε’
401 4297 459 4359 aui
493 4291 595 4374 ιήδειν.
654 4292 970 4378 Plusquampersecia
1004 4296 1261 4375 ὑπερδισύνιλαβα
1296 4299 1381 4385 apud

191 4397 371 4466 Homerum
402 4402 574 4466 sexcenties
596 4405 714 4465 exeunt
736 4403 769 4464 in
783 4437 824 4449 -
841 4409 879 4464 ΕΙ
903 4406 959 4466 aut
982 4403 1017 4466 in
1030 4440 1071 4452 -·
1086 4411 1157 4468 ΘΙΝ
1181 4405 1209 4468 si
1237 4407 1381 4489 sequitur

191 4505 325 4574 vocalis:
356 4508 487 4585 ἀνώγει,
518 4506 636 4588 οὶρήρει,
667 4505 819 4586 βεβήκει,
851 4507 1091 4594 ἀμφιβεβήκει,
1121 4509 1295 4588 βεβλήκει,
1323 4533 1379 4590 7⁶·
