3208 5158
649 416 713 487 209

100 611 184 675 tioss:
206 613 244 676 nt
262 629 335 696 pers
353 605 431 675 belli
454 607 634 695 appelletur
657 609 671 673 ί
695 604 957 688 Ἀρχιῖάαεῑοο
979 609 1114 685 τδλεμος
1141 607 1277 700 (Ηστροὲ

98 720 162 779 erut.
189 717 234 781 in.
269 738 301 782 v.
333 716 390 781 ubi
421 715 564 803 plerique
595 715 672 782 libri
701 715 919 797 άρχιδάμίοο
943 715 1123 801 exhibent),
1145 720 1190 783 sio
1214 717 1278 785 slis

97 822 189 907 persi
210 821 429 904 Πκχκίτείοο
449 823 584 900 πόλεμοι
604 820 758 907 appellari
777 821 870 888 debet
890 827 923 888 et
941 826 1097 903 erexisses
1116 823 1200 890 nihil
1216 828 1275 890 est.

133 925 201 993 Non
235 929 380 994 multum
414 928 579 995 dissimile
604 929 679 994 uitii
714 948 816 1015 genus
846 930 965 1013 passim
995 930 1213 995 committitur
1240 932 1275 996 in

96 1032 242 1112 καίάριος,
261 1033 410 1114 solapius
432 1041 465 1101 st
483 1032 664 1115 καθαριότης
685 1054 786 1119 quum
806 1032 930 1120 liquido
942 1039 1063 1101 constet
1074 1035 1274 1118 καίάρΕΙΟΟ

95 1136 187 1204 solum
211 1137 372 1208 Grmoum
394 1161 461 1208 esse
482 1146 521 1208 nt
542 1139 724 1220 μεράιιειος.
766 1138 858 1208 Idem
877 1160 963 1208 error
982 1143 1018 1208 iu
1041 1142 1200 1226 άσφάιιιοε
1219 1163 1273 1212 no·

95 1247 204 1312 minem
228 1245 366 1312 offendit.

131 1437 261 1506 Prorsus
293 1439 381 1507 idem
413 1444 528 1509 erroris
557 1462 659 1532 genus
689 1440 773 1527 quod
803 1444 943 1509 cernitur
971 1445 1005 1508 in
1028 1443 1192 1524 ἔτικοιίριοε
1215 1465 1272 1532 pro

93 1543 285 1626 Ἐπικούρειος
328 1550 501 1615 sexcenties
542 1551 751 1615 commissum
792 1547 916 1618 ,videbis
952 1551 987 1615 in
1020 1552 1204 1618 nominibus
1236 1554 1272 1618 in

95 1659 220 1719 -eloN
253 1655 452 1721 exeuntibus.
498 1651 573 1721 Hue
604 1657 764 1742 pertinent
792 1657 923 1722 nomino
945 1656 1113 1724 innumere
1131 1678 1212 1746 quse
1230 1659 1271 1726 si·

92 1757 234 1844 gnifieent

92 1865 218 1948 ternplum
242 1873 408 1942 Μουσεῖον,
435 1864 613 1945 Ἀνακεῖον,
639 1865 859 1946 Ὀλυμπίειον,
883 1869 1102 1944 Ἀσκληπιεῖον
1125 1873 1199 1937 oslt

93 1973 141 2034 sut
166 1979 380 2037 οκοκυοκοκίυνι
408 1981 554 2052 Θησεῖον,
577 1975 736 2050 Αίοικεῖον,
764 1974 985 2054 Manassae,
1012 1973 1171 2054 Ἀράτειον
1194 1981 1269 2045 eso.

91 2080 140 2139 sut
169 2079 315 2162 ‹rffics'nam
349 2079 495 2160 ἰατρεῖον,
532 2086 702 2162 γναφεῖον,
747 2088 893 2161 κουρεῖον,
938 2089 1151 2160 σκυτοτομεῖον
1193 2087 1268 2151 ests.

90 2181 290 2271 similiterque
312 2196 510 2266 πρυτανεῖον,
535 2189 679 2268 άρχεῖον,
704 2195 887 2268 ςρατκνεῖον
910 2191 985 2252 cett.

128 2287 173 2354 Ex
189 2292 242 2358 his
260 2291 414 2359 nonnulle
435 2299 520 2360 reete
543 2299 576 2360 st
599 2294 708 2362 ordine
731 2295 828 2360 seribi
850 2292 968 2371 solent,
993 2291 1056 2359 slis
1079 2313 1172 2380 saepe
1192 2295 1267 2362 riti·

89 2400 190 2474 entur,
217 2397 280 2465 elio
301 2400 532 2486 propemodum
555 2421 697 2486 semper,
720 2405 759 2465 ut
781 2399 957 2481 ερατιίνιον.

129 2499 288 2570 Strabonis
318 2503 393 2570 libri
421 2527 531 2572 omnes
558 2507 610 2571 his
632 2507 757 2572 mendis
780 2509 946 2591 temqusm
969 2503 1106 2571 meoulis
1129 2507 1268 2593 cooperti

89 2613 165 2672 sunt.
209 2609 371 2677 Nonnulla
392 2611 539 2678 Ilditores
564 2617 766 2678 correxerunt
788 2614 826 2677 nt
850 2612 973 2688 Elysios
997 2631 1054 2697 pro
1077 2612 1191 2691 σίνιον,
1212 2611 1267 2678 sed

86 2708 173 2800 longe
201 2720 345 2784 maxims
373 2739 446 2804 pers
476 2724 581 2785 servet
612 2738 760 2784 errorem.
806 2715 987 2783 Reosnsebo
1021 2720 1161 2804 potiore:
1198 2720 1266 2784 sine

88 2821 253 2904 suspicione
277 2823 362 2909 opud
384 2823 574 2891 Strabonem
598 2825 866 2891 circumferuntur
888 2823 984 2888 huso:

118 2924 260 2993 'Alv'trnu
344 2974 347 2980 -
725 2927 905 3006 Μερινάνιον.

116 3031 319 3112 ’Λμαρύνάιοκ
725 3031 931 3115 Μιίριῖάτιον.

127 3136 237 3205 Γύθιον.
725 3139 939 3217 notabilior.

126 3242 308 3312 Δασκύλιον.
725 3247 921 3311 Πλουτάνιον.

125 3349 316 3433 Βάτατάριοκ.
726 3351 1010 3435 σανδαρακούρνιον.

128 3455 268 3522 Θετίῖιον.
726 3455 896 3538 Σαράτιον.

126 3557 276 3629 Θοάντιον.
726 3564 879 3639 Σμίνθιον.

126 3667 321 3750 ῖττοτράφισν
342 3669 396 3736 sod
416 3673 501 3737 teoto
520 3670 622 3752 ίχάυο·
726 3666 875 3735 τελώνιον.

169 3777 305 3855 τροφεῖα.
726 3771 886 3850 Τημένιον.

128 3877 296 3960 Καισάριον.
725 3877 886 3956 Τιροάνιον.

126 3984 335 4066 Κορυβάντων.
728 3983 885 4066 Χαράνιον.

127 4093 316 4158 Maesone.
728 4088 929 4172 ὑδραγοίγιον.

127 4193 245 4262 Eodem
266 4197 405 4285 pertinet
427 4194 578 4275 σκιάδιον,
603 4195 705 4277 κορίοιν
726 4216 785 4282 pro
809 4196 934 4277 soprius
956 4192 1121 4277 (ferinum
1144 4195 1270 4265 Proser·

87 4309 207 4397 pinos),
239 4310 353 4398 ζωγρίᾳ
383 4334 440 4400 pro
464 4310 612 4396 ζονρείρι,
637 4311 720 4378 κιίία
744 4332 801 4398 pro
824 4310 940 4387 οιιίεία,
965 4290 1062 4387 stiur,
1087 4309 1212 4397 alisque
1235 4313 1270 4380 id

90 4435 185 4502 genus
218 4417 387 4506 complure.
433 4419 665 4504 Perontiquum
697 4437 763 4483 esse
795 4417 855 4483 hoe
885 4414 1136 4502 corruptelarum
1169 4437 1271 4506 genus

91 4523 255 4590 ostendunt
273 4527 353 4594 uitis
373 4524 612 4602 huiuscemodi,
628 4522 833 4590 άντίτΛΟΙΑ
844 4544 901 4610 pro
912 4521 1114 4601 άντιτάίεια,
1129 4523 1271 4590 εῖΝοΙΑ

1098 4630 1127 4676 ιε
