3392 5186
903 379 968 448 398

336 571 390 638 sed
413 593 431 638 a
452 571 591 638 Pindaro
620 592 710 637 sccus
734 569 936 639 intellectum
962 593 1028 638 esse
1052 573 1178 658 arguit,
1202 577 1235 636 et
1259 571 1344 657 quod
1366 569 1529 637 Homerus

335 678 549 763 metaphorice
580 677 713 742 dixisset
742 677 777 742 id
800 699 819 743 a
840 678 979 745 Pindaro
1002 679 1128 764 proprie
1151 699 1218 743 esse
1242 683 1419 763 acceptum.
1465 675 1529 743 llx-

333 790 488 870 punxerat
509 788 618 849 autem
638 804 766 848 versum
785 784 1034 869 praecedentem.
1075 782 1158 864 Quid
1183 781 1369 850 Bekksrust
1391 782 1528 848 Versum

333 891 512 977 genuinum
535 888 659 974 expulit
682 894 714 954 et
738 911 834 975 quem
856 891 1061 956 Aristarchus
1085 889 1176 955 obelo
1203 893 1370 956 notaverat
1392 887 1530 954 fideliter

333 997 474 1060 servavit
492 995 661 1060 manifesto
681 994 831 1081 deceptus
848 1016 867 1061 a
884 995 1063 1062 Scholiasta
1081 995 1213 1062 Pindari
1231 1014 1426 1082 quamquam
1452 1015 1529 1060 eum

334 1119 397 1164 non
424 1102 576 1165 nominat

869 1325 999 1392 LXXV.

698 1551 967 1602 rasarosrrrorns
990 1552 1162 1602 corrosae.

381 1744 584 1832 Quamquam
616 1768 679 1813 non
710 1747 821 1814 eadem
853 1748 891 1813 da
922 1767 1016 1812 eausa
1047 1750 1157 1812 tamen
1179 1745 1290 1812 eodem
1312 1744 1406 1830 plane
1431 1743 1528 1812 modo

335 1857 368 1917 et
400 1855 436 1916 in
467 1854 607 1939 antiquis
640 1853 929 1920 Alexandrinorum
958 1852 1050 1918 libris
1081 1857 1114 1918 at
1145 1855 1179 1916 in
1208 1853 1325 1917 nostris
1355 1847 1528 1917 (lodicibus

334 1963 438 2023 certae
461 1958 618 2044 quaedam
639 1961 885 2045 praepositiones
907 1980 998 2044 saepe
1016 1960 1100 2024 inter
1119 1978 1152 2024 se
1173 1957 1418 2024 confunduntur.
1450 1956 1528 2022 Pas-

334 2066 397 2129 sim
426 2066 461 2129 in
491 2067 608 2131 nostris
638 2064 723 2132 uarat
748 2069 781 2130 et
804 2063 888 2142 μετά
911 2068 1040 2130 mutant
1062 2067 1146 2130 inter
1168 2084 1201 2130 se
1224 2063 1351 2129 locum:
1374 2063 1463 2130 idem
1487 2083 1528 2127 ex

334 2169 510 2235 Aristarchi
533 2171 772 2237 commentariis
794 2191 858 2236 non
882 2191 953 2236 raro
977 2173 1195 2259 cognovimus.

379 2285 419 2340 A.
445 2273 522 2340 424.
567 2276 672 2360 χθιζὸς
696 2273 754 2355 ἔβη
781 2277 890 2342 κατὰ
913 2277 1017 2342 δαῖτα.

380 2390 420 2446 A.
445 2379 521 2446 484.
568 2378 663 2448 ἵκοντο
683 2383 792 2448 κατὰ
815 2380 935 2463 spara.

379 2485 557 2575 Didymus:
582 2489 765 2569 Ἀρίςορχος
790 2486 918 2572 nard,
942 2488 975 2553 οὐ
990 2486 1117 2564 μετά.
1140 2487 1193 2552 κο)

676 2592 808 2676 »χθιζὸς
832 2592 891 2672 ἔβη
916 2593 1000 2659 κατὰ
1024 2593 1153 2658 deira?

271 2781 274 2788 .
380 2709 414 2763 B.
441 2697 518 2765 163.
565 2697 603 2763 tta
628 2701 678 2763 νῦν
703 2700 788 2764 κατὰ
813 2697 874 2765 tad
890 2748 897 2764 .

380 2801 564 2869 Scholium:
589 2803 757 2882 ούμποοοκ
781 2801 865 2885 εἶχον
889 2805 996 2870 sard
1020 2804 1138 2890 λοόν,
1162 2802 1230 2869 ἀντὶ
1256 2806 1309 2868 τοῦ
1334 2801 1450 2881 μετά.

382 2918 423 2976 Ν.
448 2909 525 2979 227.

538 3014 569 3089 ὅς
591 3022 630 3100 §a
653 3017 715 3084 νέον
740 3016 884 3097 πολέμοιο
907 3017 992 3096 μετὰ
1017 3017 1105 3090 κλέος
1129 3014 1308 3091 εἰληλούθει.

379 3121 562 3188 Sobolium:
587 3121 795 3208 Ἀοιςοφοὶνκς
818 3132 937 3190 ΚΑΤΑ
961 3123 1059 3196 κλέος.

380 3237 421 3293 Α.
447 3224 523 3292 364.

468 3333 578 3410 γήμας
602 3333 629 3400 δ’
652 3337 686 3400 ἐκ
710 3334 861 3414 tascium
885 3334 970 3414 μετὰ
995 3333 1083 3406 κλέος
1108 3332 1184 3400 ἵκετ’
1206 3335 1357 3415 Ἀχαιῶν.

333 3437 417 3503 nihil
446 3443 591 3518 notatur,
622 3441 677 3506 sed
707 3441 812 3508 multa
840 3441 974 3507 suadent
997 3445 1034 3505 ut
1057 3440 1184 3506 credam
1207 3447 1324 3505 ΚΑΤΑ
1348 3433 1528 3510 cadarossa

332 3543 502 3610 lectionem
525 3545 761 3612 Aristarcheam
785 3567 919 3632 eamque
943 3547 1111 3632 utrobique
1134 3545 1353 3632 reponendam.

380 3648 458 3730 Quis
481 3655 590 3717 autem
616 3650 777 3716 dubitabit
801 3655 835 3717 in
858 3651 948 3717 lliad.
973 3660 1013 3716 Τ.
1040 3650 1114 3716 346.

561 3757 587 3821 οἱ
610 3755 640 3821 δὲ
665 3759 700 3832 tt
725 3755 815 3822 ἄλλοι
843 3757 994 3838 Οἵχονοοιι
1014 3766 1139 3823 ΜΕΤΑ
1166 3756 1296 3821 δεῖπνον.

332 3881 481 3946 reponere
501 3863 535 3927 id
558 3863 643 3948 quod
664 3865 711 3928 rei
732 3867 846 3929 natura
868 3868 901 3930 ot
923 3864 1049 3929 dicendi
1071 3884 1148 3928 usus
1169 3861 1335 3952 flagitant:

697 3967 833 4049 οἴχονται
858 3977 975 4034 ΚΑΤΑ
999 3969 1134 4044 δεῖπνον,

333 4073 368 4140 id
392 4077 440 4139 est
463 4073 681 4149 decorticaret.

739 4283 814 4348 Ἐπί
838 4291 886 4332 -’
905 4282 1009 4362 προτί,
1036 4281 1119 4348 ποτί.

379 4387 449 4454 Hae
469 4409 592 4472 quoque
605 4391 851 4474 praepositiones
872 4391 904 4452 in
916 4387 1050 4454 Homeri
1063 4387 1258 4453 carminibus
1270 4385 1528 4472 frequentissime

332 4497 416 4560 inter
438 4513 471 4559 se
494 4496 621 4559 misceri
643 4493 777 4560 videbis.
813 4493 850 4558 In
868 4495 929 4560 hac
949 4495 1129 4561 confusione
1148 4513 1212 4560 non
1229 4493 1385 4560 sententia
1403 4490 1529 4557 laborat
