3410 5180
163 585 195 664 et
216 594 251 661 in
275 613 309 660 re
332 599 441 682 specto
463 597 656 663 sententium
677 604 764 664 recte
787 600 939 683 ceperunt
959 602 1138 690 magistri,
1153 601 1209 667 sed
1229 603 1264 665 in
1283 619 1352 666 ver·

162 702 278 768 borum
301 699 428 767 delectu
450 706 483 768 et
505 700 610 768 ios-ms
628 701 821 768 otubnunt.
859 701 977 769 Fuetet
999 707 1086 770 enim
1111 703 1295 781 ’ArActsin
1319 711 1353 772 ct

161 809 539 886 ΚΑΤΑΛεύεΑΝΤεΟ,
564 813 602 874 ut
619 827 729 874 omncs
751 813 930 874 constanter
949 806 1171 896 loquebantur.

207 1020 281 1101 ch.
305 1014 382 1083 298.
407 1015 439 1082 6.
462 1015 516 1082 καί
540 1015 806 1098 παραλαμβάνειν
828 1040 869 1095 γε
892 1012 965 1096 σ’ίροα
985 1028 1024 1102 τῇ
1048 1018 1206 1104 βακτηρία
1229 1021 1282 1086 καί
1306 1021 1349 1102 τῷ

104 1180 112 1188 .
161 1122 310 1206 συμβόλῳ
340 1123 375 1188 τί
405 1120 550 1204 Φρίνηραα
579 1122 615 1189 τὸ
648 1131 705 1198 τῆς
728 1120 846 1196 πόλεως
871 1121 1030 1210 [νομίζειν]
1055 1121 1165 1194 ἐκαςον
1188 1130 1270 1204 ὑμῶν
1290 1126 1350 1204 δεῖ,

162 1229 235 1297 ὅταν
267 1230 311 1295 τοὶ
343 1228 475 1306 δημόσια
506 1229 620 1305 εἰσίητε
655 1233 830 1308 κρινοῦντες.
879 1228 1010 1309 Quoties
1040 1229 1122 1297 hono
1155 1230 1351 1316 praeclaram

163 1339 355 1403 sententiam
377 1335 486 1423 relego
509 1337 605 1401 toties
626 1355 680 1401 me
704 1333 835 1400 offendit
855 1332 986 1416 νομίζειν
1007 1337 1171 1422 perinepte
1189 1357 1262 1404 mco
1281 1339 1351 1422 qui·

162 1445 235 1510 dem
271 1443 390 1508 iudicio
424 1441 581 1507 additum.
635 1439 786 1527 Intelligo
819 1440 897 1524 qnid
926 1443 970 1506 sit
1000 1449 1033 1506 et
1064 1442 1204 1509 admiror
1226 1443 1350 1508 dictum

164 1549 312 1628 „iudicem
341 1553 375 1612 εἰν
405 1567 496 1612 cauco
517 1547 644 1630 publico
674 1568 793 1630 ικσρννοο
814 1546 946 1611 ciuitatis
967 1547 1094 1631 spiritus
1117 1565 1245 1614 suum
1268 1569 1351 1632 opor·

162 1655 243 1722 terc''
274 1654 329 1720 sed
361 1675 502 1731 ,,ιιυιιονο
530 1675 562 1717 ec
590 1649 784 1720 snsssssm”
817 1651 895 1737 quid
924 1655 968 1718 sit
998 1672 1061 1718 non
1090 1656 1200 1720 sentio.
1248 1651 1352 1720 Miror

162 1761 310 1848 equidem
332 1779 394 1845 quo
416 1764 509 1846 puoto
531 1755 661 1838 νομίζειν
684 1760 820 1842 irrepere
841 1760 1000 1844 potuerit,
1023 1757 1114 1825 nolui
1136 1764 1245 1826 tumen
1268 1759 1350 1825 hono

163 1867 374 1953 suspicionem
396 1863 524 1932 silentio
544 1881 703 1951 premere:
726 1863 885 1929 indicium
906 1883 1003 1950 penes
1025 1863 1104 1932 ulios
1126 1870 1204 1932 esto.

208 2075 290 2165 ch.
324 2071 403 2139 299.
429 2071 460 2138 1.
483 2079 636 2153 προσῆγον
658 2071 787 2144 ἐκείνους
812 2074 936 2158 (cepaea
959 2072 1169 2161 Macedonum)
1191 2071 1349 2154 προτίρσνς

162 2180 213 2248 διὰ
237 2183 273 2248 τὸ
295 2183 349 2258 την
375 2181 462 2264 [τῶν]
485 2176 666 2260 συμμάχων
688 2178 778 2256 τοίξιν
801 2179 929 2252 ἐκείνους
954 2178 1049 2262 ἐχειν.
1102 2179 1259 2267 Expunge
1281 2200 1351 2246 mo·

162 2287 281 2355 lestum
304 2293 337 2353 et
359 2287 514 2353 vitiosum
538 2282 727 2350 articulum:
751 2283 918 2364 σύμμαχοι
943 2281 1019 2362 ἦσαν
1043 2305 1106 2352 non
1126 2285 1151 2351 ci
1172 2284 1350 2365 ου’ραμαχοι.

162 2393 261 2462 Erunt
295 2391 326 2458 ἐν
360 2387 542 2472 συμμοίχυν
575 2388 676 2467 τιίξει.
740 2389 814 2456 Νοιι
847 2397 896 2456 est
927 2391 963 2456 iu
997 2390 1049 2456 his
1083 2389 1218 2457 articulo
1250 2390 1349 2458 locus.

161 2499 260 2567 Recte
287 2500 443 2584 scriptum
474 2502 523 2563 est
552 2516 628 2585 pcg.
663 2493 737 2565 771.
770 2495 803 2562 8.
838 2494 908 2562 sos
938 2493 1050 2566 ἐκαεον
1071 2495 1154 2576 ὑμῶν
1176 2497 1349 2580 κατηγόρου

161 2603 253 2682 ταἚιν
276 2602 377 2686 ἐχειν,
401 2609 434 2670 si
456 2604 502 2670 sic
522 2605 654 2690 possim.

205 2811 285 2880 Post
306 2831 408 2900 peuce
429 2811 469 2877 de
490 2809 606 2877 iisdem
629 2809 708 2876 dicit
726 2830 801 2898 pcg.
820 2807 898 2876 299.
922 2807 973 2876 12.
995 2809 1169 2879 ἐδείκνυσαν
1188 2815 1228 2888 ὥς
1247 2812 1348 2897 dono.

161 2919 199 2986 ln
229 2918 416 2986 huiusmodi
446 2918 602 2983 sententis
631 2913 735 2981 solent
757 2935 867 2982 omnes
888 2921 946 2982 sut
965 2940 1005 2995 γε
1028 2924 1085 2986 sut
1107 2943 1148 2998 γε
1171 2919 1207 2996 ἐνί
1230 2922 1349 2989 ironice

162 3025 286 3092 sddere.
331 3023 520 3112 Lugendum
542 3023 647 3110 igitur
668 3017 706 3094 oc
731 3022 766 3086 1⁴⁹
790 3018 888 3102 ᾤοντο.

205 3233 286 3324 Psg.
312 3230 390 3299 300.
414 3231 468 3298 15.
491 3227 567 3297 οὕτω
591 3229 749 3310 σοίΦρονας
772 3229 952 3312 παρέσχετε
976 3231 1058 3310 ὑμᾶς
1078 3232 1202 3306 αὐτούς.
1236 3231 1291 3300 sie
1313 3232 1348 3301 S.

161 3343 195 3407 in
217 3340 376 3427 plerisque
400 3345 449 3404 est
471 3336 686 3419 παρέρχεσθε,
709 3338 744 3401 iu
767 3357 829 3422 quo
852 3335 933 3402 lstet
950 3357 1031 3404 ,vers
1049 3337 1146 3405 lectio
1165 3339 1348 3424 παρέσχεθ’

163 3447 244 3525 ὑμᾶς
269 3446 393 3518 αὐτούς.
439 3441 540 3530 Sceps
562 3445 608 3510 sic
630 3441 774 3508 inlibris
794 3441 1019 3510 Demosthenis
1039 3449 1180 3531 scrutur,
1198 3451 1349 3532 utsupra

162 3550 369 3619 ostendimus.

206 3761 287 3851 Psg.
312 3757 389 3827 801.
415 3760 469 3826 14.
495 3757 533 3825 ἵν’
557 3761 657 3834 εἰδῆτε
681 3762 719 3824 'H
744 3760 804 3839 ἐμίν
826 3757 973 3840 συνέχεια
992 3796 1035 3808 -
1054 3768 1101 3826 TI
1120 3761 1346 3843 οίπειργσίσατο.

161 3865 234 3936 Non
263 3867 382 3935 hebent
409 3865 487 3932 hsec
510 3862 650 3933 Graecus
673 3867 911 3951 compositionis
932 3863 1081 3932 formem.
1128 3865 1202 3934 Dici
1224 3875 1349 3956 poterut

162 3971 198 4040 i's'
230 3973 330 4049 είδῆτε
361 3974 416 4050 πίρν
440 3973 516 4048 ἐμὴν
538 3970 702 4052 συνέχειαν
724 3972 757 4036 πί
779 3969 1017 4055 ιίπειργιίσατο,
1040 3971 1096 4038 sed
1118 3972 1253 4062 vulgstc
1273 3976 1350 4045 ferri

161 4098 224 4145 non
252 4083 366 4165 potest.
413 4075 593 4163 Transpone
617 4076 651 4142 τί
673 4078 826 4142 insnum
849 4075 958 4143 locum
981 4082 1013 4142 et
1035 4079 1159 4163 optime
1180 4082 1349 4165 procedent

161 4186 288 4252 omnio:
313 4181 351 4250 ἵν’
376 4185 478 4260 sibico
501 4183 533 4250 τί
555 4185 572 4260 si
597 4185 657 4262 ἐροίη
679 4181 826 4264 συνέχεια
846 4217 887 4232 -
907 4181 1136 4263 οίπειρχιίσατο.

205 4393 288 4482 Peg.
321 4388 397 4458 802.
429 4391 461 4459 2.
494 4391 684 4471 ἐπεπείσμην
708 4391 733 4458 δ’
756 4392 829 4471 ὑπὲρ
853 4391 1009 4470 ἐμαυτοῦ,
1031 4393 1130 4477 τυχὸν
1152 4395 1209 4472 ραέν
1240 4397 1347 4465 είναι.

150 4503 333 4586 σίητῶν,
364 4495 444 4580 ὅρους
477 4498 504 4565 δ’
536 4499 744 4584 ἐπεπείσμην,
776 4498 859 4577 μήτε
881 4498 1035 4582 γράφοντ’
1058 4497 1098 4564 ίιν
1122 4500 1197 4580 ἐμοῦ
1223 4503 1348 4585 spicas
