3404 5192
925 360 988 432 sca
1062 345 1063 348 ‘

359 555 393 622 in
423 556 560 623 Praefst.
592 577 623 642 p.
653 553 737 620 LXI.
772 559 949 639 ‚arescas
979 555 1145 620 Zenodetua
1178 554 1253 627 Ζεὺς
1286 555 1389 638 σφέιις
1412 556 1556 624 errares
1675 573 1676 594 ¹

359 661 538 738 ἱεεσςσιος.”
573 661 657 748 quod
692 683 749 726 cur
783 681 896 726 verum
931 681 999 726 esse
1033 681 1097 726 non
1125 663 1226 747 possit
1256 664 1399 747 primum
1431 664 1554 730 dicam.

359 768 494 858 Legitur
515 770 549 832 in
572 765 700 832 Scholio
725 766 763 833 ad
785 765 877 831 Iliad.
901 775 938 830 Γ.
965 765 1043 832 280.

768 874 854 948 ὑμεῖς
878 871 1023 952 μάρτυροι
1049 871 1109 942 ter.

360 978 428 1057 ἔςε,
459 981 581 1063 inquit,
613 978 824 1063 imperativus
854 982 919 1043 est:
951 979 1056 1043 πολλὰ
1088 975 1133 1047 trs
1165 981 1378 1060 προσσιιιισικόι
1410 983 1448 1054 ὥς
1477 982 1554 1063 πρὸς

359 1086 429 1158 τοὺς
454 1083 547 1157 θεούς.

543 1193 602 1255 Ζεῦ
626 1187 739 1269 πάτερ,
764 1175 860 1254 ιὶλλιὶΙ
877 1189 914 1254 σὺ
939 1192 1028 1272 ῥῦσσιι
1043 1228 1084 1240 -

546 1295 666 1370 ποίησον
691 1295 716 1358 δ’
742 1294 860 1375 steps,
888 1293 935 1368 δὸς
960 1296 986 1360 δ’
1009 1297 1215 1379 ὀφθαλμοῖσιν
1238 1295 1362 1362 ἰδέσθαι.

361 1403 474 1469 addere
495 1405 620 1488 poteret
643 1400 727 1487 quod
751 1404 900 1466 continuo
923 1403 1084 1487 sequitur:

631 1507 661 1570 ἐν
684 1507 716 1572 δὲ
739 1505 817 1589 Φοὶει
841 1508 894 1572 οισι)
918 1506 1053 1573 ὄλεσσον.
1081 1507 1127 1593 (Ρ.
1153 1505 1244 1592 645.)

406 1612 469 1679 Sed
492 1635 531 1678 ex
553 1613 613 1678 hac
636 1613 852 1679 observatione
875 1634 939 1679 non
960 1613 1103 1679 multum
1127 1612 1290 1679 discimus.
1336 1612 1457 1678 Utilius
1480 1619 1551 1680 emt

360 1719 528 1784 admonere
546 1721 580 1782 in
600 1721 740 1784 oratione
760 1720 800 1784 ad
817 1719 899 1785 Deos
918 1721 1147 1804 imperativum
1167 1723 1256 1803 poni,
1279 1720 1386 1784 sedin
1407 1723 1551 1785 oratione

361 1824 399 1889 de
428 1824 499 1890 Diis
531 1845 709 1910 numquam
737 1827 983 1910 imperativum,
1007 1824 1063 1889 sed
1085 1847 1195 1908 seraper
1217 1824 1378 1908 optativum
1400 1828 1551 1911 usurpari

362 1929 392 1993 ἕν
423 1930 481 2008 μὲν
511 1931 552 2012 τῷ
584 1931 656 2011 πρὸς
689 1931 770 2002 θεοὺς
801 1929 885 2011 λόγῳ
918 1930 958 1994 τὰ
993 1931 1206 2007 accerseres&
1230 1931 1364 2009 τίθεται,
1394 1931 1423 1994 ἔν
1449 1931 1482 1995 δὲ
1505 1935 1550 2013 τῷ

361 2035 429 2115 περὶ
463 2037 531 2102 θεῶν
562 2035 606 2100 σοὶ
637 2035 777 2102 started.
825 2035 910 2123 Ergo
933 2038 967 2100 in
990 2037 1126 2101 secunde
1148 2057 1280 2121 persons
1303 2057 1427 2121 semper
1449 2040 1552 2122 impe-

361 2145 516 2221 rativum,
537 2144 572 2206 in
590 2145 685 2208 tertis
705 2143 823 2227 ubique
842 2145 1021 2228 optativum
1041 2141 1182 2227 videbis,
1199 2147 1236 2206 nt
1247 2145 1281 2207 in
1292 2145 1376 2208 notis
1388 2144 1549 2227 precihus:

430 2253 490 2313 Ζεῦ
514 2249 650 2329 βιισιλεῖι
663 2299 671 2328 ,
695 2250 738 2313 τὰ
762 2249 820 2327 μὲν
844 2247 938 2312 ἐσθλοὶ
962 2246 1014 2312 κιο)
1039 2244 1215 2326 εὐχομένοις
1239 2247 1292 2312 xci
1316 2248 1472 2317 οὶνεύιισοιε

429 2352 513 2432 ἄμμι
538 2355 636 2438 δίδου,
660 2354 702 2419 τοι
727 2354 758 2419 δὲ
782 2354 883 2434 λυγροὶ
909 2353 961 2419 aa>
986 2353 1163 2434 εὐχομένοις
1187 2353 1331 2433 deripere.

360 2463 405 2525 sic
438 2461 522 2546 apud
554 2460 734 2526 Homerum
767 2465 831 2525 est:
864 2459 950 2536 εἵιξον
983 2461 1018 2532 δὴ
1051 2457 1147 2539 ἔγχος
1181 2459 1366 2537 Διομήδεος,
1400 2464 1432 2524 et
1463 2459 1549 2544 apud

360 2565 623 2652 Aristophanem:
654 2560 675 2628 ὦ
707 2569 784 2642 Ζεῦ,
817 2564 906 2643 μέγα
937 2563 1118 2645 epternaco,
1143 2569 1175 2630 et
1199 2565 1282 2651 apud
1304 2564 1546 2632 Pherecratem:

363 2668 384 2735 cl
417 2674 493 2749 Ζεῦ,
531 2709 572 2720 -
604 2668 718 2735 servas
751 2669 908 2753 σχολάζῃς
940 2679 1044 2752 νῑψον,
1078 2671 1112 2736 id
1142 2676 1189 2736 est
1220 2677 1300 2735 mitte
1322 2671 1434 2750 civem,
1459 2675 1549 2737 etin

361 2797 532 2862 puerorum
562 2777 708 2862 precibus
740 2776 890 2842 Athenis:
916 2773 1002 2854 ὅσον,
1028 2772 1115 2851 ὅσον,
1142 2773 1163 2840 ὦ
1186 2777 1263 2858 φίλε
1288 2781 1368 2854 Ζεῦ,
1392 2781 1423 2842 et
1447 2773 1547 2857 ἔξοχ’,

362 2878 383 2946 ὦ
406 2881 479 2962 φίλ’
505 2880 590 2961 ἥλιε,
616 2887 648 2947 et
671 2884 790 2966 passim
813 2881 862 2946 his
886 2881 1006 2948 similia
1025 2881 1186 2969 leguntur.
1223 2882 1344 2963 Quaere
1364 2882 1550 2968 exemplum

361 2990 547 3074 imperativi
583 2990 617 3052 in
653 2991 747 3052 tertis
781 3007 930 3072 persona,
966 2987 1092 3052 nullum
1128 2991 1273 3074 reperies.
1330 2987 1402 3073 Ipse
1434 2995 1550 3054 nature

362 3094 451 3159 ducit
481 3094 522 3162 ad
551 3096 732 3179 optativum
764 3099 796 3158 et
820 3093 1040 3179 exemplorum
1063 3093 1156 3179 plena
1179 3101 1253 3159 sunt
1275 3097 1391 3160 omnia.
1438 3094 1549 3178 Itaque

361 3202 515 3266 vitiosum
547 3207 594 3264 est
626 3199 702 3271 Ζεὺς
734 3198 885 3274 viraines,
917 3199 1100 3265 etr-ricem
1131 3202 1341 3265 necessarium
1371 3219 1407 3263 ec
1434 3219 1548 3264 verum

361 3310 418 3370 est.
454 3305 537 3386 Quid
561 3310 609 3370 est
630 3306 733 3392 igitur
754 3302 949 3393 legendum?
984 3305 1090 3370 Facile
1114 3308 1249 3390 reperies
1272 3306 1328 3369 ubi
1351 3303 1547 3369 intellexeris

354 3409 446 3476 'mele
469 3411 575 3476 abesse
598 3410 789 3496 particulam
809 3412 844 3475 in
860 3411 1046 3476 huiusmodi
1065 3413 1289 3496 imprecatione
1307 3412 1382 3494 poni
1400 3409 1546 3488 solitam,

361 3519 399 3580 ut
421 3515 506 3600 apud
526 3514 682 3580 Plautum
706 3537 741 3582 ac
764 3514 949 3580 Terentium
973 3516 1085 3580 toties:

565 3628 624 3685 AT
650 3627 678 3685 te
701 3621 758 3684 Dii
782 3621 919 3706 Deaeque
935 3619 1089 3704 perduint.

567 3734 626 3790 AT
651 3733 680 3790 te
703 3727 821 3816 Iupiter
842 3727 943 3812 Dique
965 3747 1061 3791 ονιιιοι
1076 3725 1220 3809 perdent.

566 3841 626 3898 AT
650 3832 706 3896 ciet
728 3833 773 3896 Di
794 3837 914 3914 dipem
928 3833 1030 3918 sectis
1052 3830 1174 3895 esitium
1197 3831 1285 3896 arist
1309 3831 1344 3917 ¹).
1372 3917 1374 3924 y

400 4067 423 4131 1)
442 4067 537 4115 Terent.
560 4063 637 4114 Andr.
655 4063 698 4112 IV.
718 4069 738 4114 l.
757 4066 798 4112 43.
816 4061 932 4128 siquem
949 4062 1029 4113 loenm
1046 4063 1170 4112 Donatus:
1189 4066 1250 4121 „AT
1262 4063 1405 4128 principium
1423 4065 1458 4113 ad
1475 4065 1550 4116 ιἰισσε·

360 4149 478 4214 petionem
496 4153 589 4212 aptum,
607 4149 634 4196 nt
653 4145 765 4210 Virgilius
783 4144 856 4213 (Aen.
876 4146 909 4195 Il.
929 4151 999 4208 ⁵³5).

613 4241 659 4284 ΔΤ
676 4234 720 4284 tibi
737 4251 781 4300 pro
798 4236 897 4295 scelere,
914 4236 1042 4293 exclamet,
1060 4250 1104 4300 pro
1121 4234 1209 4284 nubs
1226 4237 1288 4286 susis

611 4317 659 4376 Di,
676 4317 696 4366 si
713 4333 759 4381 qna
777 4321 812 4368 est
830 4319 895 4368 coelo
912 4318 1000 4383 pictos,
1017 4333 1076 4383 quse
1092 4317 1150 4367 talis
1165 4321 1243 4377 curet,
1352 4365 1354 4368 .

612 4400 747 4464 persolvent
762 4405 841 4466 gretes
858 4399 943 4468 dignos
959 4405 984 4451 et
999 4400 1102 4466 praemis
1120 4399 1221 4450 reddent

613 4479 697 4530 debito.
