3392 5186
878 361 944 432 402

317 554 479 631 seruntur,
503 552 611 642 relego
633 557 666 619 et
688 552 861 642 diligenter
880 553 989 619 omnia
1008 550 1188 636 considero,
1208 571 1247 617 eo
1264 554 1373 641 magis
1389 556 1510 642 megin

317 679 379 744 que
411 658 495 724 mihi
527 658 732 726 confirmatur
766 661 924 726 sententia
958 678 1086 736 eorum,
1123 659 1180 743 qui
1213 658 1292 724 baec
1325 679 1389 725 non
1417 660 1512 725 unius

318 765 418 830 ἀοιδοῦ
449 768 590 832 carmina
620 787 687 832 esse
715 765 928 848 arbitrantur,
960 764 1015 830 sed
1045 783 1065 829 a
1091 763 1311 848 compluribus
1332 766 1512 830 cantoribus

317 889 420 955 neque
441 873 556 937 aetatis
578 870 721 937 ciusdem
743 890 845 955 neque
867 871 990 956 patriae
1014 869 1057 940 είς
1081 871 1137 944 τήν
1157 869 1254 944 αθσήν
1274 867 1414 935 θπίθεσιν
1433 869 1513 936 olim

319 979 494 1064 composita
521 981 554 1043 et
584 981 711 1043 cantata
737 977 850 1042 fuisse:
877 974 989 1041 deinde
1011 975 1046 1039 in
1068 995 1172 1040 unum
1195 974 1328 1041 collecta
1350 981 1383 1042 et
1405 975 1512 1042 ordine

317 1081 472 1168 disposita
494 1088 532 1148 nt
555 1084 597 1155 είο
622 1075 652 1147 ἓν
675 1079 832 1160 σωμάτιον
857 1081 1079 1149 coalescerent.

361 1187 427 1254 Diu
459 1188 664 1273 multumque
692 1187 865 1254 Homerica
895 1189 1037 1252 carmina
1066 1185 1240 1252 lectitando
1264 1187 1511 1272 meditandoque

319 1293 378 1360 hoc
412 1293 542 1378 quidem
578 1297 655 1359 satis
689 1293 773 1379 apud
803 1314 856 1358 me
885 1297 1022 1368 constat,
1053 1312 1116 1358 non
1148 1291 1282 1357 eandem
1312 1295 1347 1356 in
1380 1292 1513 1358 disemis

321 1399 431 1471 ἀοιδοῖς
462 1401 621 1485 politicam
650 1399 857 1482 facultatem,
880 1418 945 1463 non
966 1396 1053 1463 idem
1075 1399 1263 1485 ingenium,
1286 1418 1349 1464 non
1370 1403 1514 1463 mantem

320 1505 530 1590 diviniorem,
558 1527 621 1571 non
644 1525 679 1571 os
701 1526 820 1593 magna
845 1510 1033 1570 sonaturum
1056 1504 1165 1568 fixisse
1211 1502 1325 1569 meunt
1347 1525 1427 1590 qnae
1449 1505 1514 1569 cxi-

320 1613 407 1675 mius
438 1615 471 1676 et
500 1631 647 1676 summus
676 1615 770 1696 posta
800 1613 928 1696 panxit,
953 1611 1062 1675 insunt
1086 1629 1167 1694 quae
1188 1614 1301 1694 potitae
1320 1610 1512 1686 mediocres,

320 1717 429 1780 ineunt
460 1736 541 1800 quae
571 1715 798 1783 versificatores
828 1718 957 1782 minimi
985 1717 1082 1801 pretii
1106 1715 1322 1783 conflaverunt
1344 1715 1418 1781 rudi
1439 1716 1514 1781 arti-

320 1819 392 1886 ficio
413 1819 545 1888 lacinias
568 1823 722 1907 quasdam
746 1826 779 1888 et
803 1827 951 1888 centones
973 1820 1161 1888 Homericos
1179 1826 1391 1888 contexentes.
1414 1820 1515 1907 Saepe

321 1928 414 1994 rideo
433 1947 514 2013 quae
532 1949 680 1994 summus
700 1929 880 1994 carminum
902 1927 1016 1993 artifex
1029 1926 1323 2012 praeclarissimum
1334 1927 1514 1994 inmodnm

322 2036 433 2121 panxit
456 2055 493 2100 ea
516 2033 595 2101 alios
618 2033 793 2100 mediocres
817 2037 926 2119 poetas
949 2035 1096 2098 certatim
1122 2034 1157 2098 in
1179 2054 1249 2098 rem
1272 2054 1362 2099 suam
1387 2054 1513 2101 conver·

322 2143 400 2208 tisse
421 2145 453 2206 et
475 2139 633 2205 imitando
657 2141 855 2224 expressisse.
902 2137 1047 2204 Proferre
1069 2137 1161 2204 lubet
1183 2159 1286 2204 unum
1307 2139 1515 2205 memorabile

321 2247 419 2312 huius
449 2249 496 2312 rei
530 2245 715 2331 exemplum
747 2251 780 2312 et
813 2243 1052 2311 documentum.
1099 2241 1265 2311 cecinerat
1298 2248 1448 2332 antiquus
1481 2251 1516 2312 et

321 2349 501 2438 praeclarus
524 2350 622 2422 cicadis
647 2360 683 2416 Z.
706 2349 782 2416 490.
981 2437 983 2442 ,

457 2457 534 2522 ἀλλ’
557 2455 588 2529 ἐς
611 2463 702 2522 εοῖιιον
725 2458 813 2523 ίοῦσα
837 2456 880 2522 πά
904 2457 933 2521 σ’
957 2458 1055 2529 αάσής
1078 2454 1171 2537 rippa
1198 2455 1325 2539 κομίζε,

458 2559 521 2630 leta
545 2564 575 2626 τ’
599 2561 760 2638 ήλαιοάσήν
784 2586 819 2629 σε
843 2561 896 2628 καί
919 2561 1128 2647 ἀμφιπόλοισι
1153 2560 1259 2628 κέλευε

458 2664 560 2747 atlas
582 2667 782 2749 ἐποίχεσθαι·
803 2667 940 2748 πθλεμος
965 2668 992 2733 δ’
1015 2665 1154 2750 ἄνδρεσσι
1179 2669 1310 2746 μελήσει

460 2776 557 2850 πάοι,
581 2771 706 2849 μάλιςα
732 2774 759 2841 δ’
783 2775 865 2854 ἐμοί,
892 2775 938 2840 σοί
962 2774 1042 2856 ειλίῳ
1066 2773 1275 2854 empturo.

322 2879 398 2944 hinc
421 2883 615 2966 prognatum
640 2885 688 2945 cst
711 2877 770 2946 Od.
793 2906 826 2946 α.
853 2879 930 2946 356.

460 2983 535 3048 ἀλλ’
558 2985 597 3057 ἕο
614 2992 706 3051 raison
730 2987 819 3051 ίοῦσα
843 2987 886 3052 σά
910 2985 938 3050 ο’
961 2987 1058 3060 αὐτῆς
1082 2984 1175 3066 rippa
1199 2983 1325 3067 κθμιζε,

461 3087 525 3158 ίςίν
548 3091 577 3154 τ’
603 3091 763 3168 ήλαιιάπήν
786 3117 821 3159 σε
846 3093 899 3157 καί
923 3091 1134 3174 ἀμφιπόλοισι
1159 3092 1266 3158 κέλευε

459 3195 560 3277 ellan
584 3197 777 3279 ἐποίχεσθαι.
800 3207 953 3264 ΜΤΘΟΟ
978 3197 1006 3265 δ’
1031 3196 1170 3278 ἄνδρεσσι
1194 3198 1325 3276 μελήσει

460 3305 556 3378 πᾶσι,
580 3301 705 3381 μάλιςα
728 3304 753 3369 δ’
777 3305 862 3384 ἐμοί,
886 3309 940 3370 τοῦ
965 3304 1029 3384 γάρ
1053 3303 1162 3382 apricos
1186 3303 1232 3372 ἶς’
1256 3303 1297 3368 ἐνί
1320 3303 1412 3384 εοίιιῳ.

326 3414 359 3475 et
377 3405 436 3474 Od.
455 3414 495 3490 φ.
516 3405 593 3472 350.

460 3511 537 3578 ἀλλ’
562 3514 592 3587 ἐς
617 3515 819 3581 rotundatas
841 3515 884 3580 σά
908 3517 937 3579 ε’
960 3515 1059 3590 αὐτῆς
1082 3513 1177 3596 rippa
1200 3512 1325 3595 ιιίμιζε,

461 3619 526 3687 tela
549 3620 579 3684 τ’
604 3619 765 3695 ήλακάτήν
788 3645 824 3686 σε
848 3619 901 3686 καί
926 3619 1134 3703 ἀμφιπόλοισι
1157 3618 1264 3686 κέλευε

459 3724 559 3804 ripen
583 3725 774 3808 ἐποίχεσθαι.
800 3735 950 3794 ΤΟΞΟΝ
974 3725 1002 3794 δ’
1027 3725 1167 3808 ἀνδρεσσι
1191 3726 1321 3804 μελήσει

462 3835 559 3906 πάσι,
584 3831 710 3911 μάλιςα
733 3832 761 3898 δ’
785 3832 871 3912 ἐμοί,
896 3839 949 3898 σοῦ
974 3833 1038 3914 χάμ
1061 3831 1172 3914 κράπος
1195 3830 1241 3901 ἶς’
1264 3833 1305 3898 ἐνί
1328 3832 1370 3899 ιοί
1414 3881 1422 3898 .

324 3941 358 4005 et
377 3935 436 4003 Od.
455 3951 487 4001 λ.
510 3935 588 4002 352.

925 4047 1034 4121 πομπή
1060 4043 1086 4108 δ’
1109 4042 1405 4126 alopeconnesus

461 4151 555 4222 πάσι,
579 4147 705 4226 μάλιςα
728 4147 757 4212 δ’
782 4148 866 4228 ἐμοί,
892 4153 946 4215 τοῦ
970 4151 1033 4231 γὰρ
1058 4148 1168 4231 κράπος
1194 4148 1238 4220 ἔπ’
1262 4152 1304 4216 ε’νί
1329 4152 1425 4232 δήμῳ.

372 4253 495 4319 Suntne
517 4254 595 4319 haec
618 4256 713 4320 unius
737 4258 769 4320 st
791 4255 935 4320 eiusdem
954 4254 1077 4320 ἀοιδοῦί
1099 4259 1138 4328 ἀς
1161 4253 1272 4329 ἕκαςοο
1292 4257 1400 4323 ἑαυτὸν
1421 4257 1517 4324 πείθει

328 4358 420 4434 οὕτως
453 4359 569 4441 ἐχέτω,
602 4380 740 4445 namque
770 4359 860 4426 nulla
890 4365 939 4426 est
968 4363 1003 4426 in
1026 4363 1077 4426 his
1100 4359 1294 4440 πειθανάγιιη
1317 4384 1418 4448 neque
1441 4365 1519 4429 ἀπο-

328 4464 456 4544 δείξεις,
479 4465 534 4533 sed
556 4466 640 4531 mihi
662 4465 793 4551 quidem
813 4467 849 4531 hi
871 4486 982 4536 versus
1002 4469 1037 4534 in
1059 4466 1152 4534 Iliad.
1178 4477 1213 4534 z.
1238 4469 1306 4534 nati
1324 4489 1391 4536 esse
1408 4469 1519 4538 riden-
