3232 5176
655 405 697 479 65

101 620 169 684 quae
194 604 344 668 continuo
367 605 558 688 coquuntur,
582 601 665 668 unde
688 600 777 666 locus
798 603 831 668 in
856 604 974 668 vicinia
994 604 1101 669 lucem
1126 607 1277 690 accipiet:

99 707 140 770 δεῖ
163 709 197 782 δη
230 713 335 773 ταῦτα
367 709 536 779 ἐπανέντας
568 708 620 772 καί
646 709 727 784 ὑμῶν
753 709 853 772 αὐτῶν
877 705 921 772 ἔτι
947 707 998 772 καί
1024 713 1074 773 νῦν
1097 711 1276 788 γενομένους

100 817 182 878 κοινδν
198 817 257 879 ,καί
282 815 317 877 τὸ
342 814 445 894 λέγειν
469 814 520 878 καί
545 813 580 876 τὸ
604 812 806 890 βουλεύεσθαι
834 813 885 878 καί
909 812 945 877 τδ
969 814 1115 895 πράττειν
1140 825 1276 889 ποιησαι.

138 919 222 1000 Quae
245 925 421 1006 sequuntur
442 919 591 1005 pleraque
614 921 722 984 omnia
740 939 778 984 ex
797 918 870 984 aliia
889 925 984 1005 atque
1001 920 1072 986 aliis
1090 919 1277 988 Demosthe-

98 1027 141 1090 nis
166 1025 245 1091 locis
276 1028 490 1090 consarcinata
521 1030 611 1101 aunt,
642 1030 681 1089 ut
708 1045 781 1112 pag.
817 1023 893 1091 172.
918 1022 971 1090 12.
994 1027 1092 1092 καίτοι
1116 1027 1275 1107 σκέψασθε

98 1137 154 1202 τῶς
183 1131 235 1196 ε’τῖ
267 1139 325 1197 τῶν
357 1131 508 1211 τροχίνοιν
531 1131 624 1195 ταῦτ’
648 1125 753 1210 εἶχεν·
780 1134 812 1194 οὐ
838 1132 900 1211 γὰρ
923 1132 1094 1213 ἀλλοτρίοις
1119 1133 1191 1210 ὑμῖν
1215 1156 1277 1199 τα-

52 1255 57 1268 ·
97 1239 277 1314 ραδείγμασι
312 1236 516 1317 χρησαμένοις
548 1234 646 1312 ἔξεσθ’
678 1229 700 1300 οδ
731 1236 872 1314 προσήκει
904 1237 1052 1314 τροίττειν
1083 1236 1203 1310 είδέναι.
1236 1261 1276 1304 ex

97 1365 162 1432 pag.
196 1343 250 1408 35.
284 1343 313 1408 1.
346 1345 380 1408 cal
414 1343 476 1422 χθιρ
510 1343 681 1422 ἀλλοτρίοις
718 1343 788 1426 ὑμῖν
821 1341 987 1422 χρωμένοις
1022 1345 1276 1426 παραδείγμασιν

98 1452 162 1516 ἀλλ’
185 1450 301 1522 οἰκείοις
326 1450 502 1526 εὐδαίμοσιν
526 1445 607 1524 ἕξετε
632 1446 786 1526 γενέσθαι.

138 1555 220 1636 Quae
253 1557 330 1620 haec
360 1557 523 1640 excipiunt
553 1574 629 1641 pag.
664 1551 741 1618 172.
775 1552 827 1618 14.
856 1554 961 1619 ἐκεῖνον
986 1556 1183 1632 Θεμιςοιιλέα
1207 1557 1274 1622 κτὲ.

98 1661 243 1748 descripta
265 1667 341 1726 eunt
363 1682 402 1725 ex
425 1661 627 1724 Ασίείοονιιίου
648 1680 722 1746 pag.
749 1656 825 1723 686.
851 1658 881 1722 4.
906 1661 961 1726 aad
985 1682 1022 1726 ea
1043 1667 1171 1728 tantum
1189 1683 1276 1730 com.

97 1768 218 1850 parabo,
243 1788 324 1852 quae
346 1765 486 1852 aliquem
508 1787 604 1830 ceum
626 1767 774 1830 criticum
798 1763 923 1830 habent.
1161 1782 1164 1788 ’

137 1873 266 1960 Legitur
287 1895 362 1962 pag.
392 1869 465 1938 172.
489 1871 545 1936 20.
570 1871 620 1947 μίο
645 1869 697 1935 Δί’
722 1872 755 1934 οὐ
778 1876 921 1950 χαλκοῦς
941 1869 1054 1939 ίςοισαν
1077 1911 1118 1924 -·
1139 1877 1215 1941 ἀλλ’
1234 1878 1273 1948 ῶς

100 1987 232 2044 ΟΤΔΕΝ
256 1981 355 2043 αὐτῶν
376 1981 526 2056 κρείττους
546 1976 635 2050 θντας
657 1975 751 2050 οὕτως
772 1977 895 2055 ἐτίμων.
931 1979 1003 2044 Non
1015 1983 1114 2046 sensit
1125 1979 1276 2066 Sophiste

98 2105 124 2147 ec
156 2085 287 2150 absurda
316 2084 415 2169 loqui.
463 2082 541 2164 Quia
572 2085 656 2148 enim
687 2104 782 2148 sanus
810 2084 962 2149 honorem
992 2085 1088 2151 habet
1118 2087 1160 2166 τῶ
1192 2087 1273 2152 οὐδὲν

99 2189 195 2255 ἑαυτοῦ
225 2192 370 2270 κρείττονι
400 2187 482 2254 derel
512 2190 616 2257 Nemo
639 2189 754 2256 hercle.
802 2187 933 2256 Saniora
957 2190 1047 2256 dabit
1068 2194 1135 2278 ipse
1158 2191 1275 2258 Demo

99 2296 212 2362 sthenes
234 2319 308 2385 pag.
334 2293 410 2361 686.
435 2295 489 2361 10.

137 2510 213 2597 Pag.
245 2507 321 2574 172.
353 2507 407 2573 24.
439 2509 504 2574 οὐδὲ
536 2511 592 2584 την
616 2509 646 2572 ἕν
669 2511 833 2588 Μαραθῶνι
855 2510 966 2589 μοίχην
991 2508 1185 2589 Μιλτιάδου,
1208 2533 1275 2576 me-

99 2617 154 2680 liua
181 2637 252 2703 pag.
288 2613 363 2680 686.
396 2613 450 2681 20.
475 2617 528 2690 την
553 2615 727 2694 Μαραθῶνι.
773 2613 811 2679 In
833 2616 943 2680 Attica
964 2617 1128 2696 Μαραθῶνι
1151 2623 1199 2682 eet
1222 2617 1276 2684 ad·

99 2723 232 2786 verbium
275 2742 331 2787 nec
374 2724 638 2806 praepositionem
679 2721 832 2787 admittit.
886 2719 1053 2788 Miltiades
1086 2725 1154 2807 ipae
1189 2725 1274 2810 apud

100 2826 277 2913 Eupolidem
299 2830 346 2891 ita
369 2827 464 2892 dicit:

287 2935 320 2996 οὐ
344 2933 407 3011 γαρ
431 2932 480 3008 μὰ
502 2933 558 3005 την
580 2934 745 3012 Μαραθῶνι
769 2933 825 3007 την
848 2933 924 3011 ipae
946 2931 1060 3016 μοίχην

286 3037 404 3119 χαίρων
428 3061 475 3108 τις
500 3039 600 3102 αὐτῶν
624 3039 736 3114 τούμὸν
760 3039 896 3116 οίλγυνεῖ
915 3038 999 3120 κέαρ.

134 3248 208 3336 Peg.
236 3247 307 3315 176.
334 3249 363 3314 1.
387 3249 509 3337 legitur
531 3250 565 3314 in
588 3247 628 3314 S:
651 3249 709 3321 τοδς
731 3251 788 3327 μὲν
810 3250 845 3323 δη
866 3252 1030 3322 πολιτικῶς
1052 3253 1164 3332 δωρεὰς
1176 3249 1269 3324 οὕτως

96 3354 190 3418 ἐκεῖνοί
220 3378 253 3418 τε
283 3361 386 3425 καλῶς
418 3355 469 3418 καί
503 3357 591 3431 ἡμεῖς
621 3357 675 3420 οὐκ
705 3357 808 3436 ὀρθῶς·
840 3358 900 3430 τοῖς
933 3357 965 3422 δὲ
987 3365 1045 3423 τῶν
1068 3357 1159 3434 ξένων
1182 3365 1267 3438 mim

97 3457 146 3522 let
165 3468 254 3526 vetus
273 3461 388 3527 lacuna
410 3481 507 3546 quam
526 3466 680 3527 corrector
698 3465 802 3526 nescio
821 3465 893 3548 quie
912 3462 1053 3548 explevit
1072 3469 1143 3549 poet
1163 3473 1268 3536 καλῶς

96 3567 246 3632 inserendo
267 3567 390 3645 ἔνεμον,
416 3577 448 3632 et
472 3567 554 3632 aliur
577 3566 725 3632 ἐδίδοσαν.
772 3566 941 3635 Exciderat
962 3588 1045 3633 unua
1066 3589 1177 3634 versus
1196 3590 1269 3656 eup-
1368 3638 1376 3649 ,

95 3669 217 3754 plendoe
240 3693 275 3739 ex
297 3694 371 3761 pag.
398 3669 474 3736 686.
498 3671 552 3739 26.

585 3775 677 3850 οὕτως
704 3778 811 3844 ἐκεῖνοί
833 3802 868 3843 τε
892 3771 995 3851 καλῶς

351 3883 416 3970 [καί
441 3883 680 3956 λυσιτελούντως
703 3885 823 3957 ἑαυτοῖς
848 3885 998 3969 ἐδίδοσαν]

346 3990 398 4054 καί
424 3993 513 4066 ἡμεῖς
536 3994 590 4054 οὐκ
613 3992 709 4071 ὀρθῶς.
985 3998 988 4008 ’

128 4093 214 4159 Nunc
225 4116 376 4183 magnum
388 4099 487 4161 nostri
499 4095 666 4182 Sophistce
678 4095 839 4184 flagitium
853 4099 1039 4182 aperiemus.
1054 4117 1130 4184 pag.
1144 4095 1219 4164 173.
1233 4097 1264 4164 3.

95 4197 187 4263 ἐκεῖνον
220 4203 344 4288 (inquit)
375 4201 493 4266 Μένωνι
518 4205 560 4284 τῷ
585 4203 751 4282 Φαρσαλίῳ
777 4202 893 4268 δώδεκα
916 4203 973 4278 μὲν
997 4202 1143 4268 τοίλαντα
1169 4205 1265 4282 epyc-

96 4305 148 4378 ρι’συ
169 4303 245 4369 δθντι
268 4309 338 4387 πρὸς
362 4309 414 4372 τδν
437 4309 477 4372 ἐτ
510 4306 602 4372 Ἠιίνι
628 4319 665 4389 τῇ
690 4308 761 4386 τρδς
780 4309 975 4388 Ἀμφιπόλει
995 4309 1129 4386 πόλεμον
1137 4357 1145 4386 ,
1167 4310 1265 4376 διακο-

97 4409 161 4478 σίοις
190 4409 216 4474 δ’
246 4414 370 4478 ίττεῶσι
400 4413 541 4485 τενίςαις
567 4415 649 4485 ίδίσις
672 4415 857 4492 βοηθήσαντι
881 4422 965 4479 ΟΤΚ
991 4415 1186 4496 ἐψηφίσαντο
1211 4443 1266 4485 το-

99 4517 204 4579 λιτείαν
225 4518 292 4582 ἀλλ’
312 4517 456 4583 ῶτίλειαν
477 4519 590 4584 ἔδωκαν
612 4519 710 4597 μθνον.
744 4518 907 4604 Surripuit
925 4519 1003 4586 haec
1015 4540 1053 4586 ex
1066 4521 1269 4586 Aristocracea

1078 4629 1092 4670 e
