3208 5158
652 384 718 462 229

109 585 176 651 terio
193 583 284 672 fungi
302 583 414 673 Ulyssi
431 583 678 672 praelucentem.
702 582 919 665 Δινιιοπρεπὲς
942 583 1116 672 (inquiunt)
1134 583 1187 650 erat
1208 579 1281 651 ιιίοιν

108 691 215 764 εὐτελὲς
245 691 281 755 τὸ
305 701 360 768 τῆς
386 692 529 764 toarciae.
555 693 661 772 πολλῷ
681 692 745 771 γὰρ
770 686 802 764 ἦν
826 688 949 769 ἄμεινον
973 689 1204 769 ε’πιδνμιρσοίσιιο
1224 699 1281 768 τῆς

108 793 233 872 ίιιίμονος
257 798 436 875 αὑτίμοοπον
456 797 639 880 ἐπιλάμψαι
660 797 829 870 πολυτελὲς
849 802 929 880 φῶς.
965 798 1159 886 Agnoscisne
1177 801 1213 863 in
1231 798 1282 863 his

108 899 362 988 Aristophanem?
408 903 686 984 Quemadmodum
717 910 826 970 antem
858 923 952 990 supra
983 925 1058 970 enm
1080 905 1224 970 vidimus
1246 906 1281 970 in

108 1008 200 1074 verbis
221 1009 313 1075 πίνοντ’
336 1010 491 1076 ἀποτίνειν
513 1011 631 1091 ’laesio
651 1012 853 1096 periueptum
873 1009 1048 1092 ὑπίρβοιτον
1067 1013 1279 1100 excogitasse,

108 1115 146 1178 sic
172 1135 252 1180 nunc
281 1114 452 1182 mirificem
480 1115 609 1203 ellipsin
638 1120 839 1182 commentus
870 1123 932 1190 est,
958 1138 1055 1203 quam
1077 1119 1112 1183 in
1135 1114 1281 1201 Scholio,

107 1219 227 1286 sitanti
249 1226 313 1300 eet,
338 1221 426 1310 leges
448 1224 529 1307 ipse:
554 1242 691 1308 namque
713 1221 861 1307 equidem

296 1325 370 1393 irae
394 1352 423 1392 τι
449 1327 562 1393 τούτων
586 1334 644 1393 τῶν
668 1329 874 1411 σοφισμάτων
897 1327 953 1395 tto

290 1428 389 1500 ’πλεῖν
415 1434 431 1510 ἢ
456 1435 576 1516 ’νιοιυτῷ
599 1434 804 1515 πρεσβύτερος
830 1434 1021 1516 ἀπέρχομαι.

146 1538 238 1608 Venio
261 1562 346 1607 nunc
369 1541 409 1607 ad
431 1543 539 1627 ipsum
556 1540 797 1617 Aristarchum,
821 1543 920 1606 etiam
942 1545 976 1606 in
994 1542 1046 1607 hie
1068 1540 1163 1631 longe
1182 1545 1283 1608 caete·

106 1645 143 1708 ris
170 1649 338 1726 saniorem,
373 1646 428 1713 sed
449 1649 496 1713 ite
518 1651 627 1713 tumen
649 1652 687 1712 ut
710 1647 821 1713 eedem
844 1649 1083 1734 reprehensione
1105 1668 1168 1715 non
1189 1646 1284 1734 plane

105 1758 206 1817 careat.

144 1855 177 1922 Iu
203 1857 296 1924 Iliad.
326 1869 365 1924 A.
397 1857 463 1924 259
494 1877 561 1944 sqq.
589 1864 657 1925 erat
687 1862 723 1926 in
745 1861 894 1927 omnibus
916 1861 1008 1928 libris
1030 1863 1170 1948 antiquie
1192 1865 1225 1928 et
1247 1862 1282 1925 in

105 1959 243 2030 Zenodoti
265 1965 402 2031 editione
425 1967 581 2051 scripture
602 1967 696 2032 haec:

252 2071 341 2136 οῖλιιίι
366 2072 493 2150 πίίεσί’,
518 2069 616 2153 ἄμφω
641 2073 672 2138 δὲ
697 2074 825 2154 νεοτίροι
851 2074 918 2143 tede
941 2075 1035 2152 ἐμεῖο.

253 2177 308 2255 ἤδη
334 2178 396 2259 yse
421 2178 490 2244 ποτ’
516 2180 577 2258 ἐγὼ
601 2178 653 2245 esai
676 2182 806 2261 οίρείοσιν
830 2179 942 2261 ἠέπερ
966 2183 1058 2258 ’ῖμῖν

252 2284 395 2364 σίνδροίσιν
417 2285 562 2362 ὡμίλησα
588 2285 640 2351 nai
666 2285 776 2352 οὔποτέ
799 2290 835 2365 μ’
860 2285 921 2365 σῖγ’
945 2287 1088 2368 οίίέριζον.

145 2389 341 2455 Aristarchus
364 2391 403 2457 de
426 2411 483 2456 suo
508 2393 601 2469 Ἡμῖν
623 2396 765 2477 reposuit
787 2414 844 2478 pro
869 2396 978 2471 Ὑμῖν,
1003 2391 1088 2478 quod
1110 2410 1172 2477 quo
1192 2411 1285 2478 argu-

107 2501 205 2562 mento
228 2495 384 2562 adductus
407 2496 535 2572 feeerit,
560 2498 635 2563 audi
655 2519 694 2564 ex
713 2501 800 2584 ipse:
823 2500 855 2580 (ἡ
874 2499 968 2572 διπλῆ
987 2495 1218 2583 περιετιμμένν)
1238 2491 1284 2560 ίτι

107 2601 255 2675 zoom
276 2601 394 2685 νονίφεν
418 2604 459 2678 ee
482 2627 553 2684 περ
578 2606 700 2682 ‘reru
725 2609 998 2671 ’eoreercroc
1022 2604 1053 2670 te
1072 2605 1086 2668 e
1105 2600 1210 2682 λόγος.
1232 2603 1283 2669 ιιι

106 2704 133 2770 δὲ
158 2713 209 2773 τοῦ
240 2711 354 2788 Ἡμῖν
386 2708 439 2774 nai
471 2710 578 2775 ἑαυτὸν
608 2715 860 2792 σιιρνιιοισοιριίμεῖ
887 2711 940 2777 ιιοιί
970 2709 1093 2785 ποίνσοις
1117 2709 1187 2784 τοὺς
1212 2707 1282 2774 καθ’

106 2809 213 2880 ἑοντίν.
259 2815 333 2882 Ain'
362 2813 457 2883 vere?
488 2817 654 2898 ἐφύβριςοο
686 2817 718 2884 u
748 2819 762 2882 ί
797 2815 910 2897 reyes?
941 2818 976 2884 Si
1007 2821 1078 2905 quis
1106 2817 1147 2885 ad
1173 2836 1284 2905 regern

105 2915 317 2988 Ptolemaeum
348 2924 400 2989 ede
430 2924 605 3002 Εὐεργέτην
637 2923 702 3012 (vel
731 2927 839 3010 potius
869 2927 920 2990 τὸν
951 2922 1149 3004 Κακεργέτην
1178 2922 1285 2988 iudice

103 3025 213 3111 populo
243 3029 328 3115 apud
351 3030 552 3096 Athenaeum
575 3051 649 3119 pag.
674 3028 751 3096 184.
775 3031 824 3116 o),
848 3050 944 3117 quem
967 3029 1170 3097 Aristarchus
1193 3027 1286 3094 disci·

103 3131 210 3216 pulum
240 3135 355 3202 habuit
385 3136 514 3222 (Athen.
544 3157 618 3225 pag.
652 3135 706 3204 71.
737 3142 797 3221 Ia),
829 3139 876 3202 ita
904 3137 1052 3202 dixisset:
1079 3134 1131 3200 κοοί
1155 3133 1284 3214 οίρείοσιν

104 3237 186 3318 ἠέπερ
210 3241 303 3318 ὑμῖν
327 3240 469 3321 οῖνδροίσιν
489 3244 651 3321 deterre,
672 3243 902 3310 contumeliosa
921 3245 1020 3308 oratio
1033 3246 1072 3307 'et
1091 3240 1180 3306 nullo
1191 3245 1284 3326 pacto

104 3343 259 3413 toleranda
279 3349 427 3413 omnibns
449 3351 633 3436 purpuratis
654 3352 725 3415 risa
746 3351 870 3416 fuisset.
894 3348 957 3415 Sed
979 3367 1079 3434 neque
1102 3345 1177 3412 idlae
1197 3345 1285 3411 blan-

104 3447 208 3528 ditiae,
242 3473 319 3538 ques
353 3458 510 3520 crescente
543 3454 746 3521 humanitate
780 3457 864 3521 inter
897 3454 1040 3520 homines
1075 3451 1285 3539 elegantiores

104 3553 240 3634 ιῖρίσιιειοο
270 3559 424 3645 quaedam
447 3562 584 3646 peperit,
608 3561 757 3627 heroibus
780 3560 963 3628 Homericis
984 3564 1079 3626 notae
1100 3559 1231 3622 fuerunt
1254 3559 1287 3621 et

105 3661 273 3730 Aristarchi
295 3669 476 3732 coniectura
497 3688 571 3733 oum
594 3666 657 3734 loci
676 3670 832 3734 sententia
850 3671 984 3755 pugnat.
1021 3663 1125 3732 ’neus
1146 3663 1284 3740 πίίεσίε,

104 3765 211 3834 Nestor
233 3772 354 3858 inquit,
379 3773 512 3838 deridesne
537 3775 600 3855 μοίρ
623 3797 675 3852 μοι
698 3773 930 3853 ιιοοίοίμείνονες
954 3772 1031 3853 ἥπερ
1052 3771 1149 3849 ὑμεῖς.
1185 3767 1285 3833 Pleno

104 3878 266 3960 gruritatis
303 3883 336 3945 et
363 3881 562 3946 auctoritatis
593 3882 693 3947 oratic
724 3885 787 3957 eet,
817 3879 921 3966 qualis
952 3876 1120 3943 Octaviani
1144 3874 1287 3962 Augusti

104 3977 161 4044 fuit
183 3981 222 4047 ad
247 3984 377 4051 iuuenes
399 3987 447 4052 ita
472 3985 622 4052 dicentis:
646 3987 750 4051 ονιιίῖίο
772 3987 892 4051 iuuenes
913 4007 1026 4060 ισοοιιι,
1050 4003 1134 4069 quem
1151 3981 1286 4045 νἰιοιιιοιιι

104 4105 180 4152 reae
210 4089 369 4156 audebant
394 4091 432 4180 ¹).
477 4091 526 4157 Ex
556 4094 733 4160 Aristarchi
756 4098 865 4159 antem
889 4091 1080 4159 correctione
1102 4086 1218 4153 Nestor
1240 4088 1288 4152 ita

105 4189 193 4259 dicit:
226 4195 358 4264 ἐπίίοντο
389 4195 454 4280 sep
484 4221 536 4278 μοι
568 4198 620 4264 ιοοιί
653 4198 807 4279 ἀμείνονες
840 4201 916 4280 ἥπερ
945 4198 1033 4276 ἡμεῖς
1045 4243 1054 4274 ,
1079 4189 1150 4277 σφῴ
1173 4216 1209 4257 τε
1232 4190 1284 4258 κοιί

137 4439 161 4498 Ι)
182 4435 295 4489 Siolm
311 4439 336 4490 in
354 4441 463 4507 Append-
488 4441 592 4496 Ποτειιί.
614 4441 637 4495 1.
662 4451 685 4496 5.
714 4439 851 4504 ἀνοίσοισε,
879 4441 942 4507 toa,
971 4440 1015 4492 νίοι
1043 4440 1155 4507 γέροντος
1184 4435 1212 4492 ot
1239 4439 1289 4494 νίνιι

106 4536 211 4586 γιρσνπις
230 4523 321 4584 Amor.
