3372 5192
886 347 952 420 542

324 539 379 606 sed
416 541 536 606 vitium
575 540 704 608 subesse
738 543 825 626 puto.
884 537 1033 624 Suspicor
1066 540 1101 604 in
1135 539 1266 624 antiquo
1300 537 1383 604 libro
1417 537 1515 604 inisse

322 645 650 712 *esrecnniese
681 647 797 712 omissa
823 643 917 710 litera
940 642 1059 710 initiali
1083 653 1111 710 λ
1135 649 1174 710 ιιι
1195 649 1277 712 osset
1300 637 1363 725 ἄρα
1384 668 1425 723 γε
1447 667 1515 709 τον-

322 749 395 816 ίετε.
458 750 649 820 Rubrioetor
679 761 707 817 0
738 749 884 836 praefixit
914 752 1005 836 qussi
1039 755 1121 816 esset
1155 751 1245 830 ύρῖντε
1279 749 1420 826 συνίετε,
1453 770 1516 836 quo

319 857 402 924 footo
435 859 541 924 nesoio
571 859 644 943 quis
677 858 732 924 καί
765 858 966 943 interposuit.
1024 855 1062 921 In
1091 855 1254 922 nonnullis
1288 855 1381 922 libris
1417 856 1513 923 ditto-

320 961 457 1052 graphin
479 968 527 1028 ost
550 958 612 1044 άρά
634 987 675 1042 γε
694 963 796 1044 άράτε.
832 961 933 1048 Ssops
952 963 986 1028 in
1005 961 1122 1030 monde
1140 961 1192 1027 his
1212 961 1383 1028 simillime
1401 961 1515 1037 insidi,

321 1069 405 1136 undo
436 1070 578 1153 suspicor
609 1071 709 1140 etism
740 1090 813 1158 ρας.
846 1065 923 1133 660.
956 1065 1010 1134 21.
1040 1061 1103 1147 άρά
1126 1092 1167 1147 γε
1191 1071 1296 1152 [ύράτε
1321 1067 1388 1156 καί]
1417 1092 1515 1134 κατα·

321 1171 495 1254 μανίάνετε
519 1173 752 1244 eiusdemmodi
776 1173 1029 1262 dittographism
1052 1175 1189 1242 subesse.

366 1385 446 1452 Post
474 1404 575 1472 psuos
604 1383 711 1452 editur
740 1404 815 1473 psg.
847 1381 923 1448 680.
958 1382 1010 1450 16.
1042 1380 1139 1448 πάντ’
1170 1380 1231 1448 άνω
1257 1381 1310 1448 καί
1334 1381 1419 1448 κάτω
1448 1382 1516 1471 [πε·

324 1490 447 1577 ποίηκε]
480 1491 533 1556 καί
565 1489 647 1555 οὐδὲν
678 1490 786 1562 άπλύς
818 1489 884 1554 esst
917 1489 1037 1562 δικαίως
1070 1486 1211 1570 ἔπραξεν.
1257 1487 1439 1556 Insitioium
1467 1494 1516 1556 sst

325 1597 482 1670 πεποίηκε.
530 1595 742 1661 Proverbium
777 1598 826 1662 ost
859 1593 952 1660 πάντ’
988 1591 1048 1660 άνω
1079 1593 1132 1659 καί
1164 1593 1249 1660 κάτω
1281 1594 1381 1658 omnia
1409 1616 1515 1681 σιωραι

324 1703 434 1788 deque,
458 1721 561 1787 neque
584 1699 652 1768 ullo
674 1700 771 1768 verbo
794 1719 874 1787 opus
896 1706 954 1768 ost.

368 1911 449 2000 Peg.
482 1907 559 1976 680.
594 1907 645 1976 18.
677 1903 744 1972 ίσον
773 1909 829 1987 μὲν
860 1908 966 1992 χρόνον
997 1910 1014 1984 ά
1047 1907 1180 1990 ύμετέρα
1207 1908 1335 1986 δύναμις
1360 1914 1460 1990 παρῆν
1483 1909 1513 1974 ἐν

324 2016 541 2096 Ἑλλησπόντῳ
573 2014 747 2080 κολακεύων
776 2016 829 2080 καί
862 2014 1036 2099 φενακίζων
1068 2016 1150 2094 ὑμᾶς
1174 2014 1369 2094 διαγέγονεν·
1393 2013 1461 2080 ἐπεί
1486 2015 1513 2080 δ’

323 2119 388 2188 εἶδε
415 2121 540 2204 τάχιςα
572 2121 623 2186 τὸν
644 2123 875 2196 Ἑλλήσποντον
899 2121 1006 2203 ἔρημον
1029 2120 1233 2208 posonem,
1256 2121 1344 2194 εύύύς
1368 2120 1514 2202 ἐνεχείρει

324 2227 509 2300 καταλύσας
543 2225 609 2310 [καί
642 2224 852 2310 ἀπαλλάξας]
883 2229 953 2302 τοὺς
986 2227 1037 2293 δύο
1071 2229 1137 2315 [τῆς
1174 2229 1290 2312 άρχῆς]
1321 2231 1430 2292 πᾶσαν
1461 2225 1515 2305 ὑφ’

324 2337 422 2416 ἑαυτῷ
456 2331 640 2409 ποινίσασύαι
675 2335 731 2408 τίην
765 2333 877 2414 άρχνίν.
932 2331 1101 2400 lnfioetum
1137 2333 1291 2410 δυνάμεως
1327 2339 1360 2402 et
1392 2355 1449 2420 per
1482 2354 1515 2398 se

324 2443 503 2528 spectatum
535 2440 711 2504 insiticium
746 2459 812 2504 osso
839 2437 1037 2528 intelligitur
1059 2444 1092 2506 et
1114 2445 1243 2526 proptor
1263 2461 1301 2506 ee
1324 2459 1405 2525 queo
1427 2459 1515 2524 pree

325 2547 440 2612 cedunt
472 2547 489 2621 η
521 2543 654 2624 ύμετίρα
677 2543 807 2620 δύναμις
831 2552 931 2625 παρῆν
954 2547 984 2609 ἐν
1008 2544 1229 2627 Ἑλλησπόντῳ
1252 2565 1379 2631 prorsus
1402 2543 1516 2609 intole-

324 2649 425 2718 rabile
450 2655 508 2718 est.
556 2647 644 2729 Quae
667 2655 842 2736 sequuntur
863 2651 1107 2737 interpolatione
1125 2651 1272 2720 laborent
1319 2649 1392 2716 Non
1410 2651 1518 2736 potuit

325 2756 438 2823 Orator
461 2763 516 2830 τῆς
541 2757 641 2835 ἀρχῆς
667 2759 699 2821 ot
721 2757 777 2829 την
798 2757 899 2836 άρχνίν
922 2759 968 2823 sio
988 2759 1188 2846 coniungere.
1223 2757 1334 2842 lteque
1352 2755 1517 2821 Dobreeus

324 2867 382 2929 sut
410 2871 465 2936 τῆς
496 2862 596 2942 ἀρχῆς
628 2859 731 2928 dolere
761 2860 890 2928 volebat
920 2868 977 2929 eut
1006 2863 1061 2936 την
1093 2864 1217 2948 Θράκην
1247 2883 1304 2949 pro
1336 2864 1391 2936 την
1415 2861 1517 2942 άρχάν

325 2969 528 3034 substituere.
577 2965 633 3032 Mo
653 2967 753 3032 etism
775 2965 965 3046 άπαλλάξαο
984 2969 1132 3047 offendit,
1153 2963 1516 3056 quoniamthessaliae

324 3079 357 3140 et
380 3076 611 3151 άπαλλαγνῑναι
634 3092 763 3141 somme
785 3077 962 3141 oonstentie
984 3082 1145 3160 ponuntur
1167 3077 1204 3141 de
1226 3098 1260 3140 re
1278 3076 1381 3140 odioso
1403 3081 1431 3140 εί
1459 3095 1517 3137 ναο-

325 3182 416 3257 ίωίο,
446 3200 510 3265 qno
540 3181 612 3264 quis
642 3199 738 3265 quem
773 3179 925 3246 liberavit
955 3188 1012 3247 eut
1041 3184 1109 3268 ipso
1136 3182 1290 3250 liberatus
1315 3185 1379 3260 est,
1407 3182 1515 3246 άταλ-

324 3295 463 3365 λαγῆναι
494 3284 711 3368 πραγμάτων,
743 3286 897 3364 πολέμου,
931 3293 1062 3368 μαχῶν,
1093 3288 1207 3364 πίνων,
1241 3287 1340 3356 νύοου.
1368 3285 1514 3352 κινδύνου.

323 3393 434 3479 ltaque
463 3389 655 3467 άπαλλάξαι
686 3399 741 3467 τῆς
773 3393 874 3473 doxis
907 3392 1010 3460 dioore
1033 3393 1071 3460 de
1093 3413 1130 3460 eo
1151 3396 1207 3480 qui
1237 3413 1333 3480 quom
1363 3393 1396 3456 oi
1426 3415 1515 3474 σαρκο

323 3499 433 3584 spoliat
455 3497 628 3564 absurdum
652 3501 710 3563 est.
756 3495 906 3583 Suspioor
923 3498 1171 3566 Demosthenem
1190 3501 1308 3566 dixisse
1326 3495 1512 3570 καταλύσας

324 3605 394 3678 τούς
426 3603 477 3670 δύο
508 3609 541 3669 et
572 3603 773 3689 adscripsisse
802 3602 943 3690 aliquem
973 3603 1169 3682 ἀπαλλάξας
1201 3611 1256 3678 τῆς
1288 3607 1389 3687 &extis
1414 3608 1447 3670 si
1469 3605 1515 3670 sio

323 3709 476 3798 vulgatos
498 3711 672 3796 scripturos
693 3708 800 3776 lebem
823 3731 890 3776 osse
912 3715 1032 3778 netem.
1127 3717 1130 3722 '

368 3918 450 4006 Peg.
482 3916 558 3984 682.
591 3915 646 3984 ⁴25.
677 3917 713 3983 τὸ
742 3926 922 3985 τελευταῖον
946 3917 976 3984 δὲ
1000 3919 1059 3985 νυνί
1086 3921 1137 3986 καί
1160 3919 1311 4003 Φύλακας
1336 3919 1513 3994 κατίςησαν

325 4027 407 4104 ὑμᾶς
438 4023 550 4090 ἐκείνου
581 4022 632 4089 διά
664 4027 717 4088 τοῦ
749 4025 1021 4105 προβουλεύματος
1051 4026 1157 4094 τούτου
1190 4029 1215 4092 εί
1240 4028 1284 4104 μη
1309 4027 1363 4102 τίην
1385 4027 1514 4106 γραφὴν

327 4128 525 4209 ἐποιησάμεθ’
558 4129 647 4208 ἡμεῖς
680 4131 819 4206 ταυτηνί.
866 4131 1037 4197 Μαιύίοείο
1068 4133 1218 4200 mendosa
1247 4134 1325 4200 haee
1348 4134 1444 4200 leotio
1467 4137 1516 4198 est

324 4240 399 4323 quis
421 4256 548 4323 prorsus
570 4239 782 4302 neeessariam
806 4234 845 4300 άν
868 4237 1073 4304 desideretur.
1109 4239 1219 4325 ltnqoe
1239 4244 1361 4306 veteres
1381 4239 1513 4325 quidem

325 4346 513 4412 oorreotoros
541 4341 694 4423 Φύλακας
729 4341 767 4408 άν
800 4343 975 4422 dederunt,
1007 4346 1092 4431 quod
1113 4344 1256 4412 Dindorf.
1281 4347 1406 4414 obiecit.
1453 4343 1514 4412 Le·

323 4447 468 4538 gendum
491 4451 556 4514 est:
582 4456 669 4514 KAN
695 4447 780 4537 (κίον)
805 4449 956 4531 Φύλακας
980 4450 1157 4528 κατίεησαν
1180 4453 1272 4532 ὑμᾶς.
