3392 5186
869 343 935 414 424

314 542 347 603 et
376 534 496 620 Φύομσι
527 539 641 601 nature
672 536 851 619 producunt
881 535 1039 622 primum,
1073 535 1128 600 sed
1149 541 1224 604 noto
1247 560 1309 604 usu
1332 537 1505 623 Epicurum

317 662 408 727 saepe
433 651 489 706 ΔΤ
514 647 547 707 et
570 650 624 706 ΦΤ
648 642 716 706 ictu
741 642 894 708 destituto
917 645 992 705 sunt
1013 660 1071 726 pro
1095 646 1258 729 correptis.
1281 653 1320 710 E.
1345 641 1421 708 140.

407 749 495 814 ἀλλὰ
518 747 763 825 uastissimis
787 747 950 824 oteres,
974 746 1017 810 σοὶ
1042 745 1068 810 δ’
1094 747 1193 827 ἐρῆμον
1216 749 1380 832 φοβεῖται.

321 863 323 868 “
362 863 401 920 0.
427 851 502 918 345.

407 958 476 1024 iota
499 957 551 1023 nai
576 957 645 1021 ἔνθιι
670 955 823 1037 Φέβοντο,
848 957 987 1023 δύοντο
1011 957 1043 1022 δὲ
1066 965 1171 1038 τεῖχος
1197 961 1331 1041 ἀνάγκη.

360 1063 497 1130 Suborte
526 1067 629 1150 igitur
657 1063 834 1148 suspicione
864 1063 956 1129 feoile
987 1063 1094 1129 δύσετο
1128 1066 1333 1151 subrepebat,
1364 1065 1404 1131 de
1439 1084 1502 1149 quo

314 1168 498 1258 ambigebat
519 1190 623 1234 nemo.

361 1375 420 1444 or.
444 1378 470 1442 ι.
496 1360 572 1442 359.

543 1479 581 1556 ὦς
606 1484 710 1547 εειιιὼν
733 1481 845 1560 δεσμὸν
869 1482 937 1558 rivin
962 1480 1051 1560 μένος
1074 1483 1247 1565 Ἡφοιίςσισ.

314 1589 381 1654 imo
404 1607 479 1655 vero
502 1588 620 1666 δεσμῶν
643 1588 737 1663 nitier,
761 1609 823 1673 qno
847 1586 946 1653 simul
969 1593 1111 1652 metrum
1134 1594 1167 1654 et
1188 1591 1344 1654 sententio
1362 1591 1504 1655 restitui·

316 1699 379 1759 tur.
424 1693 497 1758 Non
520 1696 606 1759 enim
629 1694 751 1760 vinculo
774 1695 905 1772 imavo,
930 1693 984 1764 sod
1009 1695 1148 1761 irretitos
1171 1695 1471 1788 liberavit'visrulis.

254 1873 257 1880 ’
362 1898 422 1968 on.
447 1902 474 1969 ι.
502 1901 579 1970 oso.

873 2008 1088 2074 ἐπεκλώσαντο
1113 2007 1138 2072 δ’
1161 2006 1277 2089 ὄλεθρον

519 2111 697 2198 ἀνθρώποις,
722 2109 772 2179 ἵνα
798 2111 846 2195 ᾖσι
871 2113 923 2178 καὶ
952 2112 1154 2191 ἐσσομένοισιν
1179 2114 1276 2190 σὶσιδιὶ.

362 2216 428 2286 Gur
456 2219 577 2284 diutius
599 2219 739 2285 feremus
761 2218 931 2284 molestum
953 2219 1160 2300 χασμωδισν,
1185 2241 1286 2307 quum
1309 2220 1348 2286 sd
1369 2239 1504 2286 manum

317 2329 360 2392 sit
383 2325 555 2391 Homerios
578 2324 680 2391 forme
703 2321 738 2391 ἵν’
757 2322 871 2409 'epoti

362 2531 420 2600 Od.
446 2556 466 2598 ι.
491 2530 568 2598 419.

452 2635 528 2704 οὕτω
552 2637 615 2718 γάρ
639 2635 697 2702 πού
721 2636 758 2715 μ’
783 2638 895 2714 ἤλπετ’
921 2637 960 2702 bt
987 2637 1077 2720 φρεσὶ
1103 2638 1205 2714 νήπιον
1229 2635 1317 2704 rivae.

361 2743 491 2811 Veteres
512 2742 607 2808 ἀοιδοί
632 2763 695 2808 non
718 2741 783 2809 niis
804 2744 907 2810 forme
928 2764 1025 2830 quem
1047 2743 1197 2823 νείισσμσιι
1221 2746 1404 2812 utebantur.
1440 2747 1506 2812 An·

316 2853 407 2936 tique
429 2851 531 2937 igitur
554 2849 712 2934 seripture
731 2848 861 2914 ridetur
883 2850 960 2914 haee
982 2850 1097 2916 fuisse:

587 2951 663 3020 οὕτω
688 2953 750 3035 γάρ
775 2956 807 3020 ri
830 2955 864 3033 μ’
889 2955 1026 3020 ἕνέλιιεσ’
1051 2954 1092 3020 ἐν)
1116 2955 1220 3038 (iperi.

316 3062 372 3128 sed
394 3060 542 3147 rhopoodi
563 3061 691 3126 hiatum
715 3081 753 3126 ex
778 3062 947 3126 omissione
967 3065 1020 3124 τσῦ
1042 3059 1194 3139 streone
1213 3065 1327 3126 netum
1346 3059 1421 3128 οὕτω
1442 3059 1505 3144 γάρ

317 3191 347 3233 σι
370 3192 411 3246 με
437 3167 554 3242 ἤλπετο
578 3169 747 3233 sarcientes
770 3167 940 3256 vulgatam
963 3168 1207 3233 substituerunt.

363 3375 420 3442 Od.
447 3401 477 3443 ιι.
504 3375 581 3442 109,

498 3474 524 3546 oi
548 3482 579 3546 δὲ
603 3480 808 3563 πσιριςσὶμενοι
832 3483 1038 3565 προσεφώνεον
1062 3479 1096 3546 ἔκ
1120 3484 1150 3546 r’
1176 3482 1287 3564 ἐρέοντο

500 3581 582 3660 ὅστις
606 3587 692 3652 τῶνδ’
720 3587 766 3662 εἴη
789 3587 941 3665 βασιλεὺς
965 3589 1017 3652 καὶ
1044 3596 1132 3654 Τοῖσι
1156 3590 1309 3656 σοινάσσοι.

365 3693 557 3760 Mendosum
588 3698 636 3758 est
666 3713 838 3778 pronomen
870 3701 964 3759 σσῖσι.
998 3694 1083 3779 quod
1106 3696 1145 3761 sb
1167 3695 1229 3760 lori
1253 3698 1409 3761 sententio
1433 3694 1508 3760 elie

317 3819 397 3863 num
429 3805 486 3865 est.
532 3798 661 3864 Dicitur
691 3799 768 3864 haee
801 3819 867 3864 esse
898 3800 1101 3866 Aristarchea
1131 3803 1287 3886 scriptura
1311 3804 1346 3866 in
1369 3800 1488 3867 scholio
1498 3823 1514 3868 ι·

318 3903 352 3968 ri
385 3905 415 3970 δὲ
447 3899 549 3970 οἶσιν
580 3907 763 3986 ’Λρίςσιρχος
797 3904 848 3969 διὰ
871 3911 924 3970 τοῦ
950 3929 969 3970 r
994 3907 1062 3970 κσιὶ
1087 3915 1220 3972 σοῖσιν
1243 3906 1414 3972 σὶνσὶσσοι
1437 3905 1506 3971 riori

318 4014 371 4074 τοῦ
406 4010 446 4074 σι’
452 4035 530 4076 νων.
585 4011 670 4076 Fieri
703 4030 767 4075 non
800 4015 924 4095 potest,
961 4032 1098 4097 numque
1132 4012 1301 4078 manifesto
1335 4033 1507 4099 pronomen

317 4119 491 4201 requiritur
522 4117 614 4202 qnnle
647 4121 694 4182 est
724 4119 758 4181 in
791 4111 852 4189 ἕεις
885 4116 928 4193 εἴν
954 4117 1125 4204 ἆβσισιιιεύς.
1172 4119 1283 4205 Itaque
1305 4119 1508 4186 scribendum

319 4219 372 4285 κσιὶ
398 4221 531 4288 Ὀσὲοισι
554 4224 697 4290 σιινιέσσσι
722 4225 815 4288 utin
837 4220 931 4289 nied.
957 4232 995 4289 0.
1020 4221 1097 4288 491.

592 4329 668 4408 ἡμὲν
691 4328 815 4393 ὁτέοισιν
838 4328 923 4402 κῦδος
951 4327 1178 4413 -ἒνννιιλίξν,

593 4435 638 4514 ἡδ’
661 4431 763 4506 irrues
786 4433 933 4518 μινύθιισι.
