3410 5180
403 531 511 611 Etiam
541 565 624 609 nune
654 545 803 611 mendose
834 544 941 612 editur
969 566 1045 633 pag.
1081 541 1181 610 1006.
1207 548 1240 610 et
1264 542 1363 610 1013.
1386 537 1556 617 ἦντῑόθαει.
1666 505 1667 512 ¹

360 655 393 718 et
414 671 488 738 pag.
514 647 591 716 970.
615 650 792 738 ἠντιβόλει,
817 656 850 717 et
872 648 994 718 similia
1017 650 1173 738 quaedam
1198 649 1285 716 alibi.

405 841 485 933 Peg.
518 843 594 910 348.
626 842 682 910 93.
715 849 822 911 ταῦτα
855 844 886 910 δὲ
918 843 1066 921 θαυμθσι·
1097 845 1207 919 ιῖλόΚΛ
1235 843 1336 931 [ΚΑΙ]
1359 839 1556 924 συμφέροντ’

360 948 455 1015 ἐδόκει
487 951 669 1030 πεπρᾶχθαι
699 959 738 1030 τῇ
769 951 870 1017 πόλει.
916 949 992 1016 Sine
1023 971 1114 1016 mora
1144 947 1267 1034 expelle
1299 945 1471 1013 molestum
1497 947 1558 1012 καῖ

358 1058 440 1122 vitio
480 1076 521 1121 ex
557 1056 761 1142 praecedente
795 1054 921 1144 syllaba
954 1061 1086 1122 natum:
1122 1075 1237 1140 nempe
1269 1055 1312 1120 rat
1349 1051 1554 1133 συμφέροντα

358 1161 452 1248 plane
473 1163 612 1227 neminis
634 1169 783 1226 naturam
805 1161 912 1227 induit
934 1167 967 1227 et
986 1161 1150 1227 dicebatur
1168 1161 1211 1226 τῖι
1234 1159 1330 1238 μιαροὶ
1349 1158 1557 1240 συμφέροντα

359 1267 412 1331 καῖ
443 1268 485 1332 τὰ
517 1267 662 1346 μεγαλα.
709 1266 938 1333 Demosthenes
961 1287 1035 1354 peg.
1060 1265 1136 1332 934.
1162 1264 1216 1330 26.
1241 1267 1282 1331 τό
1307 1267 1403 1345 μικροὶ
1426 1265 1557 1346 συμφέ-

359 1396 450 1454 ροντα
482 1379 538 1446 τῆς
573 1371 691 1446 πόλεως
726 1373 785 1438 ἔδει
821 1397 862 1448 με
894 1371 1087 1455 φυλάττειν,
1119 1372 1161 1436 τόι
1194 1373 1221 1438 δ’
1252 1367 1313 1435 θλα
1344 1367 1444 1449 ὥσπερ
1469 1367 1554 1436 οὗτοι

358 1479 566 1558 stromateon
598 1476 652 1542 Βία
682 1480 785 1565 igitur
814 1485 848 1544 et
870 1499 954 1544 nune
976 1477 1098 1544 dixerat
1124 1477 1271 1557 θαυμάσι’
1297 1478 1392 1552 ιῖλθκα
1421 1475 1553 1560 συμφέ-

357 1609 456 1667 ροντα.
504 1583 664 1650 Similiter
691 1604 766 1672 peg.
799 1581 876 1648 368.
909 1583 963 1650 23.
995 1586 1034 1655 οῖς
1065 1583 1214 1663 θαυμάσι’
1246 1583 1342 1660 talea
1374 1582 1551 1663 πεισόμενοι

358 1689 409 1756 tre
432 1690 557 1761 τούτους
580 1687 701 1767 epate.

370 1895 371 1898 ¹
403 1867 483 1955 Peg.
508 1865 584 1932 349.
610 1865 640 1931 5.
666 1865 815 1944 ἐξέκλειον
839 1864 934 1945 λόγου
958 1869 1132 1949 τυγχθνειν
1157 1868 1228 1940 τοὺς
1250 1867 1376 1940 ἄλλους.
1413 1866 1449 1932 Si
1472 1888 1549 1933 eum

359 1973 410 2040 his
433 1975 664 2059 temperaverit
686 1972 793 2038 locum
817 1993 891 2060 pag.
919 1973 1018 2040 1107.
1042 1975 1074 2039 4.
1098 1975 1160 2052 ἐγὼ
1180 1975 1211 2040 δὲ
1232 1975 1437 2048 ἀπεκλείσθην
1456 1981 1550 2038 ΤΟΤ

358 2078 455 2157 λόγου
479 2088 589 2160 τυχεῖν
613 2079 686 2157 ὑπὲρ
709 2075 746 2142 ὧν
768 2078 933 2157 ἀδικοῦμαι
957 2079 1121 2168 intelliges
1144 2079 1315 2146 ertieulum
1339 2099 1406 2144 esse
1430 2099 1447 2143 e
1469 2079 1551 2166 iuge

358 2184 601 2250 retrahendum:
635 2185 777 2264 ἐξόκληον
811 2193 900 2250 Tot
935 2184 1030 2262 λόγου
1064 2183 1245 2264 τυγχάνειν.
1294 2185 1415 2251 Eodem
1454 2206 1551 2250 senen

358 2289 480 2355 dietum
513 2296 561 2356 est
591 2275 770 2378 peg.'229.
799 2288 852 2354 14.
877 2291 910 2354 ot
933 2291 997 2368 γὰρ
1020 2291 1221 2372 ἀφαιρεῖσθαι
1245 2289 1293 2356 δεῖ
1313 2290 1347 2354 τό
1372 2292 1549 2367 προσελθεῖν

357 2397 399 2477 τῷ
431 2394 515 2477 δήμῳ
544 2395 596 2460 καὶ
621 2394 716 2472 λόγου
740 2403 864 2478 τυχεῖν,
888 2402 920 2461 et
942 2398 1062 2481 passim
1085 2397 1132 2460 sie
1153 2397 1249 2475 λόγου
1273 2405 1383 2479 τυχεῖν
1406 2396 1547 2472 dieitur,

356 2520 423 2585 qno¹
441 2504 550 2566 minus
572 2504 682 2566 veniae
704 2501 800 2567 habet
822 2500 976 2568 mirificus
999 2521 1083 2567 error
1105 2500 1366 2588 Harpocratienis
1385 2525 1416 2570 v.
1440 2503 1547 2579 Λόγου

357 2629 479 2688 τυχειν.

400 2784 480 2872 Peg.
513 2785 589 2850 353.
627 2783 679 2850 19.
704 2787 941 2867 μεμαρτύρηται
966 2787 997 2853 ἕν
1020 2788 1063 2868 τῷ
1086 2787 1172 2874 δήμῳ
1195 2826 1251 2868 -,
1277 2788 1328 2853 καῖ
1354 2792 1404 2853 νῦν
1429 2811 1550 2868 μαρτυ-

355 2890 529 2968 ρηθιῖσεται.
585 2890 773 2978 legendum
807 2891 859 2956 καῖ
896 2895 946 2956 νῦν
982 2901 1038 2958 ΔΕ
1070 2916 1167 2972 μαρτ.
1203 2892 1333 2978 perinde
1366 2901 1414 2958 est
1448 2913 1484 2960 ee
1519 2895 1549 2959 si

355 2994 487 3062 dixisset
509 2996 778 3078 μαρτυρηθήσεται
803 3005 860 3062 ΔΕ
883 2997 935 3062 καὶ
961 3004 1021 3064 νῦν.
1069 2997 1106 3064 In
1128 3003 1241 3064 neutra
1259 2998 1362 3064 forma
1383 2997 1415 3062 δέ
1436 2998 1546 3065 abesse

397 3107 470 3167 test.

354 3121 476 3272 poPost
498 3227 600 3292 pauee
620 3228 695 3296 peg.
716 3206 792 3273 354.
812 3207 841 3273 9.
865 3209 1085 3275 scribendum:
1107 3208 1240 3284 ποιήσειν
1259 3205 1273 3274 i
1292 3195 1546 3291 ptv'etrxtvnv

352 3311 429 3392 μήτ’
451 3309 577 3388 θόοξόαν
601 3313 686 3395 αὐτῷ
709 3313 814 3397 φθρΟΙ
838 3334 896 3401 pre
919 3313 1017 3396 Φέρει.

397 3490 476 3578 Peg.
511 3489 586 3557 360.
618 3489 668 3558 17.
694 3489 731 3556 ἵν’
755 3491 854 3566 εἰδῆτε
886 3489 972 3558 eine
1006 3493 1205 3574 ὑπαρχόντων
1230 3496 1335 3565 αὐτοῖς
1360 3499 1434 3574 παρ’
1462 3494 1547 3580 ὑμῶν

346 3591 434 3660 ὨΝ
466 3596 588 3676 ἔτυχον.
635 3595 671 3662 Si
701 3599 735 3662 in
749 3607 751 3611 '
766 3597 914 3663 omnibns
943 3597 1035 3664 libris
1061 3597 1198 3665 fideliter
1221 3606 1303 3667 esset
1326 3604 1480 3687 seriptum
1505 3597 1546 3664 ὦν

351 3701 481 3785 ἔτυχον,
513 3702 567 3770 vel
598 3705 643 3769 sie
674 3709 782 3769 tamen
817 3724 856 3768 ex
894 3705 1051 3770 constanti
1086 3701 1280 3772 Graecorum
1315 3706 1543 3774 consuetudine

351 3805 416 3873 οῖυυ
450 3807 563 3889 ἔτυχον
598 3809 760 3874 emendari
794 3808 964 3876 debuisset.
1017 3809 1111 3876 Nune
1145 3805 1225 3876 οῖον
1245 3817 1294 3878 est
1326 3815 1360 3878 in
1394 3813 1546 3878 omnibus

349 3919 474 3998 praeter
495 3911 527 3979 S.
556 3912 595 3980 Y.
621 3915 737 4000 quibus
760 3914 899 3981 ereditur
923 3918 1020 3982 etiam
1044 3915 1102 3981 nbi
1125 3915 1186 3982 tide
1209 3918 1336 4007 indigni
1359 3922 1444 3984 snnt.

396 4018 480 4099 Quid
509 4025 557 4086 est
587 4022 621 4084 in
652 4016 848 4086 Graecorum
878 4021 992 4110 lingna
1024 4025 1132 4088 tritius
1162 4043 1259 4108 qnam
1291 4017 1340 4089 οῖα
1373 4059 1392 4073 -
1405 4017 1455 4088 οῖα
1480 4023 1544 4088 sibi

350 4126 434 4189 inter
457 4146 490 4190 se
514 4123 756 4212 respondentia?
801 4123 973 4212 Sophocles
997 4128 1110 4194 Εόασότ.
1135 4128 1211 4196 751.

301 4230 305 4240 ’
599 4223 641 4296 οῖ’
666 4229 742 4311 ἔργα
766 4230 883 4311 δρόσος
906 4229 955 4298 οἶα
981 4232 1142 4313 λαγχοθνει
1167 4234 1264 4301 αααοθ.

393 4335 623 4403 Demosthenes
653 4359 726 4426 pag.
763 4337 838 4406 719.
874 4337 926 4402 14.
959 4336 997 4403 ἵν’
1026 4338 1128 4415 εῖῖῆτε
1151 4341 1226 4422 παρ’
1251 4337 1326 4415 οἵους
1352 4339 1458 4422 νόμους
1483 4338 1544 4409 οῖον

348 4435 433 4513 οὗτος
459 4443 643 4522 εἰσήνεγκεν.
1432 4459 1434 4462 ’
