3410 5180
480 1293 763 1387 MENANDltI
791 1291 1113 1386 FRAGMENTA
1142 1291 1374 1385 INEDITA.

788 1609 1074 1652 Φ-

381 1869 463 1937 Plus
493 1891 589 1957 quam
621 1872 754 1958 triginta
784 1875 816 1937 et
847 1874 986 1958 quinque
1010 1874 1084 1938 anni
1108 1877 1182 1938 sunt
1205 1894 1244 1939 ex
1267 1891 1330 1958 quo
1354 1893 1429 1939 cum
1452 1889 1527 1938 cort·

338 1993 493 2045 sranrmo
525 1993 742 2044 mscuuuuour
765 1978 944 2043 amicitiam
968 1982 1001 2045 et
1023 1977 1276 2046 familiaritatem
1299 1981 1525 2045 suavissimam

339 2087 481 2151 contraxi
511 2083 643 2149 Parisiis
673 2084 834 2168 primum,
868 2082 979 2150 deinde
1011 2086 1044 2149 in
1075 2083 1186 2169 Italia,
1218 2086 1276 2150 ubi
1297 2088 1412 2150 tertius
1435 2085 1527 2150 nobis

339 2193 470 2258 accessit
492 2190 609 2256 sodalis
632 2187 860 2254 dilectissimus
885 2205 1028 2255 canotus
1050 2207 1196 2256 asom.
1244 2189 1314 2278 Ego
1337 2195 1370 2255 et
1392 2206 1528 2256 annm

340 2296 396 2362 diu
426 2299 459 2361 in
481 2293 576 2362 Italia
598 2297 794 2379 mansimus,
818 2311 1037 2360 rlscrmncoar
1059 2298 1180 2362 interea
1202 2295 1349 2384 Syriam,
1373 2295 1526 2362 Palaesti-

339 2422 435 2479 nam,
457 2402 645 2490 Acgyptnm
668 2403 860 2490 peragravit.
895 2399 944 2465 Er
967 2400 1027 2466 hoc
1046 2403 1159 2468 itinera
1179 2401 1220 2468 ad
1238 2422 1290 2467 me
1306 2403 1398 2466 misit
1414 2400 1527 2482 φιλίας

340 2515 486 2586 μνημεῖον
520 2505 767 2580 monacnum,
804 2527 843 2572 er
876 2507 1063 2592 perantiquo
1097 2503 1212 2573 Codice
1246 2506 1402 2594 descripta
1430 2505 1530 2574 verba

339 2615 453 2680 incerti
483 2608 597 2678 Graeci
626 2617 748 2698 poitae.
796 2611 833 2676 In
864 2632 926 2697 qua
955 2613 1084 2678 tandem
1113 2611 1311 2679 Bibliotheca
1342 2619 1375 2679 et
1403 2615 1529 2698 inquo

340 2719 422 2784 libro
446 2717 524 2783 haee
547 2719 705 2783 invenerit
727 2738 790 2783 non
812 2719 889 2783 iecit
907 2739 961 2784 ms
980 2720 1156 2784 certiorem.
1192 2718 1229 2783 in
1247 2719 1349 2784 fronte
1366 2717 1529 2784 schidulas

340 2827 441 2911 ipsius
470 2843 565 2889 manu
591 2825 744 2909 scriptae,
769 2844 832 2908 qua
853 2823 1034 2911 fragmenta
1056 2822 1133 2889 hacc
1155 2825 1373 2904 continentur,
1398 2825 1530 2910 inscrip-

340 2937 413 2996 tum
436 2935 502 2996 est:

621 3153 798 3236 Fraqmcntc
820 3154 879 3219 duc
905 3153 1024 3220 Codicis
1045 3153 1245 3240 antiquissimi

735 3274 790 3341 IV.
813 3283 847 3340 ut
869 3275 987 3340 vidctur
1008 3275 1132 3341 saecuti

385 3457 597 3540 Posteaquam
620 3451 842 3532 'Pisohcndorf‚
867 3455 923 3538 qui
945 3472 1121 3537 numquam
1146 3451 1185 3516 de
1206 3451 1259 3516 his
1280 3451 1470 3540 fragmentis
1492 3454 1527 3517 in

340 3564 446 3629 lucem
473 3561 601 3626 edendis
624 3562 779 3647 cogitasse
801 3558 948 3642 videtur,
973 3559 1107 3624 excessit
1130 3577 1147 3622 c
1170 3557 1255 3630 vita,
1279 3559 1347 3642 ipse
1370 3559 1404 3623 id
1427 3558 1528 3623 facere

341 3669 466 3735 decrevi
489 3671 521 3732 et
545 3665 708 3732 ostendere
730 3665 923 3731 Menandros
945 3665 1023 3730 haec
1048 3683 1114 3729 esse
1137 3683 1176 3727 cx
1199 3661 1321 3728 duabus
1348 3661 1529 3730 Comoediis

340 3778 465 3850 sumta,
496 3792 630 3857 quarum
663 3767 763 3836 altera
793 3791 874 3855 quae
905 3770 1000 3836 fuerit
1028 3771 1187 3835 incertum
1213 3773 1280 3847 est,
1305 3768 1439 3836 alteram
1462 3789 1529 3835 essa

342 3881 394 3946 riv
426 3878 648 3955 necataque
670 3897 747 3942 mox
770 3877 990 3942 demonstrabo
1012 3881 1181 3961 postquam
1205 3873 1432 3942 'Pischsndorfii
1456 3896 1529 3962 apo-

341 3986 502 4073 graphum
525 4004 621 4069 quam
645 3980 828 4048 fidelissime
850 3985 993 4069 primum
1018 3982 1220 4067 descripsero.

922 4195 947 4260 1.

469 4380 1301 4441 ΑΝΘΡΩΠΟΕΟΙΝΟΝΑΤΤΟΤΟΤΤΕΚΠΛΗΤ..
1314 4421 1340 4437 ..

471 4487 1226 4545 ΕΓΩΓΕΤΠΕΡΤΟΤΜΕΘΤΟΚΕΘΟΤΛΕΓΩ
