3358 5200
705 387 748 458 47

174 579 256 670 Pag.
290 579 365 646 156.
400 577 453 646 15.
477 581 640 647 fortunam
662 581 908 648 Atheniensium
932 602 1007 649 cum
1028 581 1174 670 Philippi
1197 583 1325 649 fortuna

129 707 317 774 comparans
351 689 437 768 ταρίι
468 693 527 752 τῶν
557 686 729 767 τρογίνιιν,
758 690 879 774 inquit,
914 690 948 754 ἐκ
973 688 1110 762 πλείονος
1133 689 1241 772 χρόνον
1265 711 1324 752 τοι·

129 797 327 876 ρειλιίφαμεν
347 796 402 869 τὴν
422 792 616 870 εὐδαιμονίαν
635 795 667 858 οὐ
690 796 796 860 τούτου
818 794 907 872 μίνον
928 793 1017 860 ἀλλὰ
1037 795 1191 861 συνελόντι
1205 794 1324 878 Φροίσαι

129 901 257 965 rencs
278 907 338 965 τῶν
362 900 392 963 ἐν
416 898 595 980 Μακεδονία
619 897 793 978 βασιλέων,
813 919 875 966 non
893 900 1055 967 intellexit
1074 903 1170 969 homo
1190 902 1325 968 absurda

129 1028 163 1072 se
196 1006 295 1093 loqui.
344 1008 502 1091 Apertum
533 1009 581 1070 est
604 1008 691 1070 enim
714 1008 875 1094 genitivos
898 1008 1006 1074 τούτου
1031 1013 1063 1073 et
1087 1013 1145 1072 τῶν
1169 1008 1325 1086 βασιλέων

129 1113 267 1200 pendere
299 1134 318 1178 a
347 1113 454 1178 verbis
480 1111 514 1176 ἐκ
538 1111 674 1184 πλείονος
697 1110 827 1192 χρόνον,
854 1113 937 1178 unde
960 1113 1037 1178 haec
1061 1115 1128 1179 exit
1149 1115 1324 1179 sententia:

129 1221 270 1284 ὐούςννιιιι
303 1220 495 1284 Athenienses
517 1219 683 1303 fortunam
713 1243 733 1282 o
766 1219 927 1282 maioribus
957 1219 1100 1283 traditam
1130 1219 1327 1306 antiquiorem

130 1348 191 1390 noa
223 1327 307 1390 modo
337 1325 474 1410 Philippi
495 1325 632 1410 fortuna
661 1324 715 1388 sed
744 1324 832 1388 etium
854 1324 983 1388 omnium
1007 1325 1201 1411 postposita
1225 1324 1327 1389 Μασο-

132 1432 226 1496 donia
255 1454 337 1513 repes
351 1432 498 1516 fumat.
545 1430 730 1495 Absurdum
753 1430 813 1495 hoc
836 1428 967 1514 quidem
990 1435 1055 1495 est:
1080 1431 1207 1497 fortuna
1228 1430 1327 1495 Athe-

132 1540 296 1603 niensium
316 1557 335 1602 a
354 1535 530 1601 maioribus
549 1535 668 1601 tradita
689 1537 849 1620 antiquior
865 1542 914 1600 est
925 1556 1022 1622 quem
1033 1535 1160 1603 fortuna
1171 1535 1326 1622 Philippi.

132 1644 238 1710 Nemo
261 1641 295 1708 id
313 1640 419 1708 hercle
436 1640 624 1719 mirabitur,
646 1641 700 1706 sed
720 1641 780 1706 hoc
799 1640 949 1706 mirabile
968 1645 1016 1706 ost
1035 1647 1104 1707 tam
1114 1644 1328 1729 incogitantes

132 1749 295 1834 aliquem,
327 1750 384 1832 qui
415 1767 448 1812 se
477 1745 726 1812 Demosthenem
751 1767 817 1812 esse
841 1745 991 1824 simulet,
1015 1747 1151 1813 scribere
1174 1749 1325 1833 potuisse.

131 1854 257 1920 Deinde
286 1873 350 1919 non
379 1855 487 1917 minus
517 1854 624 1938 inepte
655 1851 801 1939 Philippi
831 1852 959 1918 fortuna
989 1853 1202 1942 distinguitur
1228 1855 1267 1920 ab
1291 1873 1328 1919 ea

133 1981 196 2047 qua
219 1961 336 2026 odelmi
360 1957 572 2024 Macedonum
592 1978 683 2045 reges
703 1956 782 2023 olim
802 1957 1018 2036 nituerunt,
1038 1979 1138 2042 quum
1158 1959 1328 2024 Athenien·

132 2070 220 2132 sium
252 2064 389 2145 εὐτυχία
415 2066 483 2130 sive
506 2061 682 2142 εὐδαιμονία
709 2063 822 2150 (τύχην
847 2064 994 2130 dicebant
1018 2066 1080 2149 ipsi
1103 2063 1324 2154 Athenienses)

134 2174 174 2238 ab
209 2171 329 2238 ultima
363 2173 522 2236 maiorum
554 2171 709 2236 memoria
743 2175 915 2255 repetatur.
962 2167 1137 2254 Sophistici
1170 2173 1328 2236 acuminis

134 2279 213 2344 hoec
236 2280 319 2344 vitia
342 2281 434 2354 sunt,
460 2281 492 2342 et
514 2277 592 2342 haec
614 2275 864 2342 Demosthenem
890 2276 1008 2341 dixisse
1031 2272 1258 2360 opinabantur!

179 2489 263 2576 Peg.
300 2486 375 2554 156.
414 2487 468 2553 20.
504 2487 627 2559 πλείονι
662 2488 810 2570 οίφορμύς
846 2489 941 2553 αὐτοῦ
978 2487 1050 2569 πρὸς
1082 2489 1137 2563 οὐν
1168 2493 1225 2554 τῶν
1258 2487 1328 2553 θεῶν

136 2595 256 2661 εὔνοιαν
290 2591 416 2673 ἔχομεν.
465 2589 652 2660 Constantes
684 2592 914 2660 Demosthenes
948 2594 1003 2669 sta
1038 2595 1126 2674 ταρύι
1162 2599 1220 2658 τῶν
1259 2595 1330 2658 θεῶν

137 2699 257 2766 εὔνοιαν
281 2698 440 2786 appellare
463 2699 560 2776 solet,
586 2705 618 2764 et
640 2699 787 2765 falsarius
809 2700 887 2765 haec
909 2700 1033 2766 ferratus
1057 2709 1105 2765 est
1123 2721 1162 2765 ex
1179 2719 1253 2786 pag.
1274 2697 1327 2764 24.

139 2805 190 2871 19.
216 2805 343 2876 πλείους
368 2803 513 2886 ιὶφορμύις
540 2805 582 2876 είς
606 2805 641 2868 τὸ
666 2806 720 2880 τὴν
745 2804 832 2885 παρὰ
855 2813 913 2870 τῶν
937 2807 1006 2870 θεῶν
1030 2805 1146 2871 εὔνοιαν
1170 2802 1254 2885 ἔχειν
1276 2804 1329 2884 δρῶ

137 2915 211 2988 ἡμῖν
245 2911 369 2982 ἐνούσας
402 2909 520 2998 (οὐσας)
554 2909 572 2985 ἢ
605 2910 710 2991 ’κείνμ
759 2909 822 2976 Sed
853 2912 994 2997 optimus
1024 2909 1047 2976 S
1078 2912 1201 2977 omittit
1232 2908 1330 2988 ταριί.

137 3015 211 3084 Soio
243 3015 299 3083 sed
328 3017 388 3083 hoc
419 3036 544 3102 quoque
570 3019 635 3082 scio
658 3019 833 3083 sexcenties
854 3019 889 3082 in
912 3015 934 3082 S
957 3015 1110 3083 nonnulla
1131 3017 1229 3082 verba
1252 3016 1331 3080 desi·

138 3123 258 3200 derasi,
293 3124 360 3188 sine
391 3123 507 3207 quibus
535 3120 597 3188 loci
619 3126 776 3188 sententia
798 3128 855 3189 aut
878 3124 1003 3190 dicendi
1026 3144 1104 3188 usus
1125 3121 1215 3187 nullo
1236 3121 1332 3188 modo

138 3231 295 3295 consistit.
341 3227 452 3313 Itaque
486 3230 562 3294 testi
593 3230 651 3292 nni
682 3231 829 3294 omnium
859 3231 982 3314 optimo
1014 3229 1069 3294 sed
1092 3248 1184 3314 saepe
1207 3227 1332 3293 fallenti

138 3338 202 3400 nisi
226 3333 441 3420 adstipulante
464 3354 540 3400 sena
562 3337 684 3400 ratione
706 3354 769 3400 non
793 3335 918 3401 credere
940 3339 1091 3420 praestet.

185 3546 362 3632 Postquam
396 3545 546 3632 Sophiste
576 3544 691 3611 multis
725 3547 923 3633 argumentis
958 3551 1078 3611 certem
1113 3546 1151 3610 de
1181 3544 1333 3631 Philippo

140 3655 313 3720 victorium
345 3673 412 3718 esse
442 3650 568 3727 docuit,
599 3651 731 3718 candide
761 3653 885 3744 quaerit
918 3671 992 3738 pag.
1027 3649 1101 3715 156.
1128 3649 1181 3716 22.
1206 3653 1238 3716 τί
1261 3652 1332 3716 τοτ’

142 3756 190 3826 οὐν
214 3760 326 3832 ἐκεῖνος
350 3759 380 3822 ἐν
403 3759 445 3839 τῷ
469 3755 599 3839 προτέρῳ
624 3755 751 3837 τολίμιρ
771 3759 868 3822 πλείω
887 3757 1082 3836 κατώρθωσεν
1104 3758 1204 3835 dudm
1227 3757 1280 3844 qai
1289 3761 1334 3841 fit

143 3864 256 3946 ι’ρίίιιτ,
288 3867 411 3950 inquit,
435 3871 469 3928 at
493 3864 577 3928 codis
599 3863 805 3928 nitidiorem
827 3863 861 3928 to
884 3863 1036 3948 asperiore
1059 3863 1135 3927 bello
1150 3863 1334 3947 profuerit?

145 3969 257 4036 deinde
288 3989 406 4058 magna
437 3991 513 4035 usus
547 3969 672 4034 dicendi
701 3969 849 4035 libertate
882 3968 1142 4056 (παρρησιάσομαι
1174 3967 1237 4048 γὰρ
1261 3968 1334 4048 πρὸς
1451 4053 1453 4056 ¹

146 4075 239 4152 ὐμῖις.
277 4082 309 4141 et
338 4075 490 4156 olestrenae
523 4075 586 4156 γὰρ
618 4073 751 4160 rotanti)
781 4075 964 4159 respondet:
997 4073 1071 4159 qaia
1103 4073 1261 4158 Philippus
1292 4081 1335 4139 est

139 4204 281 4264 ρνρνιοε,
305 4204 390 4260 acer,
414 4182 539 4264 impiger
562 4181 596 4245 e'n
619 4181 705 4245 redae
723 4181 880 4261 perendie,
905 4183 994 4258 ἡμεῖς
1018 4179 1049 4246 δὲ
1075 4178 1157 4244 οὐδὲν
1181 4184 1334 4255 ποιοῦντες

146 4286 250 4352 letalde
268 4285 429 4364 καίιίμεία
449 4292 481 4352 et
500 4285 570 4351 οὐτε
588 4284 778 4364 ξενοτροφεῖν
797 4285 937 4364 ἐθέλομεν
956 4285 1019 4352 οὐτ’
1033 4285 1119 4351 αὐτοί
1134 4286 1335 4366 τρατεύεσύαι

146 4399 321 4470 τολμῶμεν.
367 4391 429 4456 His
448 4395 550 4480 igitur
567 4393 711 4458 moribus
734 4398 828 4478 putat
846 4392 1036 4478 Philippum
1057 4391 1208 4458 debellari
1226 4391 1334 4478 posse!

148 4495 209 4562 Sed
240 4497 281 4564 ad
308 4495 442 4564 meliora
470 4497 617 4564 hortatur
639 4500 741 4578 cives,
767 4497 850 4564 nulli
873 4501 921 4565 rei
942 4519 999 4564 neo
1021 4497 1169 4582 publicae
1192 4520 1249 4564 neo
1272 4501 1336 4584 pri-
