3208 5158
709 315 774 383 245

149 500 192 577 οίς
211 508 265 580 τίον
286 506 444 587 θυγατίρα
463 503 567 584 δάσει,
587 508 738 582 συνθήκας
759 514 908 570 ποιεῖταιῑ
927 501 1089 588 paciscitur
1106 505 1196 585 peter
1218 497 1333 584 quibus

149 610 239 677 donis
270 612 467 698 sponsalibus
498 615 634 697 acceptis
661 612 792 677 daturus
815 614 858 676 sit
880 608 1000 675 filiam:
1025 611 1053 673 si
1077 607 1268 672 conveniunt
1289 603 1331 668 τά

148 715 221 782 ἕδνα
253 723 384 804 nuptiae
414 716 505 782 fiunt.
552 716 652 784 Plane
684 719 761 783 baec
791 714 1016 783 confirmantur
1037 713 1106 779 loco
1128 715 1162 776 in
1184 709 1268 776 Iliad
1290 717 1332 774 N.

149 822 216 886 ἐπεί
249 823 327 889 οὔτοι
359 823 501 888 εἐδνωταί
533 824 624 888 κακοί
657 825 753 901 είμεν.
801 823 917 889 Daturi
951 841 1063 885 sumus
1096 820 1173 894 tibi,
1209 817 1330 901 inquit,

149 949 281 994 uxorem
313 927 411 994 filiam
444 929 707 1015 Agamemnonis3
733 931 810 1014 quin
831 931 934 1015 igitur
956 927 1095 1010 sequeris
1119 924 1158 988 ad
1181 941 1278 988 naves
1301 925 1335 983 ut

141 1037 349 1120 paciscamur:
379 1033 461 1116 ὄφρα
487 1033 643 1110 συνώμεθα
668 1035 734 1115 περί
759 1041 817 1098 τῶν
840 1031 938 1096 ἕδνων.
988 1031 1083 1096 Pater
1106 1033 1139 1094 ei
1160 1028 1272 1093 fratres
1294 1025 1333 1106 (ci

150 1141 303 1224 εἐδνωταί)
327 1143 382 1225 qui
406 1141 547 1226 plurime
570 1141 708 1207 dedisset
730 1140 781 1205 illi
805 1138 993 1220 ἕεδνοῦντοοι,
1017 1142 1049 1200 et
1071 1137 1128 1219 qui
1149 1132 1249 1198 filiam
1265 1153 1336 1212 ρεα-

150 1248 204 1311 tiis
226 1246 364 1312 dedisset
388 1246 473 1328 (ἀνευ
498 1245 597 1332 ἕδνων)
621 1248 749 1332 perinde
772 1245 926 1325 ἀπριάτην
950 1243 1084 1308 άνὲεδνον
1106 1240 1227 1305 dedisse
1246 1237 1334 1304 vide-

150 1357 220 1430 tur,
253 1357 291 1416 ut
320 1353 541 1438 Agamemnon
568 1349 777 1439 Chryseidem
801 1350 953 1431 ἀπριάτην
976 1348 1136 1412 ἀνάποινον
1159 1346 1244 1430 patri
1265 1343 1335 1408 red·

150 1458 265 1522 didisse
287 1463 443 1522 narratur.

195 1561 302 1628 Multo
322 1561 439 1628 melius
456 1564 656 1648 antiquitatis
674 1582 797 1628 morem
818 1563 984 1648 cognitum
1003 1559 1117 1624 habuit
1135 1553 1336 1640 Asclepiades

151 1670 180 1733 ἐν
212 1667 301 1748 τρίτῳ
329 1669 593 1748 Τραγῳδουμένων
625 1669 709 1752 apud
740 1665 937 1732 Scholiasten
966 1663 1098 1728 Pindari
1128 1661 1259 1748 Olymp.
1295 1659 1335 1724 Π.

153 1772 205 1840 39.
238 1776 285 1838 ite
307 1773 460 1838 scribens:
484 1771 580 1848 Ἰξίων
603 1771 703 1850 ἔγημε
731 1773 809 1837 Δίαν
833 1773 889 1844 την
913 1770 1059 1844 Δηιονέως
1083 1767 1249 1845 θυγατέρα.
1274 1761 1336 1836 ἔθος

151 1879 181 1944 δὲ
204 1887 266 1951 τοῖς
291 1886 438 1948 παλαιοῖς
460 1884 517 1942 τῶν
542 1884 668 1960 νυμφῶν
691 1885 794 1941 Tolc
818 1884 1004 1942 ssATrAcr
1030 1873 1107 1954 δῶρά
1130 1894 1200 1937 τινα
1224 1869 1337 1949 προσά-

151 2007 236 2063 γειν,
261 1985 299 2058 νίς
327 1985 378 2047 καί
401 1980 556 2060 Ὀμηρος·

286 2090 376 2168 πρῶθ’
400 2089 509 2152 ἑκατὸν
533 2087 608 2166 βοῦς
632 2088 743 2166 δῶκεν,
769 2086 879 2153 ἔπειτα
902 2087 933 2151 δὲ
956 2085 1038 2165 χίλι’
1063 2083 1176 2158 irrisu,

285 2191 382 2273 αἶγας
406 2196 481 2269 ὁμοῦ
506 2195 558 2258 καί
583 2194 641 2262 tic.

152 2303 166 2368 θ
196 2307 270 2379 γοῦν
303 2301 446 2374 Δηϊονεὺι
481 2301 566 2364 κατά
598 2300 632 2364 τὸ
663 2300 786 2372 σύνηθες
818 2303 871 2373 την
903 2304 960 2362 τῶν
995 2296 1089 2376 δώρων
1119 2292 1336 2375 εἰσεπράττετο

151 2407 250 2482 δθσιν,
282 2407 316 2472 id
340 2412 387 2472 est
411 2405 454 2470 τά
475 2403 606 2471 ἘΔΝΑ
633 2406 763 2487 ἀπῄτει,
790 2410 822 2470 et
846 2425 916 2470 eam
939 2403 978 2470 ob
1003 2423 1130 2468 causam
1154 2403 1205 2486 (ut
1227 2401 1338 2466 scribit

151 2511 365 2598 Asclepiades)
397 2511 435 2577 ab
466 2531 561 2576 avaro
591 2532 706 2598 genero
737 2532 793 2595 per
822 2511 953 2575 insidias
975 2512 1164 2574 interemtus
1186 2511 1244 2572 est.
1290 2505 1338 2572 De

151 2618 262 2684 eadem
285 2637 318 2682 re
337 2617 448 2681 scribit
466 2615 623 2682 Diodorus
642 2614 770 2681 Siculus
789 2633 832 2680 ιν.
858 2613 918 2679 16:
942 2613 1036 2690 Ἰξίων
1061 2651 1102 2662 —-
1129 2611 1337 2692 θποσχθμενοι

148 2723 281 2789 'eaNA
312 2723 416 2788 πολλοὶ
447 2722 550 2786 δαίσειν
582 2725 714 2786 'Halaesi
741 2721 818 2809 (leg.
851 2723 989 2804 Δηϊονεῖ)
1019 2718 1120 2796 ἔγημε
1152 2721 1206 2793 τίον
1230 2719 1337 2784 τούτου

152 2828 318 2908 θυγατέρα.
351 2865 392 2875 -
423 2825 514 2892 ἔπειθ’
545 2827 558 2891 ί
591 2827 648 2904 μὲν
679 2826 772 2902 Ἰξίων
806 2829 858 2891 οὐκ
889 2827 1029 2891 ἀπέδωκε
1061 2826 1102 2889 τά
1125 2826 1257 2889 ἘΔΝΛ
1284 2826 1337 2910 [τῇ

152 2936 309 3018 γυναικι],
343 2936 356 2997 θ
388 2935 419 2998 δὲ
452 2932 594 3009 Δηίόνεὺς
626 2934 684 3005 τάς
715 2931 827 3005 ἵππους
856 2934 925 2996 ἀντί
949 2933 1060 2997 τούτων
1086 2933 1280 3012 ἦνεχιίριοεν,
1306 2937 1339 2997 ei

151 3040 273 3126 reliqua
295 3046 333 3104 ut
353 3040 436 3124 apud
459 3039 697 3123 Asclepiadem,
719 3040 811 3104 cuius
833 3037 1082 3117 Τραγῳδοίμενοι
1106 3036 1237 3102 fortasse
1262 3037 1340 3103 Dio-

151 3145 246 3210 dorus
277 3147 310 3209 in
337 3145 397 3209 hee
420 3150 509 3230 parte
532 3146 635 3229 operis
657 3145 857 3229 sequebatur.
903 3142 989 3208 Luce
1012 3141 1127 3206 clarius
1150 3151 1197 3206 est
1220 3153 1258 3223 ri
1281 3167 1337 3220 γυ-

152 3251 233 3314 ναικί
265 3250 492 3335 interpolatum
525 3270 591 3314 esse
622 3249 661 3315 ab
692 3249 817 3335 alique,
849 3252 904 3334 qui
930 3248 973 3312 τά
996 3245 1067 3312 ἕδνα
1091 3257 1130 3328 τῇ
1153 3249 1338 3329 γαμουμένη

153 3354 283 3420 δίδοσθαι
315 3356 469 3442 putabat,
499 3376 557 3420 nec
587 3357 664 3419 satis
692 3354 959 3420 animadverterat
981 3373 1037 3418 eur
1059 3351 1148 3417 Ixion
1172 3373 1266 3418 suum
1290 3375 1338 3420 so·

153 3480 259 3526 cerum
290 3481 416 3527 necesse
446 3464 633 3525 narraretur.
681 3459 899 3545 Asclepiades,
934 3464 971 3523 ut
1005 3456 1209 3536 Aristoteles,
1240 3460 1338 3544 probe

152 3566 288 3650 sciebat,
310 3562 364 3629 vi'rr
397 3567 422 3630 οί
448 3566 551 3630 πάλαι
573 3563 725 3641 Ἕλληνες
749 3567 807 3637 raia
831 3571 987 3644 γυναῖκας
1011 3563 1097 3646 παρά
1118 3569 1176 3628 τῶν
1200 3561 1337 3643 πατέρων

152 3679 214 3744 τοῖς
236 3672 412 3737 ἘΔΝΟΙΟ
435 3673 585 3739 ἐωνοῦντο.

196 3774 428 3845 submovere
451 3785 483 3845 et
506 3785 591 3848 certe
613 3786 688 3846 sunt
711 3781 749 3847 de
773 3782 893 3849 verbis:

333 3885 358 3949 ci
383 3885 414 3950 δὲ
439 3884 543 3964 γάμον
567 3885 704 3962 τεύξουσι
730 3889 781 3952 καί
805 3885 994 3968 ἀρτυνέουσιν
1018 3885 1122 3959 ἔεδνα,

152 3987 241 4056 nulla
270 4012 337 4056 esse
367 3997 471 4077 potest
499 3992 656 4058 dubitatio
679 3996 755 4078 quin
778 3993 856 4059 haer.
880 3994 946 4072 περὶ
970 3999 1028 4057 τῶν
1053 3991 1210 4070 μνητνίρων
1234 3991 1339 4056 dican·

152 4100 218 4161 tur:
252 4099 382 4182 quinam
414 4099 501 4162 eninr
532 4105 656 4183 praeter
687 4117 796 4182 procos
826 4097 890 4162 dici
918 4094 1143 4183 pereuntibus
1168 4095 1339 4178 ἑτοιμάζειν

152 4199 447 4282 siracusanum?
481 4201 591 4288 ltaque
615 4203 698 4287 quod
723 4204 888 4287 utrobique
911 4202 1055 4269 edditur:

289 4309 395 4372 πολλά
418 4307 497 4383 μάλ’
519 4303 598 4372 icccc
621 4307 697 4373 ἔοικε
720 4311 816 4389 φίλης
841 4309 891 4372 ἐπὶ
916 4308 1023 4380 παιδὸς
1047 4306 1194 4384 ἕπεσθαι,

153 4413 228 4506 quia
250 4412 420 4478 manifesto
444 4433 518 4478 cum
542 4413 739 4498 praecedenti
762 4435 857 4480 versu
878 4420 1002 4504 pugnat
1025 4419 1057 4480 et
1079 4412 1252 4480 absurdum
1276 4418 1338 4500 est,
