3410 5180
759 359 825 428 493

243 553 280 620 In
310 553 370 618 heo
398 551 607 636 componendi
637 551 740 617 forma
769 573 862 638 saepe
890 551 1011 619 librarii
1031 553 1163 634 ρενίόίνο
1185 553 1386 618 substituunt

199 660 332 724 dativum
362 662 426 726 eut,
442 662 550 722 eontra
573 663 771 745 repugnante
795 661 950 724 sententia
973 663 1006 723 et
1028 657 1158 747 linguae
1180 679 1259 736 usu,
1283 659 1387 725 veluti

198 785 273 854 pag.
316 762 391 831 789.
429 761 483 828 24.
522 764 538 838 ί
573 760 648 843 παρ’
686 763 772 840 ίμΟΙ
807 765 897 841 μόνον
933 762 1032 830 εύνοιοι
1067 766 1177 841 λοιπιί,
1214 765 1387 853 legendum

200 875 273 951 παρ’
297 873 408 949 ε’μΟΤ.

245 975 410 1044 contrario
441 997 543 1042 errore
574 976 678 1042 editur
707 997 779 1064 pag.
815 975 892 1042 100.
925 975 967 1042 10
999 981 1031 1042 et
1056 975 1131 1042 195.
1158 975 1211 1042 10.
1236 976 1289 1049 την
1315 979 1388 1056 τιιρ·

201 1085 313 1162 ύμΩΝ
345 1084 514 1164 ἐλευθερίαν
540 1103 597 1168 pro
625 1083 680 1156 τίιν
703 1085 778 1164 παρ’
802 1084 903 1162 ὑμΙΝ.
928 1088 960 1150 et
982 1104 1056 1171 pag.
1082 1081 1136 1150 78.
1161 1081 1215 1149 29.
1241 1082 1388 1165 ἐφέσιμον

200 1193 254 1268 την
285 1193 358 1271 παρ’
388 1190 500 1268 ύμΩΝ
523 1189 688 1267 γενομένην
710 1195 819 1267 γνῶσιν
842 1193 880 1263 ιίς
906 1189 1014 1254 tauros
1038 1189 1231 1268 ποιούμενος,
1257 1195 1289 1255 et
1313 1210 1386 1277 pag.

201 1294 275 1362 404.
308 1295 339 1362 8.
377 1293 415 1362 όιν
452 1297 495 1361 τὰ
530 1297 603 1376 τκρ*
624 1296 753 1373 ,teon
788 1293 918 1376 ύγιιιίνη.
974 1294 1150 1382 Utrobique
1185 1295 1388 1361 scribendum

202 1404 273 1482 παρ’
297 1403 398 1480 ύμΙΝ.

250 1507 382 1593 Saepius
423 1508 501 1574 haee
536 1509 653 1573 inserto
687 1526 706 1571 a
739 1505 844 1572 sciolis
877 1508 1045 1592 participio
1078 1509 1253 1592 vitiantur,
1287 1507 1390 1573 veluti

203 1634 273 1702 pag.
312 1611 364 1679 72.
400 1614 433 1680 2.
469 1613 502 1680 ai
538 1615 612 1693 παρ’
649 1613 760 1678 έιιείνου
798 1612 1024 1698 [πεμπόμεναι]
1062 1613 1215 1682 ε’τιςολιιί.
1247 1619 1281 1678 et
1311 1635 1386 1702 pag.

201 1718 276 1786 276.
311 1719 366 1785 22.
399 1727 457 1785 τῶν
489 1719 563 1800 παρ’
597 1720 705 1785 ἑωυτοῦ
736 1719 966 1805 [πεμπομένων]
993 1719 1218 1798 ἱερομνημόνων.
1267 1719 1390 1785 Rectis-

201 1827 278 1892 sime
309 1829 395 1892 enim
419 1826 536 1893 dieitur
559 1828 584 1891 οί
609 1826 696 1906 πωρίι
720 1826 875 1890 Φιλίππου
897 1823 1043 1903 πρέσβεις
1067 1824 1280 1904 πεμφθέντες,
1307 1825 1390 1904 ἥκον-

201 1956 271 2011 τες,
296 1931 525 2010 οίτετιιλμένοι,
550 1932 690 1998 sednon
713 1931 915 2008 πεμπόμενοι.

246 2144 304 2210 Est
334 2164 445 2228 operae
477 2144 618 2229 pretium
643 2142 808 2209 observare
830 2140 999 2226 partieipia
1022 2141 1177 2226 quaedem
1203 2143 1311 2228 spuria
1332 2141 1390 2208 Oe

201 2250 279 2316 dieis
314 2249 337 2316 S
368 2250 551 2316 testimonio
584 2249 754 2314 confutata.
801 2245 882 2312 Vide
907 2267 982 2334 pag.
1007 2245 1060 2314 77.
1085 2247 1138 2312 29.
1163 2248 1391 2336 interpolatum

200 2354 384 2435 μελλόντων.
421 2362 453 2421 et
484 2377 556 2442 pag.
590 2352 667 2420 206.
693 2352 745 2419 19.
769 2352 965 2432 βοηθούντων.
991 2359 1023 2419 et
1045 2373 1117 2441 pag.
1144 2351 1220 2420 474.
1249 2355 1301 2420 15.
1326 2357 1389 2435 κρί·

200 2461 328 2541 νόμενον.

243 2569 342 2635 Plure
373 2570 471 2635 etiem
498 2570 531 2633 in
554 2569 662 2654 ipsum
686 2563 835 2633 Oodioem
859 2564 882 2631 S
904 2585 967 2631 non
992 2568 1101 2632 minus
1124 2569 1232 2652 spuria
1256 2588 1288 2633 se
1314 2569 1389 2634 insi-

198 2680 355 2750 nuarunt,
389 2674 491 2741 veluti
522 2673 639 2753 λίγων,
675 2671 826 2750 κελεύων,
862 2673 1032 2750 κελεύσεις,
1071 2671 1223 2749 διδόμενος
1259 2679 1292 2740 et
1328 2673 1391 2741 alia

200 2780 380 2867 complura.
405 2780 444 2847 de
467 2780 584 2866 quibus
606 2799 663 2845 suo
685 2779 755 2845 loeo
778 2783 810 2844 et
835 2778 902 2843 dixi
926 2784 958 2844 et
981 2779 1084 2844 dicam

244 2887 408 2972 Imprimis
438 2885 561 2974 gaudeo
591 2907 645 2950 me
668 2905 707 2950 ex
729 2884 826 2949 huius
849 2883 1045 2969 corruptelae
1068 2885 1286 2952 observatione
1311 2886 1390 2952 duas

201 2993 307 3059 foedas
337 2991 479 3058 meoniae
510 2990 625 3056 eluisse
657 3010 696 3055 ex
723 2989 884 3075 praeclaro
907 2989 976 3057 loeo
999 3009 1070 3077 pag.
1098 2987 1151 3057 37.
1177 2989 1229 3054 22.
1256 2991 1325 3064 ίσως
1350 2992 1389 3056 ἂν

202 3133 220 3148 ··
234 3105 291 3163 τῶν
314 3095 454 3162 τοιούτων
479 3095 654 3174 λημμάτων
678 3094 941 3172 οίπιιλλιιγείητε,
966 3090 988 3159 ai
1010 3102 1072 3166 τοῖς
1096 3096 1279 3182 [οίσόενοῡσι]
1301 3100 1389 3178 ποιροὶ

200 3211 259 3270 τῶν
278 3205 386 3284 ίοιτρῶν
405 3202 509 3275 σιτίοις
533 3199 718 3288 [διδομένοις]
741 3199 831 3266 ἔοικε·
850 3200 902 3264 aot
924 3201 986 3279 γὰρ
1010 3199 1110 3265 ἐκεῖνον
1131 3201 1193 3266 οὔτ’
1206 3203 1299 3285 ίσχὺν
1312 3206 1390 3271 έντί-

201 3311 284 3386 όησιν
313 3308 379 3374 οὔτ’
411 3308 608 3381 οίποόνύσκειν
634 3307 682 3388 ἐᾷ.
729 3305 903 3391 Postquam
927 3307 1032 3372 neseio
1056 3308 1127 3391 quis
1151 3305 1311 3384 διδομένοις
1336 3310 1389 3376 ad·

200 3415 303 3490 didit,
329 3420 367 3480 ut
389 3419 495 3481 nostro
517 3413 586 3480 loeo
611 3419 768 3477 πολιτειῶν
796 3409 997 3498 [διδομένων],
1023 3416 1205 3497 supervenit
1230 3413 1310 3478 alter
1333 3417 1389 3500 qui

199 3521 373 3586 οὶσίενοῦσιν
403 3523 536 3586 inseruit
567 3519 606 3584 de
637 3538 704 3585 suo.
751 3518 959 3585 Athenienses
982 3518 1129 3584 dicebant
1151 3520 1193 3584 τίι
1218 3521 1304 3600 πικροὶ
1328 3524 1387 3586 τῶν

200 3627 307 3707 ίιιτρῶν
342 3625 442 3710 σιτίον,
477 3630 515 3690 ut
549 3626 583 3690 οιί
620 3624 706 3706 παρὰ
742 3630 799 3689 τῶν
836 3624 937 3702 διίμων
972 3623 1089 3703 δωρεοιί.
1137 3624 1258 3691 Eodem
1294 3628 1389 3694 modo

199 3730 292 3798 Plato
323 3730 407 3796 dixit
436 3731 473 3794 de
502 3731 579 3815 Rep.
610 3751 682 3818 pag.
717 3729 846 3796 4061),
883 3730 991 3810 πικροὶ
1027 3735 1079 3796 τοῦ
1117 3731 1220 3810 ίοιτροῦ
1255 3731 1388 3811 φοίρμιι-

200 3859 249 3902 κον
271 3838 355 3900 τιιίν.

245 4049 325 4135 Peg.
351 4045 427 4113 462.
453 4045 484 4112 2.
507 4047 520 4112 ό
545 4045 641 4112 τοίνυν
666 4047 720 4122 τὴν
744 4049 828 4117 τίς-ιν
851 4049 992 4128 οὶφοιιρῶν
1017 4044 1116 4133 [νόμος
1139 4043 1238 4133 οὗτος]
1264 4043 1285 4128 ᾧ
1306 4050 1387 4131 μόνῳ

201 4154 354 4233 κρείττους
385 4153 458 4218 είσὶν
492 4155 525 4218 ιιί
549 4151 621 4234 παρ’
647 4153 728 4230 ὑμῶν
753 4153 857 4233 δωρεοιὶ
882 4154 967 4217 τοῦτ’
989 4153 1185 4234 ιὶφοιιρείτοιι.
1233 4153 1323 4236 Quod
1349 4157 1388 4224 de

199 4265 326 4326 anctore
356 4259 438 4348 legis
468 4259 697 4326 Demosthenes
727 4258 851 4325 dixerat
873 4259 906 4324 id
930 4259 1035 4324 neseio
1059 4259 1130 4344 quis
1153 4259 1192 4324 ad
1217 4261 1319 4345 ipsam
1343 4261 1387 4329 le·

198 4389 275 4456 gem
298 4365 496 4432 teierendum
520 4386 587 4430 esse
611 4366 758 4451 opinatus
782 4371 837 4430 est.
886 4365 997 4451 Itaque
1022 4363 1110 4441 νόμος
1134 4361 1219 4436 οὗτος
1245 4367 1386 4454 eddidit,

199 4473 282 4558 quod
305 4493 339 4538 se
362 4474 395 4538 in
419 4476 544 4538 textum
567 4473 759 4548 insinuavit,
783 4471 837 4538 sed
863 4492 900 4540 eo
923 4471 993 4538 loco
1015 4471 1070 4556 qui
1090 4470 1211 4541 fiendis
1230 4472 1386 4545 indicium
