3410 5180
909 281 975 350 500

343 466 440 537 Solon
461 468 496 534 in
518 468 654 537 ferendis
675 472 767 538 novis
789 471 916 561 legibus
938 471 1043 539 voluit
1066 470 1246 538 observari:
1270 472 1376 536 τοῦτο
1399 473 1476 536 sunt
1498 491 1534 534 ea

344 598 420 662 ρνοι
449 576 592 654 Mnus,
626 596 762 662 quorum
793 576 876 642 nihil
907 580 1036 644 omnino
1059 577 1209 664 Leptines
1232 577 1342 644 fecisse
1366 578 1531 664 arguitur:

344 689 376 746 σί
407 703 460 746 ιιοε
485 683 617 767 (inquit)
632 685 767 770 seciam
789 686 861 749 ῖοοο
885 685 994 750 omnia.
1042 684 1211 750 Praeterea
1234 681 1303 749 dele
1325 703 1442 749 nomen
1465 701 1534 767 pro-

344 787 453 873 prium
475 787 632 862 Λεπτίνης
656 787 760 855 aliena
781 789 854 856 sede
874 787 1075 856 collocatum.

391 994 471 1083 Pag.
505 993 583 1062 489.
617 995 671 1062 10.
701 997 755 1063 οὐκ
787 996 869 1077 ἕξεσι
900 998 987 1079 πορά
1016 1007 1081 1072 τοῖς
1111 996 1365 1076 Λακεδαιμονίοις
1398 996 1443 1062 τά
1476 1001 1534 1061 τῶν

345 1100 512 1176 Ἀίννοιίοιν
543 1103 678 1168 ἐπαινεῖν
708 1103 826 1182 νόμιμα
841 1143 900 1189 -,
933 1105 1011 1170 ἀλλ’
1042 1096 1127 1187 ἀτρῖ
1151 1103 1224 1185 παρ’
1248 1103 1368 1177 ἐκείνοις
1392 1101 1535 1184 πολιτείᾳ

347 1207 499 1288 συμφέρει
521 1208 617 1274 τοῦτ’
641 1211 777 1276 ἐπαινεῖν
800 1209 923 1288 ἀνάγκκ
948 1210 1000 1276 καί
1025 1217 1128 1276 ποιεῖν.
1164 1209 1299 1276 Prorsus
1322 1209 1464 1275 alienum
1488 1213 1536 1274 est

347 1333 367 1378 a
397 1312 460 1379 1οοὶ
487 1317 644 1381 sententia
667 1317 719 1380 κιο)
744 1323 850 1382 ποιεῖν.
896 1316 968 1383 Ηοο
991 1316 1120 1402 quidem
1144 1318 1255 1402 opinor
1276 1315 1435 1382 habebant
1457 1315 1535 1380 eivi-

348 1421 431 1484 tates
454 1441 579 1499 omnes,
604 1426 642 1486 ut
664 1424 750 1488 aives
773 1427 961 1510 cogerentur
984 1430 1079 1487 ποιεῖν
1101 1417 1123 1486 ἀ
1147 1431 1185 1503 τῇ
1210 1421 1352 1503 πολιτείρ
1371 1416 1534 1500 συμφέρει.

349 1520 463 1591 Omnis
496 1531 579 1593 esset
612 1532 735 1594 remota
768 1528 916 1595 molestia
947 1531 975 1594 si
1010 1526 1170 1615 legeretur
1201 1530 1293 1592 ταῦτ’
1324 1526 1449 1604 ἀνάγιιν
1481 1522 1532 1588 καί

347 1627 580 1698 ἐΠΑΙΝεΙΝ.
626 1633 750 1718 Nempe
779 1634 839 1700 boe
870 1637 965 1722 urget
995 1631 1108 1699 Orator
1136 1655 1208 1698 ιιιοσ
1236 1653 1376 1718 quaeqae
1405 1629 1536 1695 οἰοῖίοίιζι

348 1734 489 1802 Mitule
512 1745 540 1803 σί
561 1739 638 1821 leyen
660 1739 785 1804 laudare
806 1748 955 1825 oportere,
977 1761 1038 1804 ιιονε
1061 1740 1162 1804 auena
1186 1739 1336 1804 σαίσίίονο.
1382 1736 1420 1802 ln
1443 1756 1535 1802 aare

348 1842 447 1908 etiam
476 1846 532 1929 qui
561 1845 798 1911 mentiebantur
829 1845 870 1912 ad
892 1849 1048 1912 maiorem
1071 1848 1191 1932 patriae
1213 1843 1352 1932 gloriam
1374 1842 1536 1928 paratissi-

349 1967 438 2014 mam
471 1952 598 2016 veniam
632 1952 847 2037 impetrabant
881 1957 914 2018 et
946 1951 1158 2020 laudabantur
1192 1953 1309 2036 potius.
1355 1947 1442 2014 Audi
1475 1946 1535 2013 De·

347 2053 547 2120 mosthenem
577 2057 776 2141 apertissime
805 2059 840 2124 id
870 2057 1072 2126 confitentem
1105 2077 1179 2144 pag.
1216 2053 1292 2121 493.
1328 2052 1359 2120 7.
1391 2054 1460 2126 τοὺς
1493 2053 1535 2117 τῖε

350 2165 482 2224 τοιαῦτα
510 2161 663 2238 λέγοντας
695 2162 948 2244 παραδείγματος
979 2167 1017 2238 ἀς
1051 2163 1099 2245 ἀρ’
1131 2163 1234 2228 ἐκεῖνον
1258 2161 1395 2245 (maiores
1428 2157 1533 2246 νιοιίτί)

348 2264 483 2344 μεγάλοο
508 2263 541 2332 εὗ
566 2265 714 2340 παίίντες
737 2267 829 2334 οὐδέν’
852 2271 1004 2347 ἐτίμησαν
1021 2307 1064 2319 -
1082 2266 1287 2340 ἀπαιδεύτους
1312 2267 1428 2344 ἡγεῖσθ’
1459 2261 1535 2330 είνοιι

350 2369 485 2438 -διίτι
520 2373 613 2438 ἐκεῖνο
647 2378 808 2452 ἀγνοοῦσιν
839 2371 898 2454 ὅτι,
930 2378 965 2441 εί
995 2375 1044 2443 τά
1076 2373 1242 2452 μάλιτα
1272 2373 1383 2438 ταῦθ’
1414 2368 1533 2443 οὕτως

350 2474 486 2560 εἶχεν,
518 2479 671 2560 ἀρνεῖσθαι
694 2482 817 2558 μάλλον
840 2480 857 2556 ῖς
881 2480 986 2558 λέγειν
1009 2482 1112 2554 αὐτοῖς
1136 2485 1293 2561 προσῆκεν.

394 2687 473 2776 Pag.
496 2684 573 2752 490.
594 2685 648 2754 21.
668 2688 694 2752 εί
716 2686 768 2752 καί
788 2689 874 2754 κατά
897 2690 972 2776 [τίν]
994 2690 1143 2769 λογισμὸν
1161 2689 1264 2754 ἐκεῖνα
1282 2686 1395 2770 Φονείιρ
1407 2685 1534 2765 βελτίω.

350 2792 426 2860 Sine
455 2793 590 2859 articulo
622 2793 769 2860 dicebant
800 2795 886 2862 κοτά
916 2794 1068 2875 λογισμόν
1099 2801 1131 2862 et
1155 2796 1188 2861 ἐκ
1210 2797 1378 2873 λογισμοῦ,
1401 2797 1440 2858 ut
1460 2812 1532 2879 pag.

351 2897 427 2967 780.
443 2897 481 2964 ’2.
505 2897 561 2972 τῖιν
583 2900 617 2964 ἐκ
639 2905 791 2980 λογισμοῦ
815 2903 966 2981 carnalem
973 2949 982 2980 ,
1007 2907 1040 2968 et
1062 2901 1135 2968 aliis
1157 2901 1246 2967 loeis.

393 3108 475 3197 Pag.
508 3105 585 3174 491.
616 3108 646 3174 1.
679 3109 730 3174 καί
762 3111 836 3192 παρ’
868 3112 941 3191 ἡμῖν
972 3111 1023 3176 ἐπὶ
1053 3115 1110 3176 τῶν
1140 3108 1291 3191 προγίνιον
1320 3107 1414 3174 πόλλ’
1437 3105 1533 3186 ἀγάί’

348 3214 544 3295 εἰργασμένοι
575 3215 653 3288 τινὲς
684 3215 799 3288 οὐδενὸς
831 3216 965 3294 ἠξιοῦντο
996 3217 1148 3292 τοιούτου,
1172 3216 1246 3280 ἀλλ’
1269 3217 1444 3292 ἀγαπητοῖς
1468 3213 1532 3278 ἐπι-

347 3320 537 3401 γράμματος
562 3322 593 3386 ἐν
616 3328 679 3393 τοῖς
702 3326 834 3402 Ἑρμαῖς
858 3320 969 3402 ἔτυχον
991 3321 1043 3388 καί
1066 3321 1137 3396 ίσιος
1161 3323 1241 3387 τοῦδ’
1266 3323 1337 3398 ὑμῖν
1360 3319 1532 3397 ἀναγνώσε-
1652 3353 1653 3363 ¹

347 3450 401 3492 τοι
425 3427 460 3491 τὸ
485 3426 687 3507 ἐπίγραμμα.
733 3427 881 3494 Postulat
904 3431 951 3494 rei
972 3434 1086 3495 natura
1106 3425 1266 3512 pluralem
1288 3446 1459 3491 numerum
1481 3423 1530 3489 καί
1651 3411 1652 3435 ’

347 3533 418 3606 ίσιις
450 3534 578 3597 ΤΑΤΘ’
612 3534 683 3610 ὑμῖν
713 3533 929 3611 ἀνοιγνοίσετοιι
963 3532 1256 3614 τάτιγράμμαΤΑ.
1302 3531 1478 3620 Vulgatam
1506 3532 1532 3595 si
1648 3585 1649 3588 ε

346 3639 555 3706 retinebimus
585 3638 748 3703 videbitur
779 3638 809 3702 ἐν
838 3647 900 3713 τοῖς
931 3643 1060 3721 Ἑρμαῖς
1092 3659 1192 3705 unum
1223 3643 1318 3724 atque
1352 3637 1438 3703 idem
1469 3637 1532 3722 epi·

346 3764 495 3834 gramma
516 3741 661 3828 pluribus
685 3762 853 3810 commune
876 3748 1066 3832 inscriptum
1089 3746 1205 3821 fuisse,
1229 3743 1312 3830 quod
1335 3763 1447 3810 serum
1471 3762 1530 3807 non

348 3870 415 3917 esse
450 3853 581 3915 constat.
631 3847 754 3934 Nempe
789 3850 872 3935 quod
907 3850 1136 3918 Demosthenes
1169 3848 1338 3935 Leptinem
1372 3848 1530 3914 fauturum

346 3977 413 4023 esse
433 3955 612 4040 suspicatur
629 3954 800 4020 Aeschines
820 3957 854 4020 in
877 3956 1084 4041 θίοιιρίιοννίσο
1103 3956 1198 4033 feeit,
1219 3957 1275 4041 qui
1294 3955 1356 4020 tria
1374 3955 1529 4040 epigram·

346 4067 436 4128 mata
459 4061 490 4124 tv
512 4066 575 4131 τοῖς
599 4061 729 4139 Ἑρμαῖς
753 4061 853 4126 incisa
874 4062 1035 4128 iudicibus
1055 4063 1213 4128 recitavit.

392 4269 471 4358 Pag.
504 4269 581 4336 491.
614 4269 647 4336 8.
679 4271 705 4336 εί
735 4270 793 4348 μὲν
824 4271 887 4350 γάρ
919 4271 1062 4350 ἀναξίους
1088 4269 1168 4340 είνοιί
1190 4297 1235 4346 τις
1259 4271 1353 4355 Φνὶσει
1377 4271 1527 4342 κάκείνους

344 4376 512 4458 τιμάσίαι,
543 4377 590 4451 τίς
623 4373 707 4453 ἀξιον
740 4374 876 4462 είπάτιο,
903 4377 942 4464 [εί
963 4379 1045 4457 μήτε
1068 4385 1127 4444 τῶν
1150 4377 1297 4460 προτέρων
1320 4376 1426 4458 μηδείς
1449 4377 1529 4454 μήτε
