3232 5176
868 385 933 457 114

309 579 360 648 his
379 581 582 649 Aristotelem
604 578 748 646 fabulam
768 579 807 644 de
828 575 993 644 Atlantide
1012 581 1116 644 totam
1136 576 1300 643 aPlatone
1311 573 1418 639 dotem
1430 591 1487 637 esse

311 690 494 753 existimare
517 707 651 770 eamque
673 691 711 750 ut
733 683 798 750 alia
820 683 974 769 quaedam
998 681 1141 749 Platonis
1161 683 1374 760 τερετίσμασιν
1394 681 1489 744 suari·

312 799 360 858 ter
383 793 503 868 ridere,
528 796 561 854 et
584 791 717 866 dixisse,
741 789 1011 876 quemadmodum
1035 787 1195 854 Homerus
1217 791 1251 852 τὸ
1275 795 1334 852 τῶν
1358 786 1489 864 ’Λχιιιῶι

311 905 418 980 τεῖχος
450 893 577 966 resim
612 895 779 972 dedomo,
813 897 858 960 sie
887 892 1055 960 Platonem
1079 894 1254 960 Atlantidis
1278 891 1419 958 insulam
1433 893 1511 975 fie-

312 1004 392 1066 υἰιισ
414 1003 546 1087 primam
571 1001 610 1065 de
632 997 734 1065 nihilo
758 1005 790 1065 et
813 999 926 1065 deinde
939 1000 1086 1084 fluetibus
1108 1001 1248 1065 obruisse.
1295 997 1408 1064 Utrius
1430 1017 1491 1061 seu·

312 1109 413 1174 tentia
436 1109 478 1172 sit
501 1107 622 1183 sanior,
648 1105 811 1172 Posidonii
835 1125 876 1171 an
899 1101 1097 1184 Aristotelis,
1124 1125 1187 1171 non
1209 1103 1300 1170 oredo
1320 1123 1387 1170 esse
1406 1101 1491 1168 valde

282 1197 493 1279 'obscurum

271 1433 275 1444 “
359 1423 528 1510 Sequitur:
561 1422 675 1508 εἰκάζει
708 1424 739 1490 tl
769 1423 821 1488 ιιοιὶ
854 1425 909 1498 τὴν
931 1429 992 1487 τῶν
1016 1421 1161 1502 Κίμβρων
1184 1422 1237 1486 κιο)
1261 1426 1321 1487 τῶν
1343 1425 1494 1499 συγγενῶν

316 1528 502 1603 {favisores
537 1530 571 1592 ἐκ
601 1535 655 1602 τῆς
687 1531 801 1599 οἰκείοις
832 1525 974 1606 γενέσθαι
1005 1529 1091 1593 κοντοὶ
1122 1526 1280 1602 θολιὶττνς
1311 1526 1419 1606 ἔφοδον
1447 1529 1494 1591 οὖν

316 1636 425 1712 ἀθρόον
445 1633 628 1712 συμβᾶσιν.
678 1633 741 1714 Qui
763 1635 848 1699 hune
865 1633 973 1698 looum
992 1638 1216 1719 compararunt
1235 1653 1309 1698 eum
1329 1655 1404 1721 pag.
1425 1630 1495 1698 293.

317 1738 411 1806 obliti
442 1747 516 1805 sunt
548 1740 585 1805 de
610 1760 672 1823 qua
694 1760 728 1804 re
752 1745 877 1826 agatur.
924 1737 1113 1804 Posidonius
1134 1737 1249 1804 multis
1272 1739 1429 1826 exemplis
1450 1739 1496 1803 de

317 1844 451 1911 claravit
482 1865 573 1930 saepe
602 1843 671 1910 fieri
701 1849 758 1909 aut
789 1857 891 1910 terrae
919 1851 1011 1909 motu
1041 1849 1097 1909 aut
1124 1843 1285 1910 similibus
1310 1845 1496 1931 quibusdam

318 1953 421 2016 oensis
452 1956 490 2015 ut
522 1952 661 2015 terrain
686 1949 788 2015 altum
812 1947 997 2020 extollatur,
1023 1948 1077 2013 vel
1100 1950 1259 2027 considat,
1283 1950 1336 2016 vel
1359 1951 1498 2016 huiusce

317 2056 405 2122 modi
436 2075 573 2144 magnae
595 2058 789 2121 mutationes
812 2058 845 2119 et
867 2074 974 2118 rerum
998 2057 1214 2120 conversiones
1237 2053 1323 2120 dant.
1359 2052 1500 2120 Gemma·

318 2167 423 2226 morat
453 2159 596 2226 Platonis
620 2159 836 2234 Atlantidem,
861 2179 958 2244 quam
982 2159 1061 2224 dieit
1083 2181 1145 2224 non
1167 2179 1234 2225 esse
1257 2159 1414 2226 dissimile
1438 2160 1500 2224 veri

318 2265 469 2331 fluctibus
496 2266 694 2331 submersam
718 2271 751 2329 et
773 2262 865 2348 plene
888 2263 1036 2330 obrutam
1059 2265 1165 2330 fuisse.
1213 2265 1334 2330 Deinde
1357 2264 1395 2331 de
1419 2261 1500 2330 Gim-

318 2372 384 2436 bris
414 2370 576 2454 loquitur,
609 2391 724 2455 nempe
754 2375 792 2433 ut
813 2377 920 2455 pateat
943 2372 1098 2456 migrasse
1121 2391 1174 2435 eos
1197 2391 1235 2435 ex
1258 2373 1356 2437 avitis
1378 2370 1501 2436 sedibus

319 2479 418 2540 maris
449 2477 613 2560 repentino
640 2478 765 2560 impetu
789 2480 919 2539 coaetos.
969 2474 1037 2554 Quo
1060 2481 1152 2559 paeto
1175 2463 1278 2564 igitur
1299 2478 1335 2540 in
1356 2477 1416 2542 heo
1439 2495 1501 2540 son-

320 2583 494 2646 tentiarum
515 2582 734 2645 coniunctione
754 2581 888 2645 scribere
908 2583 1013 2665 potuit
1032 2580 1066 2646 id
1086 2581 1168 2665 quod
1191 2582 1275 2646 docti
1287 2585 1501 2666 suspicantur,

319 2683 465 2751 Gimbros
499 2705 561 2749 non
595 2687 665 2751 rim
700 2705 854 2770 aquarum
889 2685 1054 2773 effugisse,
1087 2686 1142 2752 sed
1171 2686 1382 2752 latrocinandi
1412 2705 1503 2751 eausa

318 2793 464 2877 regiones
497 2790 593 2877 longe
627 2789 754 2855 dissitas
787 2792 947 2875 petivisse.
1001 2790 1131 2878 Pugnat
1163 2792 1197 2856 id
1232 2802 1307 2857 eum
1343 2791 1503 2857 Strabonis

319 2895 488 2960 manifesta
519 2897 683 2961 sententia.
725 2893 824 2960 Aliud
854 2897 956 2982 igitur
987 2897 1212 2980 quaerendum.
1248 2897 1286 2962 In
1309 2897 1400 2964 libris
1423 2893 1503 2982 quod

321 3007 386 3078 est,
409 3000 524 3067 lacuna
545 3001 668 3067 laborat
691 3003 737 3066 sie
760 3000 825 3065 fere
848 3001 1042 3086 supplenda:

729 3106 871 3183 γενέσθαι
923 3113 1009 3170 κριτοὶ
1056 3107 1095 3171 θοι

728 3209 849 3283 λάττης
880 3207 986 3288 ἔφοδον
1016 3213 1049 3276 οὐ
1081 3237 1100 3278 κ

731 3314 810 3404 (urai
832 3316 868 3381 τὸ
892 3317 990 3388 εἰωθὸς
1012 3317 1101 3404 ἀλλ’)

733 3419 842 3501 aitpoeta
916 3424 1098 3499 ουμβῖοσυν.

321 3530 402 3594 haee
433 3529 564 3593 demunt
599 3546 674 3591 oum
708 3524 872 3592 Strabonis
907 3532 1184 3615 argumentatione
1219 3530 1297 3595 bene
1332 3535 1445 3595 ooeunt
1478 3537 1510 3594 et

322 3636 501 3699 oonieetnra
533 3630 695 3697 Posidonii
725 3653 799 3720 pag.
830 3629 896 3698 293
921 3633 984 3698 alio
1007 3640 1144 3720 spectat,
1167 3655 1282 3720 nempe
1304 3639 1343 3700 ut
1367 3635 1510 3700 ostendat

320 3739 390 3810 τοὺς
414 3738 568 3817 Κίμβρους
593 3743 625 3803 et
648 3737 717 3810 τοὺς
742 3740 925 3816 Κιμμερίους
948 3738 1018 3811 τοὺς
1042 3741 1109 3819 sepi
1129 3743 1184 3813 risa
1207 3747 1350 3806 Μαιῶτιν
1369 3761 1431 3807 non
1442 3757 1511 3806 esse

322 3845 463 3910 diversos
485 3846 613 3910 nomine
636 3843 763 3907 tantum
784 3842 899 3908 leviter
922 3850 1059 3910 mutato.

367 4055 431 4122 Sed
460 4057 689 4143 grsdsnmum,
719 4057 864 4120 omnium
896 4057 1014 4121 uitium
1046 4057 1170 4122 obsidet
1197 4078 1235 4124 ea
1258 4075 1339 4144 quae
1361 4061 1512 4127 continuo

322 4166 507 4245 sequuntur.
553 4161 650 4227 Ponit
671 4159 706 4224 rt
729 4167 783 4233 τῆς
808 4161 981 4235 οἰκουμένης
1004 4167 1100 4237 μῆκος
1126 4182 1192 4228 esse
1215 4163 1296 4226 imi
1321 4187 1380 4229 σου
1403 4165 1513 4242 μυριά-

324 4267 378 4331 δυν
409 4266 520 4333 eddius
546 4303 588 4314 -
612 4264 669 4332 ὅτε
701 4265 821 4351 (mariv)
854 4268 917 4330 οὶτὸ
949 4277 1004 4346 τῇς
1039 4267 1150 4338 δύσερις
1185 4276 1315 4332 ΕΤΡΩΙ
1348 4272 1446 4334 πλέον
1481 4271 1513 4334 ἒν

324 4371 491 4439 τοσούτοις
516 4369 656 4448 μυριάσιν
681 4369 759 4436 ἔλθοι
784 4366 821 4436 ἂν
845 4373 887 4444 εἷς
911 4372 1031 4444 Ἰνδούς.
1078 4371 1269 4458 interpretes
1287 4375 1333 4439 nii
1352 4378 1514 4462 suspieen-

325 4479 378 4543 tur
408 4474 487 4572 maii
518 4479 551 4540 et
579 4475 661 4540 bona
687 4473 748 4540 fide
768 4483 916 4542 ‘vesunu
944 4477 1065 4563 „itaque
1087 4480 1124 4542 ab
1147 4500 1251 4556 οσσοινι
1274 4495 1357 4546 nuso
1379 4486 1515 4561 ιρέσοιιισ
