3392 5186
881 324 948 403 loa

296 513 476 596 coniectura
508 529 556 591 est
587 529 620 589 et
650 526 684 588 in
715 529 841 590 textum
872 530 1013 611 recepta,
1042 522 1151 609 paullo
1173 519 1327 601 calidius,
1350 529 1389 590 ut
1410 521 1495 590 mihi

298 633 429 718 quidem
462 632 600 698 ridetur.
658 631 807 696 Primum
842 634 918 717 quia
952 631 1159 718 frigidissime
1196 633 1418 714 importunum
1452 654 1492 708 γε

296 739 448 804 inseritur
477 758 566 803 more
598 736 801 802 Branchiano
832 741 864 802 et
899 735 1055 812 aliorum,
1093 738 1149 820 qui
1182 735 1375 820 ubicumque
1410 737 1494 799 rima

299 848 380 910 esset
410 843 517 922 rariter
541 844 625 917 δίκην
649 844 731 907 nillil
751 843 927 926 ον’μκθγῖοοαε
950 865 990 919 γε
1014 840 1171 907 addebant
1194 840 1233 906 de
1256 861 1323 906 suo.
1370 840 1494 906 Deinde

298 949 312 1014 θ
337 949 440 1030 πατήρ
464 951 557 1023 αὐτὸς
582 947 720 1026 γυναῖκά
745 970 797 1026 μοι
821 946 1011 1030 ζητήσει,
1035 951 1073 1012 ut
1090 946 1267 1012 Aristarchi
1284 947 1381 1012 verbo
1401 951 1492 1022 utar,

298 1052 469 1136 νεωτερικθν
494 1055 566 1122 ἐςιν.
604 1053 748 1139 Denique
773 1075 831 1119 cur
851 1053 986 1141 vulgata
1009 1051 1209 1131 γαμὲσσεται
1228 1053 1262 1116 in
1282 1053 1494 1137 suspicionem

298 1167 430 1229 vocetur
459 1159 544 1224 nihil
573 1179 686 1225 causas
717 1180 785 1224 essa
815 1159 920 1226 video.
968 1157 1006 1224 In
1036 1159 1140 1224 forma
1165 1157 1249 1223 nihil
1271 1161 1320 1224 est
1342 1158 1426 1242 qnod
1449 1179 1496 1222 re

300 1266 484 1353 prehendas.
520 1264 683 1331 Homerus
705 1267 739 1330 in
761 1265 870 1332 futuro
892 1267 1056 1352 (utsupra
1075 1265 1231 1350 vidimus)
1251 1265 1376 1330 dicebat
1393 1263 1495 1328 καλέοι

301 1377 334 1438 et
365 1371 507 1436 καλέσσω
531 1375 563 1436 et
587 1369 843 1451 vassallorum.
894 1369 1054 1437 Similiter
1081 1369 1193 1449 γαμέω
1224 1375 1256 1436 et
1283 1369 1495 1448 γαμθσσεται.

301 1477 350 1543 De
379 1475 611 1563 significatione
644 1476 734 1542 nulla
765 1498 832 1543 esse
855 1483 960 1563 potest
984 1477 1155 1542 dubitatio.
1204 1475 1405 1555 Γαμέτσεται
1436 1475 1497 1540 hoc

302 1581 369 1648 solo
392 1581 461 1647 loco
485 1581 619 1669 legitur,
645 1583 691 1667 (et
713 1580 875 1661 μάσσεται
899 1603 1024 1668 quoque
1047 1588 1095 1647 est
1118 1579 1209 1654 ἀταξ
1232 1582 1412 1662 λεγθμενον)
1442 1573 1498 1646 a'ed

302 1687 438 1755 verbum
460 1685 555 1772 plane
579 1687 721 1753 eiusdem
744 1692 911 1775 potestatis
935 1710 997 1754 non
1018 1688 1119 1754 semel
1137 1691 1171 1753 in
1187 1689 1297 1754 eadem
1317 1707 1350 1752 re
1370 1689 1498 1772 ponitur

304 1793 389 1880 apud
410 1789 601 1858 Homerum.
636 1791 729 1858 Nihil
749 1795 882 1861 interest
904 1797 988 1860 inter
1011 1802 1129 1872 γαμεῖν
1158 1801 1190 1860 et
1219 1792 1330 1860 ιοθκαδ’
1363 1789 1497 1869 ἀγεσθαι

304 1903 337 1964 et
364 1897 513 1976 ἀγεσθαι,
546 1899 661 1962 ἀοοιυυι
690 1903 797 1963 duem
827 1921 946 1964 υτοεοοι
976 1903 1008 1964 et
1039 1921 1164 1964 υτοοειυ·
1180 1899 1294 1963 ἀυοοοο.
1339 1897 1496 1976 Ἄγετθαι

304 2005 408 2090 igitur
436 2009 474 2068 nt
504 2004 679 2082 γαμεῖσθαι
699 2003 795 2089 ‘apud
821 2003 1001 2070 Homerum
1034 2007 1164 2090 ponitur
1193 2025 1249 2090 pro
1274 2027 1390 2068 υιοοσεοι
1413 2005 1495 2067 dare.

304 2108 520 2176 Luculentum
552 2109 735 2196 exemplum
765 2117 813 2176 est
835 2113 870 2175 in
894 2108 952 2176 Od.
975 2117 1013 2193 φ.
1038 2109 1114 2176 213.
1139 2111 1196 2176 ubi
1218 2109 1351 2198 Ulysses
1373 2109 1497 2176 duobus

304 2213 452 2282 fidelibus
475 2219 576 2282 serris
598 2216 677 2281 haec
701 2215 886 2302 pollicetur:

440 2321 470 2387 sl
491 2324 527 2402 χ’
551 2320 604 2387 ὑπ’
629 2321 697 2400 ε’μοθ
720 2346 759 2400 γε
785 2322 847 2396 θεὸς
872 2321 1001 2404 δαμάσή
1022 2331 1178 2403 μνήτήρας
1204 2320 1362 2407 ἀγαυούς,
1487 2349 1489 2354 ·

441 2425 559 2506 ἀξομαι
583 2425 769 2510 ἀμφοτέροις
792 2428 928 2509 ἀλθχους
953 2429 1004 2494 καθ
1029 2430 1169 2507 κτήματ’
1191 2427 1330 2494 iccirco.

350 2531 443 2599 Nihil
462 2535 595 2600 interest
614 2536 697 2599 inter
716 2533 839 2609 Πήλεθς
859 2558 910 2614 μοι
930 2545 1068 2614 γυναῖκα
1088 2535 1306 2613 γαμέσσεται,
1327 2539 1360 2599 et
1378 2531 1496 2612 ἀξομαι

306 2638 492 2720 ἀμφοτέροις
511 2637 663 2718 ἀλόχους,
685 2641 895 2725 quamobrem
911 2647 1053 2709 veteram
1073 2641 1230 2706 librorum
1242 2642 1386 2706 omnium
1399 2643 1497 2725 scrip*

305 2751 413 2832 turam
437 2765 500 2812 non
522 2751 655 2832 tangere
678 2751 746 2812 crat
768 2749 876 2812 satius.

820 3015 988 3086 LXXXVi

562 3196 602 3262 Oi
626 3195 869 3276 ἀπολογούμενοι
893 3197 965 3277 πρὸς
988 3198 1239 3275 celeriteratem.

352 3374 498 3442 locosum
530 3380 578 3441 est
606 3376 715 3444 videre
746 3396 843 3462 quam
876 3375 1002 3443 laribus
1029 3383 1062 3444 et
1083 3378 1231 3444 futilibus
1251 3380 1448 3466 argumentis
1471 3377 1497 3443 ci

307 3480 550 3561 ἀπολογούμενοι
583 3482 655 3566 τρθς
687 3482 746 3556 τοὶς
776 3483 934 3558 ἀθετήσεις
960 3487 1152 3572 gravissima
1174 3484 1427 3571 interpolationis
1449 3487 1498 3548 in·

308 3588 392 3654 dicia
422 3588 460 3653 ab
490 3587 674 3654 Aristarcho
703 3588 863 3674 patefacta
892 3588 1013 3655 diluere
1045 3610 1191 3676 esposse
1214 3595 1338 3676 putant.
1384 3589 1442 3656 nst
1464 3589 1499 3654 in

308 3693 400 3760 lliad.
433 3704 471 3758 Σ.
504 3692 695 3760 444-456.
726 3693 816 3760 locus
838 3695 1006 3761 manifesto
1029 3697 1298 3775 διεσκευασμένος,
1323 3701 1362 3760 ut
1385 3697 1467 3761 acut'

308 3801 389 3866 sime
419 3801 622 3866 Aristarchus
654 3799 894 3867 demonstrarit.
941 3800 1035 3866 Nihil
1063 3803 1147 3868 inest
1168 3804 1203 3867 in
1225 3803 1337 3878 rebus,
1359 3801 1442 3866 nihil
1465 3803 1501 3866 in

307 3906 432 3982 verbis,
466 3906 550 3992 quod
581 3906 677 3973 faciat
708 3907 748 3973 ad
778 3925 848 3972 rem
881 3911 937 3972 aut
959 3905 1101 3973 Homero
1125 3908 1262 3996 dignum
1284 3911 1336 3973 sit.
1384 3904 1500 3972 Versus

308 4015 384 4077 sant
413 4011 568 4088 εὐτελεῖς,
600 4009 709 4098 quales
738 4033 796 4077 nos
823 4030 947 4097 quoque
970 4033 1108 4101 pangere
1130 4013 1218 4078 facili
1241 4010 1374 4079 artificio
1397 4033 1500 4100 posse

307 4137 391 4182 mus.
418 4115 503 4197 Quid
521 4117 702 4185 Aristarchi
719 4115 937 4184 adversarius?
959 4118 1251 4201 Ἀυακεφαλαθωσις
1272 4116 1370 4203 αὕτη,
1382 4120 1498 4204 inquit.

308 4223 457 4287 Ksuoc
479 4219 528 4290 οὖν
553 4223 738 4306 ’Apis-uxor
763 4226 877 4290 ἀθετεῖ.
902 4229 965 4296 τῶς
990 4225 1053 4305 γὰρ
1078 4227 1129 4290 οὐκ
1154 4223 1269 4290 ἀτοσου
1289 4225 1332 4291 τά
1351 4227 1408 4304 μὲν
1431 4221 1498 4305 περὶ

283 4361 285 4366 ·
309 4331 363 4392 τοῦ
393 4326 501 4406 γάμον
525 4330 652 4396 ταλαιά
673 4353 708 4394 τε
733 4328 806 4395 θντα
830 4329 883 4396 cal
910 4334 988 4395 τάσι
1013 4331 1095 4406 δήλα
1118 4330 1240 4408 λέγειν,
1264 4335 1382 4396 σιιοοεάν
1406 4330 1438 4395 tl
1461 4329 1501 4394 δι’

307 4430 321 4500 ὃ
346 4430 444 4509 ήλθεο.
481 4434 544 4515 Qui
564 4438 611 4502 ita
633 4436 713 4502 dicit
734 4439 858 4523 opinari
881 4437 1010 4505 ridetur
1032 4435 1212 4504 Homerum
1229 4438 1307 4504 haec
1327 4457 1391 4504 non
1410 4435 1498 4504 audi-
