3232 5176
682 339 723 410 71

115 535 165 602 18.
197 573 242 584 -
271 535 480 615 Φεναιιισμοὺς
512 530 553 606 σός
586 533 799 612 Ἐπαχόέντες
829 571 870 580 -
896 533 1032 609 προεῖσθε
1065 531 1206 609 Φωκέας,
1239 529 1297 596 ubi

112 643 224 728 reliqui
248 663 358 708 omues
381 646 507 707 servunt
529 661 638 706 verum
661 639 831 705 lectionem
854 637 1077 718 ’Τπιιχόέντες

154 853 236 940 Peg.
266 851 338 918 180.
367 851 420 918 12.
444 851 553 932 νομόζω
577 853 628 915 τόν
652 849 869 928 sciscitemur
891 849 1035 929 χαλεπὸν
1058 859 1097 928 πή
1118 847 1225 926 πόλει,
1246 851 1297 914 τόν

114 959 138 1024 δ’
170 961 279 1037 cirtica
315 959 366 1024 τὸν
401 958 435 1022 ἐκ
469 963 522 1022 τοῦ
554 956 690 1033 πολέμου
722 958 820 1040 ῥᾴδιον
851 955 888 1023 ἂν
919 955 1101 1034 συμβάντα.
1150 955 1229 1037 Quis
1251 958 1298 1020 ite

113 1062 274 1150 loquitur?
310 1062 389 1144 Quis
421 1064 518 1130 verbo
547 1062 677 1142 νομίζειν
692 1064 890 1147 participium
913 1065 958 1128 sic
982 1063 1057 1128 addi
1079 1082 1168 1148 posse
1191 1063 1302 1126 existi-

114 1167 198 1235 mati
230 1169 323 1235 Nihil
352 1175 399 1234 est
429 1168 590 1253 reliquum
621 1189 716 1253 quum
744 1174 783 1234 ut
806 1170 1013 1234 rescribatur:
1037 1168 1136 1252 ῥᾴδιον
1159 1166 1198 1232 ἂν
1219 1189 1296 1244 σνμ·

115 1276 251 1352 βΗΝΑΙ.
300 1274 389 1340 Haeo
418 1276 488 1360 ipsa
518 1277 675 1360 scripture
704 1278 739 1338 in
767 1271 882 1340 Codice
905 1272 928 1338 8
951 1276 1107 1359 reperitur
1129 1275 1192 1338 uisi
1215 1272 1298 1357 quod

116 1383 214 1446 scriba
244 1381 389 1446 ordinem
411 1382 580 1446 verborum
604 1382 763 1454 turbavit:
787 1379 946 1457 συμβῆναι
971 1380 1069 1464 ρ’ῥδιον
1093 1377 1130 1444 ἄν
1155 1379 1243 1444 dedit
1266 1383 1299 1443 et

116 1487 231 1552 oblitus
255 1493 303 1552 est
325 1507 439 1554 verum
467 1487 609 1552 ordinem
632 1485 775 1570 lineolis,
799 1490 837 1551 ut
859 1486 956 1563 solet,
981 1485 1129 1550 indicere.

156 1696 234 1785 Pag.
256 1697 331 1764 181.
352 1696 405 1762 14.
419 1697 500 1764 οὐδὲν
512 1693 561 1763 οὖν
572 1700 646 1763 ἀλλ’
659 1699 676 1773 ή
688 1697 915 1780 ῥαψῳδήσουσιν
927 1697 952 1761 οἱ
965 1695 1109 1775 πρέσβεις
1124 1694 1298 1773 περιϊόντες.

116 1801 182 1866 τότε
203 1805 257 1880 δὲ,
282 1803 319 1868 iv
342 1801 403 1882 ἄρα
426 1801 448 1868 ic
474 1809 523 1868 νῦν
547 1803 658 1879 οἰόμεθ’
684 1804 771 1878 ήμεῖς
797 1811 1067 1879 ΠΡΑΤΤΗΤΑΙ,
1089 1802 1182 1872 οὐδεὶς
1203 1801 1299 1875 δήπου

117 1915 167 2002 τῶν
193 1907 318 1974 πόντων
348 1907 502 1980 Ἑλλήνων
533 1913 710 1981 τηλικοῦτον
734 1908 787 1988 ἐφ’
810 1909 893 1987 αὐτῷ
918 1914 1025 1988 φρονεῖ
1045 1903 1108 1978 ότις
1134 1908 1203 1986 όρῶν
1229 1907 1300 1983 ὑμῖν

115 2017 228 2092 χιλίους
268 2015 323 2092 μὲν
358 2011 492 2088 ἱππέας,
527 2013 659 2085 όπλότας
694 2013 725 2078 δὲ
760 2010 845 2086 όσους
880 2011 918 2078 όον
950 2012 1037 2092 ε’όέλη
1065 2035 1129 2089 τις,
1161 2017 1234 2084 ναῦς
1267 2012 1298 2076 δὲ

115 2121 289 2196 τριακοσίας
297 2167 306 2196 ,
337 2120 398 2198 οὐχ
429 2117 492 2193 ήξει
524 2119 576 2183 καὶ
608 2118 761 2195 δεήσεται.
807 2119 858 2184 Ad
883 2119 1109 2198 ῥαψῳδήσουσιν
1133 2120 1299 2183 annotavit

116 2224 292 2292 Dobmeus:
320 2225 384 2301 „eie
407 2225 565 2302 εἰσήγημα
590 2232 617 2288 σῖ
640 2225 760 2300 ποίνιμα
781 2247 883 2308 oppon.
905 2224 1029 2288 Isocrat.
1052 2224 1188 2306 Epistola
1208 2222 1233 2288 l.
1247 2221 1298 2288 2.”

117 2329 182 2396 Hoc
204 2330 336 2416 quidem
361 2331 505 2394 Atticum
530 2331 680 2410 ῥαψῳδεῖν
700 2330 783 2395 nihil
802 2351 876 2397 eum
897 2333 985 2416 poisi
1003 2349 1173 2396 commune
1191 2330 1296 2394 hebet.

117 2436 278 2502 Festivom
300 2440 333 2502 ei
356 2437 496 2501 iocosum
519 2437 653 2502 verbum
676 2435 853 2524 significet:
876 2436 1073 2522 nequidquam
1096 2436 1212 2518 tanqam
1232 2458 1298 2499 ore

118 2543 217 2608 ionem
239 2542 348 2605 tedere
371 2547 404 2606 et
427 2543 520 2605 multa
543 2544 632 2607 cerba
648 2543 776 2626 perdere
796 2543 862 2606 ειίοο
884 2543 947 2606 ullo
960 2543 1092 2627 fructu,
1117 2548 1155 2606 ut
1177 2543 1210 2606 in
1232 2561 1298 2606 oru-

119 2651 197 2714 tione
220 2649 291 2712 κοιτ’
314 2647 552 2725 Ἀριςογεότονος
575 2669 648 2735 psg.
675 2645 751 2714 770.
778 2646 831 2712 10.
856 2644 955 2724 ἔγωγ’
982 2645 1197 2724 ὑπολαμβάνω
1211 2685 1254 2696 -
1272 2646 1297 2710 εἰ

119 2753 170 2828 μέν
199 2755 273 2818 εἰσιν
302 2754 384 2829 ὑμῶν
415 2755 440 2818 σι’
471 2755 593 2826 πλεόους
624 2749 675 2818 οἶοι
707 2754 777 2826 τοὺς
809 2753 950 2832 πονηροὺς
973 2759 1078 2833 φιλεῖν
1106 2751 1172 2839 [καὶ
1194 2750 1298 2832 σώζειν

119 2857 190 2944 dei]
221 2859 325 2936 μόνην
357 2859 608 2939 ἐρραψῳδηκότας
638 2861 722 2934 ήμῖος
748 2857 890 2936 ἔσεσθαι,
917 2859 942 2922 εἰ
966 2857 992 2922 δ’
1015 2853 1068 2922 οἷοι
1091 2865 1191 2934 μισεῖν
1214 2858 1299 2931 δίκην

120 2969 217 3030 τοῦτον
242 2965 356 3030 δώσειν.

160 3069 194 3134 ln
216 3091 282 3157 sqq.
305 3073 436 3138 haerent
459 3070 649 3156 interpretes
672 3073 706 3135 in
730 3069 918 3149 πράττηται.
954 3069 1132 3135 Dobreeus:
1159 3070 1298 3147 „mctim,

120 3171 139 3239 t
171 3181 219 3240 νῦν
253 3175 376 3252 οόόμεόα
413 3179 522 3252 ἡμεῖς,
559 3174 739 3254 πρόττηΤΕ
777 3197 841 3238 cum
875 3175 951 3240 Mer.
983 3174 1171 3254 πρόττητλῖ
1203 3176 1302 3260 inepte

121 3281 282 3348 Reisfimss'
326 3281 447 3370 Relege
475 3282 582 3348 locum
612 3283 658 3345 sic
687 3282 860 3366 scriptum:
892 3280 932 3345 ἂν
962 3279 1022 3359 ἄρα
1055 3273 1077 3345 ἃ
1109 3285 1159 3344 νῦν
1189 3281 1299 3356 οἰόμεθ’

122 3387 203 3460 ήμεῖς
245 3387 425 3466 πρόστητε,
469 3393 501 3453 et
534 3387 639 3452 multo
674 3389 772 3452 etiam
807 3389 913 3474 magle
947 3387 1100 3452 haerebis.
1156 3386 1301 3475 Intelligi

121 3499 250 3575 munt:
287 3492 326 3559 όιν
360 3493 422 3572 ἄρα
446 3531 487 3542 -
514 3500 689 3567 ΓθΝηται,
723 3492 758 3557 id
793 3497 841 3558 est
876 3493 928 3557 ἐὰν
960 3492 1021 3571 ἄρα
1051 3492 1205 3570 βασιλεὺς
1236 3501 1300 3566 τοῖς
1410 3533 1412 3540 ›

120 3595 260 3673 Ἕλλησιν
295 3599 502 3674 ἐπιβουλεύων
537 3601 668 3680 φανερός
703 3597 850 3675 γένηται,
886 3598 941 3664 sed
972 3601 1165 3683 quicumque
1195 3603 1301 3664 totum

122 3700 221 3768 locum
254 3705 427 3792 diligenter
462 3705 708 3771 consideraverit
740 3707 855 3769 sentiet
889 3724 926 3769 es
957 3707 1065 3770 omnis
1096 3702 1134 3769 δν
1166 3703 1226 3784 ἄρα
1259 3739 1299 3754 -

124 3809 292 3886 τριὲττητοιι
327 3813 468 3876 insiticia
503 3831 569 3876 esse
603 3815 636 3876 et
670 3810 848 3875 resecanda.
896 3808 1106 3895 Opponuntur
1135 3812 1219 3874 inter
1249 3828 1301 3875 se:

123 3921 206 3980 NTN
230 3918 285 3994 μὲν
309 3925 435 3982 καλεῖτε
460 3916 532 3996 πρός
558 3917 639 3995 ὑμᾶς
666 3916 779 3987 αὐτοὺς
803 3914 873 3985 τοὺς
895 3917 1073 3990 Ἕλληνας,
1095 3915 1150 3980 sed
1169 3915 1303 4002 perditis

124 4038 260 4104 operam,
291 4041 386 4087 nemo
416 4023 508 4088 vobis
541 4022 748 4106 obtemperet.
793 4029 912 4086 ΤΟΤΕ
947 4021 977 4086 δὲ
1010 4020 1104 4092 οὐδεὶς
1127 4020 1222 4094 δήπου
1245 4029 1304 4087 τῶν

126 4125 240 4192 πόντων
262 4128 417 4201 Ἐλλήνων
440 4129 504 4192 eri.
530 4127 584 4192 sed
603 4148 704 4212 quum
724 4127 801 4191 haec
821 4126 963 4214 longiore
979 4124 1149 4192 intervallo
1168 4127 1306 4192 diremta

127 4239 236 4310 cuent,
271 4239 399 4298 exortus
430 4239 478 4298 est
507 4235 613 4299 nescio
642 4234 714 4317 quis
746 4235 801 4316 qui
832 4233 924 4297 nobis
954 4237 1095 4298 narraret
1125 4231 1201 4316 quid
1224 4237 1307 4299 esset

127 4335 192 4402 τότε
214 4339 255 4404 ts.
303 4337 392 4403 Idem
416 4341 599 4424 sequiorem
622 4358 712 4404 more
736 4337 914 4418 πράττηται
939 4338 1022 4403 dixit
1044 4357 1101 4424 pro
1125 4336 1263 4415 γένηται.

167 4445 260 4532 Apud
287 4453 408 4510 veteres
430 4445 535 4522 λέγειν
559 4451 591 4510 et
615 4445 781 4526 πράττειν,
804 4443 1030 4522 σαλευόμενα
1053 4451 1086 4508 et
1109 4445 1152 4508 rai
1175 4443 1308 4526 πραττό-
