3410 5180
874 363 940 442 lie

311 584 375 650 sqq.
408 563 475 643 περί
508 558 545 626 ὦν
578 561 660 627 ἐνίων
690 563 763 637 τάς
793 561 981 643 ἐσχάτας
1012 562 1038 625 οῖ
1067 565 1151 637 νίμοι
1183 559 1298 628 διδάιιοι
1335 559 1496 643 τιμωρίαι.

356 774 436 862 Peg.
468 773 544 838 229.
580 772 631 842 17.
664 772 730 841 οὖσί
760 797 799 851 γε
829 773 1016 848 τηλικούτοις
1046 774 1140 848 ἡλίκοι
1164 777 1214 837 νῦν
1238 771 1404 854 ἐτραγῴδει
1432 773 1501 861 [καί

310 881 447 964 διεξῄει]
496 879 577 946 Tam
600 901 670 946 ποτε
693 881 827 946 verbnm
850 879 1018 960 τραγῳδεῖν
1041 899 1107 948 non
1125 879 1188 944 fert
1208 880 1292 944 iners
1315 885 1347 945 et
1373 879 1502 967 lengin-

311 987 389 1053 dnm
412 986 551 1065 διεξιέναι
579 987 641 1051 eibi
666 988 955 1073 superimpositum.

356 1090 521 1159 Contrario
545 1113 647 1159 errore
669 1113 743 1180 pag.
765 1090 841 1156 232.
866 1089 920 1155 22.
944 1092 978 1154 in
1003 1089 1116 1156 multis
1138 1089 1230 1154 libris
1253 1093 1408 1176 seriptum
1433 1097 1497 1157 eet:

312 1201 419 1274 ἡλίκην
449 1197 508 1263 νυνί
540 1196 736 1282 [ἐτραγῴδεις
767 1197 835 1280 καί]
862 1193 1008 1279 διεξῄεις,
1040 1195 1123 1280 qnod
1146 1217 1184 1260 ex
1208 1199 1339 1282 optimis
1362 1203 1410 1262 eet
1434 1218 1501 1264 eor·

309 1310 443 1369 rectum.

356 1411 434 1476 Post
463 1431 563 1495 peuce
594 1431 667 1498 pag.
703 1407 778 1473 232.
812 1407 866 1472 25.
898 1407 1041 1474 Dobreeo
1073 1405 1355 1492 obtemperandum
1388 1413 1435 1473 eet
1464 1413 1499 1474 in

311 1517 433 1582 verbis:
459 1514 521 1584 ἐςιν
545 1511 618 1580 ὅπου
641 1517 678 1579 οὺ
704 1552 723 1565 -
737 1515 892 1594 παρελθὼν
915 1519 1019 1578 ταῦτα
1042 1503 1063 1578 ἀ
1085 1518 1135 1577 νῦν
1154 1521 1336 1592 κατηγορεῖς
1356 1515 1498 1592 ἐδίδαξας

312 1621 377 1704 [καί
411 1619 597 1704 διεξῆλθες];
634 1641 763 1687 enmmo
796 1623 867 1686 inre
896 1619 1144 1708 frigidissimum
1174 1619 1226 1684 καί
1257 1617 1410 1694 διεξῆλθες
1446 1642 1499 1685 ex·

311 1729 477 1814 pungenti.

354 1937 434 2025 Peg.
455 1935 532 2003 232.
553 1937 585 2002 4.
605 1936 657 2002 καί
677 1936 770 2001 ταυτί
790 1934 879 2000 πάνθ’
898 1935 970 2013 ὑπὲρ
991 1944 1045 2009 τοῖς
1065 1935 1212 2006 ἀλκίείας
1231 1937 1498 2015 ἀκριβολογοῦμαι

312 2043 377 2128 [καί
398 2041 619 2127 διεξέρχομαι]
656 2042 830 2128 Aliquanto
849 2039 922 2128 plue
942 2046 990 2106 eet
1007 2041 1154 2126 ponderis
1173 2043 1208 2106 in
1226 2041 1497 2122 ἀκριβολογεῖσθαι

310 2169 406 2234 qnam
429 2152 463 2214 in
483 2147 644 2225 διεξιέναι,
665 2153 703 2214 nt
721 2147 781 2213 hec
800 2167 924 2233 quoque
942 2149 1026 2212 inere
1044 2147 1299 2213 additamentum
1320 2148 1498 2215 tollendum

310 2275 376 2322 0880
399 2276 574 2322 censeam·-

356 2464 436 2553 Peg.
460 2462 537 2529 233.
564 2461 616 2528 21.
650 2464 711 2540 ἐγὼ
736 2463 793 2540 μὲν
816 2462 911 2527 τοίνυν
935 2461 1064 2543 ἔγραψα
1087 2461 1242 2542 βουλεύων
1265 2465 1420 2531 ἀποπλεῖν
1442 2468 1499 2542 τὴν

308 2569 445 2650 ταχίςνρν
476 2569 545 2642 τοὺς
580 2567 724 2648 πρέοβεις
757 2569 806 2632 ἐπί
835 2569 905 2640 τοὺς
930 2566 1040 2640 τόπους
1064 2569 1095 2632 ἐν
1117 2564 1160 2640 οἷς
1184 2567 1221 2633 ἀν
1245 2567 1317 2635 ὄντα
1344 2571 1499 2638 Φίλιππον

307 2677 515 2742 πυνίάνιοντοιι
552 2674 604 2738 καί
633 2673 704 2746 τοὺς
735 2671 835 2754 ὅρκους
868 2673 1120 2752 ἀπολαμβάνειν.
1153 2676 1266 2741 deinde
1299 2683 1372 2762 poet
1398 2699 1500 2763 pauca

308 2803 382 2868 pag.
417 2779 494 2847 234.
528 2781 558 2846 8.
590 2776 611 2847 ἀ
644 2781 705 2857 ἐγὼ
737 2780 937 2860 προορώμενος
970 2781 1003 2844 τὸ
1028 2781 1185 2862 ψήφισμα
1208 2790 1359 2848 ΤΟΤΤΟ
1383 2785 1500 2861 γράΦιο

308 2876 413 2971 [πλεῖν
444 2886 495 2952 ἐπὶ
519 2886 589 2959 τοὺς
613 2887 723 2958 τόπους
747 2887 777 2950 ἐν
803 2881 844 2957 οἷς
868 2887 906 2950 ἀν
930 2884 947 2967 ᾖ
973 2886 1125 2957 Φίλιππος
1149 2888 1203 2951 καί
1227 2887 1297 2959 τοὺς
1321 2884 1419 2968 ὅρκους
1444 2889 1500 2963 τὴν

307 2992 444 3072 ταχίςιρν
479 2991 735 3079 ἀπολαμβάνειν]
774 2989 810 3057 i‘v'
848 2992 979 3072 ἐχόντων
1013 2999 1071 3056 τῶν
1107 2999 1232 3076 Θρᾳκῶν
1266 2994 1331 3059 κτέ.
1388 2994 1449 3074 Qui
1481 3016 1502 3060 a

306 3099 451 3165 Dobreeo
478 3099 660 3165 admonitus
683 3119 745 3164 non
770 3101 867 3163 sentit
891 3099 968 3163 haee
988 3097 1282 3184 interpolatione,
1304 3098 1501 3167 nihilseeile

306 3208 422 3271 sentiet
458 3205 641 3280 ἀναίσθητος
676 3203 723 3268 ὤν.
788 3203 892 3270 Verbo
927 3203 961 3268 τί
996 3205 1153 3286 ψήφισμα
1187 3208 1277 3269 τοῦτο
1319 3203 1502 3292 significant

303 3311 490 3396 plebiscitum
513 3311 548 3374 id
569 3311 648 3396 quod
669 3310 752 3374 modo
776 3309 908 3374 dicebam

351 3416 389 3482 ln
418 3417 524 3483 verbis
552 3415 751 3501 interpolatis
781 3418 835 3490 τὴν
866 3414 1004 3494 ταχίτνν
1027 3418 1062 3480 in
1085 3415 1219 3482 alienam
1245 3415 1353 3482 eedem
1376 3416 1499 3482 aberre-

306 3525 374 3589 vit:
406 3531 496 3588 πλεῖν
527 3523 581 3596 τὴν
612 3522 749 3601 ταχίςην
780 3523 985 3586 senissimum
1016 3525 1080 3598 eet,
1116 3521 1171 3587 ned
1202 3523 1271 3593 τοὺς
1308 3519 1408 3600 ὅρκους
1442 3523 1500 3597 τῖον

306 3629 445 3710 ταχίτνν
474 3627 720 3706 ἀπολαμβάνειν
749 3629 863 3692 vitiose
894 3625 1020 3692 dieitur.
1069 3626 1226 3693 Similiter
1255 3630 1375 3712 optime
1401 3627 1500 3693 habet

307 3743 398 3802 πλεῖν
420 3735 468 3799 ἐπί
493 3733 562 3804 τοὺς
587 3734 716 3816 πίπους,
740 3733 770 3796 ἐν
794 3727 837 3802 οἷς
861 3730 899 3797 ἀν
923 3729 996 3796 ὄντα
1020 3731 1071 3797 τίν
1096 3732 1249 3797 Φίλιππον
1273 3732 1498 3818 πυνίάνιννται,

305 3863 368 3908 non
403 3842 434 3905 ἐν
469 3837 511 3910 oie
547 3838 586 3904 ἀν
609 3837 641 3920 ᾖ,
675 3841 750 3924 quin
780 3841 920 3902 incertus
950 3837 1002 3903 hio
1033 3837 1121 3903 loeus
1153 3843 1210 3904 eet.
1258 3837 1376 3904 Oontre
1407 3847 1498 3905 πλεῖν

306 3949 389 4035 apud
412 3945 671 4031 interpolatorem
694 3944 812 4010 melius
836 3949 884 4009 eet
907 3965 1005 4028 qnam
1028 3946 1193 4010 ἀποπλεῖν.
1229 3951 1324 4009 Πλεῖν
1348 3946 1432 4010 enim
1458 3945 1499 4010 de

306 4055 443 4120 ουοίὶοειι
484 4059 517 4118 et
559 4057 682 4118 eertum
722 4050 831 4116 loenm
865 4051 1048 4136 petentibus
1082 4052 1231 4135 ponitur,
1269 4051 1422 4115 ἀποπλεῖν
1459 4051 1500 4118 de

304 4161 479 4226 abeuntibue
513 4163 545 4224 et
579 4156 686 4222 locum
722 4155 863 4242 aliquem
898 4155 1162 4240 relinquentibus,
1232 4153 1421 4223 Rectissime
1457 4157 1498 4222 de

306 4267 417 4334 eadem
440 4285 473 4329 re
496 4263 615 4328 dieitur
636 4282 709 4349 pag.
737 4259 812 4327 388.
839 4261 869 4327 5.
895 4269 985 4326 πλεῖν
1008 4263 1062 4338 τὴν
1086 4261 1233 4343 ταχίςην.

351 4476 432 4562 Peg.
466 4469 540 4535 235.
575 4468 628 4536 23.
654 4469 718 4547 ἐξὸν
743 4471 857 4551 ἡμερῶν
883 4469 977 4550 δέκα,
1005 4477 1193 4538 ‘oMomc
1216 4469 1248 4534 δέ
1273 4475 1361 4552 τριῶν
1386 4469 1403 4548 ἢ
1427 4495 1499 4540 τετ·
