3232 5176
860 285 902 360 72

292 507 372 562 μενοι
401 486 485 550 inter
507 503 540 548 se
563 485 707 568 oppositu
735 487 827 568 sunt,
858 489 897 548 ut
918 481 995 564 ἔργον
1022 481 1174 570 (πράξεις)
1200 487 1232 547 et
1254 479 1360 559 λόγοι,
1387 479 1480 545 utin

299 591 327 654 V
324 591 400 676 capia
423 589 498 654 695.

338 697 376 761 σὺ
397 697 427 761 δὲ
447 693 621 776 χασκοθζεις
642 695 698 768 τὴν
709 695 904 774 κωλακρέτην
912 742 921 772 ,
934 695 969 760 τὸ
981 694 1013 759 δὲ
1026 694 1235 774 πραττόμενόν
1248 718 1283 758 σε
1296 693 1436 768 λέληθεν.

338 802 375 866 ln
405 800 523 865 ultima
549 795 639 885 perte
670 799 733 866 ioei
760 800 955 866 vocabulum
993 804 1205 866 necessarium
1235 803 1340 885 periit.
1389 797 1482 865 Nihil

294 914 342 973 est
372 909 459 972 enim
490 907 558 985 σ’ρῶν
592 906 663 981 ὑμῖν
691 907 812 986 χιλίους
844 909 979 981 ἱππέας,
1013 908 1117 971 viden
1138 907 1220 970 aubia
1246 907 1329 970 mitte
1351 907 1481 990 equitet,

292 1015 360 1077 imo
381 1032 457 1078 vero
480 1034 540 1076 σενι
571 1017 603 1076 et
622 1010 722 1082 όντας.
769 1010 881 1096 Neque
902 1018 1010 1077 tamen
1032 1012 1092 1078 hoe
1114 1011 1183 1076 loeo
1203 1013 1413 1097 participium
1436 1031 1481 1074 re

293 1119 475 1202 ponendum
508 1138 574 1182 esse
607 1136 718 1182 censeo
745 1117 800 1182 sed
829 1119 862 1181 in
894 1117 956 1183 fine
985 1119 1159 1184 sententiae
1189 1119 1251 1182 sie:
1278 1121 1422 1186 -ναῦς
1451 1114 1480 1178 a

293 1225 470 1304 τριακοσίας
495 1231 633 1288 OTCAC
656 1224 715 1301 οὐχ
744 1219 819 1296 ἥξει.

339 1434 419 1522 Peg.
446 1431 521 1500 182.
535 1432 565 1498 6.
591 1433 792 1498 scribendum
812 1454 850 1498 ex
870 1431 893 1499 S
913 1439 945 1500 et
963 1434 1118 1521 Dionysio
1137 1432 1299 1498 Halieam.
1323 1431 1416 1498 Tem.
1429 1429 1481 1495 VL

293 1561 368 1627 pag.
394 1536 470 1604 947.
494 1533 552 1602 θσα
576 1541 632 1613 μὲν
654 1539 767 1603 πώποθ’
792 1537 932 1612 ἅπαντες
957 1545 1032 1620 (non
1056 1539 1195 1612 ἅπαντες
1220 1539 1322 1625 ὑμεῖς)
1349 1539 1480 1616 ἦβονλιὶ·

296 1647 384 1728 θκτε,
409 1650 441 1709 et
463 1651 535 1730 post
556 1665 657 1730 pauca
678 1645 892 1726 ἀπεβλέψατε
919 1653 984 1710 etc
1009 1647 1083 1732 (non
1104 1645 1190 1732 πρὸς)
1217 1645 1390 1719 ἀλλήλους.

342 1857 422 1943 Peg.
449 1853 523 1920 185.
549 1855 579 1921 2.
605 1858 696 1935 Suet,
728 1859 854 1942 inquit,
885 1857 1011 1921 Attente
1033 1857 1166 1924 divitiae
1188 1859 1355 1944 ingentes:
1380 1861 1483 1920 ταῦτα

298 1962 325 2026 δ’
351 1964 376 2028 οἱ
400 1960 578 2038 κεκτημένοι
601 1967 732 2027 τοιοῦτον
752 1961 858 2042 ἔχουσι
883 1967 948 2026 νοῦν
973 1961 1024 2031 ὥτ’
1049 1965 1073 2027 ei
1098 1962 1214 2034 πιόντες
1237 1965 1263 2026 οἱ
1289 1963 1410 2027 ἐνταυθὶ
1432 1960 1482 2025 λέ-

298 2091 405 2148 γοντες
426 2067 553 2149 Φοβοῖεν
574 2071 612 2140 ὥς
632 2067 696 2145 ἥξει
715 2067 888 2146 βασιλεύς,
913 2069 951 2140 ὥς
972 2068 1109 2151 τοόρετιν,
1130 2071 1169 2141 ὡς
1190 2069 1249 2149 οὐχ
1262 2063 1321 2132 οἶόν
1341 2093 1378 2133 σε
1392 2069 1483 2131 ταῦτ’

298 2173 403 2240 όιλλοις
439 2174 542 2255 ἔχειν,
580 2175 632 2238 καὶ
665 2175 750 2251 μετὰ
782 2181 840 2238 τῶν
877 2173 1031 2251 λεγόντων
1062 2174 1119 2238 ἶσοι
1151 2173 1185 2237 τὸ
1220 2175 1335 2249 πλῆθος
1368 2173 1483 2241 τούτοις

297 2279 505 2360 χρησμῳδοῖεν
527 2277 660 2366 (optime
678 2279 795 2344 Reiske
819 2279 1014 2360 χρησμῳδοὶ,
1037 2299 1151 2364 nempe
1170 2279 1312 2362 Φοβοΐεν)
1336 2281 1369 2344 οὐ
1396 2277 1484 2355 μόνον

298 2387 352 2450 οὐκ
382 2383 420 2450 θον
451 2383 657 2460 εἰσενέγκαιεν
690 2385 766 2448 ἀλλ’
799 2385 859 2449 οὐδ’
890 2383 928 2449 θον
959 2385 1089 2462 δεόξοιιεν
1116 2384 1175 2449 οὐδ’
1199 2385 1237 2450 ἂν
1261 2387 1484 2463 ὁμολογήσαιεν

300 2493 475 2563 κεκτῆσθαι.
521 2489 646 2554 Ultima
668 2509 741 2574 pars
763 2489 826 2555 loei
850 2511 947 2575 grave
970 2489 1089 2556 vulnus
1112 2493 1250 2576 aceepit,
1275 2491 1329 2556 sed
1345 2479 1485 2555 sanabile

299 2601 416 2661 tamen.
464 2594 582 2660 Tacent
612 2594 803 2680 Interpretes
833 2599 923 2681 quasi
953 2601 1061 2662 omnia
1083 2596 1178 2682 plane
1199 2603 1231 2660 et
1253 2599 1421 2681 perspicua
1443 2615 1488 2658 es-

300 2707 380 2767 sent.
428 2699 506 2780 Quis
528 2721 603 2765 vero
627 2702 712 2766 dicet
734 2702 811 2787 quid
833 2706 876 2766 sit
899 2703 958 2767 οὐδ’
983 2701 1021 2766 θον
1046 2697 1224 2774 aelium?
1255 2700 1340 2780 Quid
1360 2693 1488 2766 multa?

300 2804 407 2870 Satius
431 2819 480 2870 est
502 2808 613 2870 statim
637 2805 748 2872 tollere
777 2809 940 2872 mendum.
988 2805 1233 2873 Confunduntur
1256 2808 1340 2870 iuter
1362 2825 1394 2870 se
1420 2823 1488 2890 pas

300 2915 361 2976 sim
385 2909 480 2986 δόξειν
504 2949 547 2960 —
571 2909 695 2990 δείξειν,
721 2911 810 2990 ἔδοξα
835 2950 876 2962 -
902 2911 1023 2989 ἔδειξα,
1049 2912 1255 2992 δεδόχθαι-
1277 2911 1434 2988 δεδεῖχθαι
1458 2913 1489 2972 et

299 3022 372 3084 sim.
416 3017 597 3083 sexcenties
627 3003 776 3084 11111111
807 3021 840 3082 in
871 3019 962 3083 libris
985 3017 1064 3083 Mss.
1089 3019 1293 3084 obseruatum
1318 3022 1365 3082 eet
1388 3019 1488 3080 etiam

299 3123 383 3209 apud
406 3123 664 3189 Demosthenem.
701 3121 749 3189 Of.
781 3124 851 3188 Ver.
880 3125 973 3188 heatt.
997 3143 1071 3208 pag.
1099 3121 1175 3186 125.
1222 3123 1290 3188 Iam
1319 3119 1488 3186 1111111111-

299 3238 366 3317 get:
400 3226 519 3303 δόξαιεν
549 3228 777 3294 Demosthenes
805 3230 944 3306 dixerat,
976 3228 1202 3304 1ιοιιδείξαιεν.
1249 3227 1370 3293 Eadem
1394 3246 1487 3311 opera

299 3343 454 3399 corrector
477 3339 602 3398 tenetur
625 3333 744 3400 fraudis
766 3336 964 3400 manifestus.
1011 3334 1129 3398 Fuerat
1151 3333 1246 3399 olim:
1271 3335 1304 3398 οῦ
1324 3332 1415 3410 μόνον
1434 3334 1486 3396 οὐκ

300 3439 339 3505 θον
362 3441 567 3516 εἰσενέγκαιεν
591 3441 666 3504 ἀλλ’
690 3440 751 3504 οὐδ’
775 3440 813 3505 θον
835 3439 951 3516 δόξαιεν
976 3441 1153 3513 κεκτῆσθαι.
1202 3437 1286 3518 Quid
1309 3440 1417 3502 notius
1439 3441 1486 3500 est

299 3565 396 3629 quam
427 3545 459 3608 οῦ
491 3545 587 3609 δοκεῖν
617 3566 673 3630 pro
695 3547 910 3611 diesimulare?
947 3569 1027 3624 „uon
1051 3553 1166 3609 όονοόιινκ
1189 3543 1320 3631 (inquit)
1346 3545 1487 3607 tributum

299 3673 359 3714 νιοιν
382 3651 554 3734 conferrent
575 3653 734 3715 sedetiam
759 3675 826 3736 oper
848 3675 918 3716 auae
941 3650 1191 3716 dissimularent?
1238 3648 1398 3734 Pauperes
1422 3667 1486 3713 esse

299 3777 332 3821 se
356 3753 517 3843 fingebant
540 3762 572 3821 et
595 3757 716 3822 tributo
740 3758 867 3824 ferendo
891 3778 953 3824 non
976 3779 1055 3823 esse.
1088 3757 1222 3821 Factum
1247 3761 1295 3819 est
1314 3760 1352 3817 ut
1370 3754 1486 3831 δόξαιεν

297 3863 332 3926 in
362 3863 493 3940 δεόξαιεν
523 3869 718 3928 mutaretur:
751 3863 864 3928 deinde
894 3865 999 3929 neseio
1029 3865 1100 3947 quis
1130 3861 1254 3927 addidit
1284 3860 1324 3926 de
1347 3881 1405 3926 suo
1428 3859 1476 3924 οῦδ

297 3968 336 4033 θον
360 3967 593 4046 όμολογήσαιεν.

342 4179 422 4266 Pag.
438 4177 512 4243 186.
535 4177 567 4245 6.
592 4175 655 4244 οἶδε
676 4179 733 4256 μὲν
753 4182 817 4260 γαρ
831 4181 898 4266 (rex
921 4180 1103 4265 Persarum)
1118 4181 1310 4251 Δ1Ακοσόαις
1331 4181 1486 4258 τριήρεσιν,

300 4281 337 4348 ὧν
362 4285 471 4347 ἑκατὸν
494 4285 706 4364 παρεσχόμεθ’
739 4287 844 4362 ἡμεῖς,
871 4287 940 4358 τοὺς
966 4286 1126 4364 προγόνους
1150 4286 1247 4349 αὐτοῦ
1271 4286 1383 4365 χιλόας
1412 4285 1487 4346 οῦτο-

299 4391 456 4462 λθοαντας
481 4395 574 4467 ναῦς,
600 4391 768 4454 οθκοθσετοιι
792 4391 823 4456 δὲ
848 4391 1048 4464 ΤΡΙακοσιάς
1074 4391 1187 4463 αὐτοὺς
1212 4394 1296 4466 ἡμᾶς
1321 4393 1373 4453 νῦν
1397 4409 1486 4468 παρε-
