3392 5186
743 373 807 445 417

173 572 211 634 ut
241 567 344 634 solent
372 563 496 634 Comici
527 566 672 633 hilariter
701 571 734 632 et
763 569 866 634 iocoee
890 566 995 634 multa
1019 567 1213 647 θποκοριςιιωί
1237 570 1364 635 coniun-

174 693 258 761 gere.
305 671 543 740 Anaxandridec
565 672 722 738 Athenaei
742 693 816 762 pag.
842 672 915 738 105.
942 691 972 738 r.

490 778 542 844 acl
567 776 736 858 συμπαίζει
761 779 942 860 καριδαρίοις

491 883 576 962 μετθι
600 884 756 964 περκιδίων
780 886 832 950 καί
857 883 1049 970 θρᾳττιδίων,

493 989 546 1055 καί
570 991 750 1070 ψητταρίοις
773 992 857 1069 μετὰ
882 989 1049 1070 κωθαρίων,

492 1094 544 1158 καί
567 1095 745 1175 σκινδαρίοις
768 1098 854 1174 μετθι
879 1095 1038 1175 κωβιδίων.

174 1203 219 1266 cic
242 1197 412 1274 Comicus,
436 1221 530 1286 quem
552 1200 688 1268 Plautus
708 1205 807 1267 vortit
826 1204 973 1288 barbare,
992 1203 1198 1269 coniunxerat
1217 1202 1363 1288 καρθδια,

175 1305 329 1386 θερμίδιοι,
355 1306 485 1372 συκίδια.
533 1304 595 1372 Sed
619 1307 696 1372 haec
720 1308 831 1374 obiter.

219 1515 310 1582 lliad.
334 1526 380 1582 M.
406 1515 482 1584 276.

582 1629 676 1695 νεῖκος
701 1622 936 1702 ἀπωσαμένους.

219 1726 398 1815 Didymus:
432 1727 616 1808 ’Λρίςαρχος
647 1736 754 1803 νῖκος
787 1728 837 1795 δια
866 1733 918 1794 τοῦ
944 1737 968 1793 Ι.
993 1734 1093 1807 recte,
1118 1733 1156 1794 ut
1178 1731 1307 1816 opinor,
1333 1734 1366 1795 et

175 1838 338 1921 receptum
359 1836 509 1919 oportuit.
545 1833 654 1900 Etiam
675 1855 759 1899 nunc
777 1834 934 1920 quaedam
954 1835 1038 1919 apud
1057 1833 1238 1901 Homerum
1257 1840 1366 1900 contra

175 1943 336 2024 receptum
367 1961 487 2006 morem
522 1948 561 2003 el
591 1939 709 2004 hebent
739 1959 796 2024 pro
829 1949 841 2002 1
873 1939 979 2026 longo.
1011 1948 1057 2006 M.
1090 1937 1165 2005 280.
1191 1938 1364 2022 Νθιφέμεν

174 2064 231 2130 pro
263 2043 402 2126 νιφέμεν.
433 2055 474 2110 Ψ.
507 2043 583 2108 346.
606 2047 743 2122 Ἀρείονα
766 2065 822 2130 pro
847 2045 978 2124 Ἀρίονα.
1003 2053 1038 2109 Φ.
1064 2043 1138 2110 319.
1166 2045 1284 2112 Είλιίσω
1306 2066 1364 2131 pro

178 2151 282 2215 ίλθσω.
330 2149 390 2216 Ad.
423 2149 482 2216 Od.
515 2173 546 2214 α.
580 2148 634 2214 22.
667 2151 814 2220 Αἰθίοπας
846 2151 1011 2228 μετεκίαθε
1035 2155 1205 2216 annotatur
1226 2153 1260 2216 in
1281 2151 1364 2217 Har·

176 2254 297 2321 leiano:
323 2279 357 2321 το
381 2265 449 2320 Kel
475 2256 644 2336 δίφθογγον
669 2255 719 2319 διὰ
743 2257 777 2320 τὸ
801 2254 919 2336 μέτρον.
955 2255 1142 2340 Perpetem,
1165 2261 1204 2321 ut
1225 2257 1325 2324 uideo.

485 2498 656 2562 ‘enMeN
686 2531 702 2545 ·
714 2497 858 2564 ‘GOssCI
884 2533 904 2546 -
916 2500 1056 2562 ῈΑΑΝ.

223 2675 389 2742 Perierunt
419 2677 453 2738 in
483 2675 570 2760 poesi
602 2675 775 2740 Homerica
805 2675 1010 2758 perantiquae
1033 2671 1204 2740 nonnullae
1226 2673 1365 2756 formae,

177 2801 254 2865 quae
285 2802 324 2846 ex
355 2780 531 2846 Aristarchi
562 2781 764 2848 annotatione
789 2799 874 2843 nunc
896 2781 1012 2844 vitiata
1033 2780 1068 2843 in
1090 2778 1196 2846 lucem
1218 2801 1365 2847 revocare

177 2887 285 2971 poesie.

222 2989 313 3058 Iliad.
339 2999 379 3056 N.
406 2989 481 3056 315.

358 3093 459 3173 οίμιν
484 3093 560 3170 οίδκυ
583 3094 725 3160 ἔλθωσι
750 3095 802 3158 καί
831 3095 995 3172 ἐσσύμενον
1019 3096 1173 3176 πολέμοιο.

222 3201 400 3290 Didymus:
423 3205 494 3266 κατ’
518 3199 583 3266 ένια
606 3206 665 3267 τῶν
691 3201 919 3278 ὑπομνημάτων

536 3305 566 3373 οί
583 3332 636 3385 μιν
660 3305 735 3381 ἄδην
759 3309 961 3371 'GACOTCL

179 3409 197 3477 θ’
219 3413 264 3482 ε’ςι
289 3413 532 3493 κορέσουσιν.
557 3413 609 3478 καί
635 3412 685 3477 ἐπί
709 3417 763 3477 τοῦ
787 3412 986 3485 Ποσειδῶνος·

314 3521 389 3586 ἀλλ’
413 3517 458 3585 ἔτι
481 3518 538 3598 μέν
562 3520 616 3598 μίν
638 3527 722 3600 Φκμι
743 3517 818 3594 οίδιιν
841 3516 972 3583 έλιίαν
996 3517 1175 3593 κακότητος.

180 3627 231 3693 διὰ
254 3632 311 3692 τῶν
336 3627 387 3693 δύο
410 3637 438 3692 A
462 3627 622 3706 παρέκειτο
647 3625 787 3691 ἘΛΑΝ.
811 3633 962 3706 μαρτυρεῖ
981 3625 1013 3690 δέ
1035 3628 1086 3690 τὸ·

449 3729 536 3797 ίισειν
559 3732 589 3795 έν
613 3730 704 3815 Τροίῃ
726 3730 849 3812 ταχέας
873 3731 977 3803 κύνας.

177 3837 271 3910 οὕτως
295 3837 489 3917 Ἀρίςαρχος.

226 3940 439 4028 Comparandi
461 3946 536 4006 aunt
556 3941 596 4007 ad
619 3940 807 4008 eliciendam
827 3963 865 4007 ex
884 3942 936 4007 hie
954 3939 1133 4008 Aristarchi
1152 3961 1285 4007 manum
1305 3941 1367 4007 duo

180 4049 236 4116 alii
258 4071 297 4115 ex
319 4047 418 4113 iliade
440 4046 519 4112 loci:

226 4161 266 4220 T.
292 4152 368 4218 402.
394 4152 463 4216 έπεί
485 4154 522 4233 χ’
545 4152 640 4229 ἐῶμεν
664 4151 817 4228 πολέμοιο.

225 4259 388 4326 Scholion:
432 4255 594 4322 δασυντέον
636 4257 670 4321 σδ
706 4260 840 4335 ἐῶμεν.
880 4255 924 4327 ἔτι
960 4258 1022 4338 γὰρ
1058 4257 1156 4333 θίδκν
1189 4257 1364 4341 ἔχωμεν,

180 4367 442 4448 κορεσθῶμεν.
489 4363 672 4450 Hesychius
693 4364 768 4429 hinc
791 4365 907 4428 sumsit
930 4383 1042 4429 suum:

455 4473 617 4548 ’θῶμεντ
642 4465 717 4545 θδιρν
740 4466 878 4549 ἔχωμεν,
903 4469 1095 4549 κορεσθῶμεν.

1190 4579 1220 4624 νο
