3392 5186
881 337 948 405 410

320 527 440 596 edidit:
473 526 544 610 πρές
571 527 615 594 τά
638 527 705 610 περὶ
730 533 789 594 τῦν
813 527 959 608 Σειρήνων
983 525 1179 617 ,,(Σειρήνων)
1202 525 1334 596 άδινάων
1357 527 1429 610 (Od.
1454 526 1510 595 23.

322 633 432 722 326.),
460 633 621 716 Σειρήνοιῖν
644 634 717 720 (Od.
744 633 797 701 12.
823 631 903 717 52).
939 631 1000 700 Sed
1023 635 1165 702 nondum
1184 636 1229 701 sio
1250 634 1312 702 loci
1332 634 1511 701 emendatio

320 741 459 828 perfecta
489 744 546 807 est.
592 741 795 807 Aristarchus
827 739 1055 808 animadvertit
1090 763 1129 808 ex
1165 741 1311 808 dualium
1341 763 1403 808 usu
1436 743 1513 806 ύιιοε

321 850 456 935 apoiita
477 846 588 913 induci
610 844 738 913 Sirenas
762 845 820 912 Od.
847 844 901 910 12.
926 844 980 912 52.

502 951 582 1036 ύφροο
606 978 641 1018 κε
663 951 847 1035 τερπόμενος
871 952 936 1018 ιύπ’
959 950 1070 1034 άκούης
1097 953 1267 1034 Σειρήνοιῖν.

323 1063 356 1124 et
377 1081 426 1128 vs.
452 1055 529 1124 166.

505 1163 622 1242 ἐξίκετο
646 1169 716 1241 νηῦς
742 1165 869 1248 εὐεργής
893 1172 996 1242 Νῆσον
1020 1165 1194 1246 Σειρήνοι”ι”ν.

323 1276 357 1338 et
378 1271 467 1359 ipsae
489 1269 616 1338 Sirenes
638 1292 687 1339 rs.
713 1269 790 1338 185.

507 1385 565 1453 νήοο
589 1377 766 1454 κοιτάςησον
789 1375 839 1444 icc
864 1374 1051 1458 νωΐτέρην
1076 1375 1139 1443 τύπτ’
1163 1374 1310 1459 άνούσης.

323 1483 382 1551 ubi
404 1487 574 1550 annotatur
596 1485 636 1550 ad
658 1506 705 1551 vs.
732 1482 785 1549 52.
811 1477 1060 1564 Σειρήνοιΐνε
1085 1480 1131 1550 ῦτι
1155 1482 1206 1550 δύο
1230 1482 1301 1548 καθ’
1323 1482 1461 1562 Ὅμηρον
1481 1481 1515 1546 ού

326 1597 484 1668 Σειρῆνες,
509 1590 543 1654 ού
566 1599 658 1670 τρεῖς.
683 1595 716 1656 et
737 1590 777 1657 ad
800 1610 848 1656 vs.
876 1587 952 1654 185.
979 1589 1182 1672 νωϊτέρηντ
1207 1589 1258 1655 δύο
1276 1591 1440 1673 <pelvem
1462 1587 1515 1652 ιιοιδ

325 1696 471 1760 ἐντεῦθεν.
517 1697 719 1762 Aristarchus
741 1699 843 1784 igitur
865 1698 990 1762 notavit
1011 1695 1096 1762 locos
1120 1697 1290 1781 quosdam,
1314 1696 1399 1763 unde
1422 1713 1514 1779 appa·

325 1807 409 1867 reret
439 1837 459 1852 ·
472 1805 525 1867 οιῒν
556 1823 623 1868 esse
651 1801 756 1868 dualis
785 1804 930 1880 numeri,
963 1823 1101 1887 namque
1123 1804 1157 1867 in
1181 1805 1258 1867 artis
1280 1803 1415 1868 infantia
1436 1819 1516 1884 quae

325 1929 408 1974 nuno
439 1910 530 1994 pueri
560 1910 666 1974 sciunt
695 1907 869 1996 diligenter
897 1915 987 1974 erant
1018 1908 1272 1974 demonstranda.
1318 1907 1390 1974 Non
1411 1907 1519 1992 potuit

326 2013 429 2102 igitur
459 2013 567 2080 aliems
596 2015 741 2095 Σειρήνων
765 2013 895 2080 άδινάων
917 2035 1019 2100 neque
1043 2013 1231 2080 θεσπεσιάων
1254 2012 1326 2100 (Οά.
1351 2036 1387 2091 μ.
1414 2009 1517 2108 me),

326 2120 402 2204 quia
436 2118 513 2186 haec
544 2119 627 2184 nihil
662 2120 702 2186 cd
736 2139 828 2186 suam
859 2140 929 2185 rem
961 2121 1129 2186 faciebant.
1176 2119 1343 2186 Praeterea
1375 2117 1520 2198 Σειρήνων

326 2222 457 2290 άδινάων
481 2230 514 2290 et
536 2225 575 2291 de
599 2226 714 2290 duobus
736 2228 843 2311 inepte
866 2225 983 2291 dicitur
1005 2230 1038 2291 et
1057 2225 1178 2314 legitur
1197 2227 1233 2290 in
1252 2245 1290 2292 ea
1308 2231 1398 2312 parte
1419 2223 1520 2310 Odys·

326 2350 415 2406 eece,
436 2351 532 2416 quam
551 2331 755 2397 Aristarchus
773 2335 948 2418 genuinam
967 2352 1033 2397 esse
1052 2332 1200 2420 negabat.
1230 2330 1392 2416 Quidquid
1410 2333 1519 2397 autem

327 2436 437 2502 mendi
460 2437 495 2500 in
517 2437 641 2504 Scholis
663 2437 759 2512 latet.
783 2459 832 2503 res
855 2440 925 2523 ipsa
948 2437 1032 2503 clara
1055 2443 1087 2503 et
1109 2439 1277 2524 perspicua
1299 2444 1356 2503 est.

373 2541 476 2608 Miror
499 2543 720 2610 Aristarchum
744 2544 784 2609 ad
807 2553 849 2610 A.
876 2542 950 2608 104.
975 2544 1032 2608 ubi
1056 2542 1254 2609 demonstrat
1276 2539 1321 2608 ὅτι
1345 2541 1413 2623 περὶ
1439 2541 1520 2608 δνεΐν

328 2647 342 2714 t
366 2648 478 2733 λόγος,
500 2668 564 2713 non
588 2648 746 2715 addidisse
770 2654 999 2738 argumentum
1024 2669 1063 2714 ex
1085 2670 1134 2716 vs.
1162 2646 1237 2714 110.

467 2754 676 2836 οπερχύμενος
701 2754 726 2820 δ’
748 2755 811 2822 άπὸ
835 2764 961 2820 ΤΟΙΙΝ
985 2753 1085 2819 ἐσύλοο
1107 2754 1231 2836 τεύχειν
1255 2755 1351 2820 κοιλά.

370 2859 459 2926 Duas
489 2863 617 2926 tantum
647 2881 714 2927 esse
746 2852 872 2929 Sirenes
898 2860 951 2928 vel
972 2881 1075 2926 unum
1097 2881 1270 2947 pronomen
1293 2859 1431 2942 νωϊτέρην
1454 2860 1519 2926 τότ’
1590 2844 1593 2850 ’

325 2965 436 3048 άνούης
461 2968 538 3032 satis
561 2966 766 3033 demonstrat.
813 2967 1000 3053 Numquam
1022 2970 1058 3032 in
1078 2968 1129 3034 his
1146 2966 1216 3032 ulla
1234 2967 1319 3053 apud
1338 2965 1520 3033 Homerum

328 3070 487 3140 dubitatio
510 3077 567 3139 est.
614 3072 726 3160 Itaque
749 3075 785 3139 in
808 3072 868 3139 Od.
891 3082 934 3140 N.
959 3073 1036 3140 320.

509 3181 586 3244 ἄλλ’
610 3179 671 3245 ciel
695 3178 785 3263 Φρεοέ
809 3189 889 3264 ιήσιν
915 3176 995 3262 ἔχων
1019 3177 1220 3259 δεδαϊγμένον
1243 3175 1312 3261 ήτορ

510 3285 644 3364 ήλύμην.

329 3391 478 3458 continuo
518 3391 605 3458 fraus
638 3390 788 3478 perpluit.
846 3390 1008 3481 Didymus
1043 3414 1082 3458 ex
1116 3391 1316 3459 Aristarcho:
1352 3391 1521 3458 sotadeum

330 3497 477 3579 τέσοοιρες
500 3497 596 3580 τύχοι.
620 3499 635 3563 ὃ
658 3498 715 3575 μὲν
735 3504 849 3579 πρῶτος
870 3495 916 3564 ῦτι
935 3498 1004 3564 άντ)
1025 3504 1078 3565 τοῦ
1103 3499 1249 3578 ἐμῇσιν
1273 3497 1342 3579 ἔχει
1359 3497 1394 3564 rt
1417 3495 1520 3580 ήοιν,

330 3597 403 3683 ύπερ
428 3602 473 3672 ἐς)
498 3603 599 3685 τρίτον
623 3603 780 3684 τροσύπον
805 3610 961 3686 τηροῦντος
986 3605 1035 3670 atel
1059 3611 1113 3670 τοῦ
1135 3608 1258 3680 ποιητοῦ
1279 3607 1334 3680 τήν
1354 3604 1385 3668 ἐν
1404 3601 1522 3676 τούτοις

330 3707 491 3794 διαφοράν.
537 3707 725 3795 Apollonius
748 3711 784 3775 de
807 3711 985 3776 Pronomae
1009 3732 1083 3799 pag.
1111 3709 1188 3777 139.
1214 3729 1244 3776 a.
1269 3709 1304 3775 τδ
1327 3708 1429 3788 μέντοι

670 3813 747 3881 ἀλλ’
773 3816 832 3880 ciet
857 3816 964 3898 Φρεσέν
985 3813 1051 3899 ήσιν
1074 3815 1165 3896 ἔχων.

329 3927 398 3993 άντὶ
429 3926 484 3991 τοῦ
516 3921 531 3986 ἐ
538 3948 564 4000 μ
574 3927 638 3992 τοῖς
669 3919 805 4001 εύλύγως
837 3921 889 3987 ὑπ’
921 3921 1107 4003 Ἀριςάρχον
1141 3921 1338 3988 ὑπωπτεύετο
1361 3923 1401 3994 oie
1425 3921 1524 4006 νύύον,

331 4032 404 4100 acolt
428 4034 733 4096 ’An1AnTnT0c
757 4029 787 4092 ἐν
810 4029 1016 4106 άντωννμύοοις
1042 4027 1069 4115 (t
1094 4027 1247 4116 ποιητής).

376 4137 496 4204 Sumne
519 4133 625 4201 hercle
649 4154 759 4200 omnes
781 4134 927 4201 homines
949 4133 1140 4200 άδιάπτωτοι
1161 4135 1193 4200 ἐν
1211 4142 1283 4207 τοῖς
1303 4135 1524 4213 άντωννμίοοις,

331 4265 407 4312 nam
437 4245 509 4328 quis
534 4238 723 4306 mortalium
747 4263 841 4320 meuc,
877 4252 963 4320 ιντο,
997 4264 1083 4320 ενοι,
1111 4247 1228 4317 certer,
1253 4247 1346 4306 crater
1368 4260 1524 4326 umquam

331 4345 519 4417 confundet?
561 4345 624 4412 Sed
654 4346 812 4414 faciebant
840 4346 900 4414 hoc
929 4352 1081 4433 perpetuo
1110 4349 1263 4432 poetastri
1296 4345 1522 4424 Alexandrini,

331 4457 388 4544 qui
409 4451 492 4520 nihil
514 4453 550 4517 in
573 4452 624 4518 his
647 4451 836 4520 sentiebant.
883 4451 993 4519 Unum
1018 4475 1057 4520 ex
1079 4452 1248 4540 Apollonio
1270 4449 1396 4518 Rhodio
1419 4471 1526 4518 exam-
