3410 5180
894 327 961 405 tte

377 521 436 592 Fst
464 547 575 612 operae
605 528 746 614 pretium
774 526 882 593 locum
912 526 1098 594 adscribere.
1134 528 1175 594 cd
1209 528 1371 614 Aristoph.
1415 522 1523 613 repas

336 629 424 700 1272
447 639 632 701 annotatur:
660 633 835 715 Ἡλιόδωρος
860 633 945 712 μετὰ
968 635 1021 699 τθν
1043 634 1132 714 ςθχον
1155 634 1224 700 τόν·

515 749 735 820 γλωττοποιεῖν
759 741 801 814 εἰς
826 739 868 805 τα
893 739 1004 820 πορνεῖ’
1029 740 1147 806 εἰσιόνθ’
1172 737 1313 810 irrisore.

380 846 437 911 sici
467 845 555 913 τθποι
588 848 671 913 ἑπτα
703 848 827 929 ἔχοντες
859 845 980 925 ςιχμοὶς
1013 845 1064 910 καὶ
1094 846 1218 925 οθλόχιος
1245 846 1322 933 (aar
1342 844 1523 932 scripturo),

335 949 373 1018 ὦν
404 953 439 1017 ἐκ
468 954 629 1036 προχεθρον
661 953 718 1032 μὲν
749 955 842 1034 εὑρεῖν
873 952 925 1017 πθν
956 951 1049 1030 λόγον
1081 955 1134 1019 οὐκ
1164 951 1221 1021 ἔτι.
1255 953 1299 1017 τοὶ
1331 952 1363 1017 δὲ
1392 957 1524 1018 τοιαῦτα

333 1067 558 1125 nonnemo
589 1069 723 1126 ernon
755 1053 802 1126 iu
834 1057 1052 1138 οεολαμβθνο
1080 1061 1109 1124 ιν
1133 1067 1197 1131 τοῖς
1220 1067 1417 1124 urnrorc
1439 1061 1525 1124 αιτι-

333 1163 469 1248 νροθφοις
498 1165 657 1249 Φθαρέντα
687 1161 733 1231 ὅτι
760 1165 818 1244 μὲν
839 1171 980 1240 τοσαῦτα
1003 1163 1036 1240 ἦν
1059 1167 1111 1232 τθν
1134 1167 1258 1246 οθριθμὸν
1279 1165 1466 1244 γνωσθῆναι,
1490 1166 1523 1230 οὐ

333 1273 395 1350 μὴν
419 1273 500 1338 τθνα.
525 1277 558 1339 et
580 1271 682 1338 alius:
705 1272 792 1350 μετα
815 1274 921 1337 τοῦτον
944 1274 1004 1357 (vs.
1035 1269 1134 1352 1272)
1159 1271 1395 1350 διοθλειμμα
1425 1269 1524 1350 siper

336 1375 455 1464 (ἑπτοθ).
475 1417 517 1428 -
535 1379 621 1457 μετὰ
652 1377 683 1444 δὲ
715 1377 751 1443 τὸ
781 1377 958 1456 διάλειμμα
986 1379 1015 1442 ἐν
1039 1385 1165 1452 πολλοῖς
1189 1377 1318 1460 φέρεται
1341 1379 1431 1460 ςθχος
1457 1379 1525 1444 xri.

241 1531 243 1536 -
335 1483 458 1572 Magna
479 1485 594 1550 lacuna
615 1487 650 1548 in
673 1483 799 1551 aureolo
822 1483 1029 1570 Hippocratis
1047 1484 1158 1550 libello
1176 1485 1243 1566 περὶ
1262 1484 1369 1564 ἀέριον,
1391 1483 1526 1568 ὑδάτων,

334 1589 436 1658 τθπον
457 1589 628 1672 Gelenum
658 1591 737 1658 alias
766 1613 815 1656 res
846 1595 994 1678 agentem
1017 1591 1142 1657 fefellit.
1165 1591 1232 1658 vid.
1256 1593 1399 1658 Marmor.
1425 1589 1525 1656 1860.

381 1804 490 1870 Etiom
520 1804 599 1870 alibi
630 1806 663 1868 in
695 1803 840 1869 Midicca
871 1824 946 1891 pag.
980 1802 1055 1870 522.
1082 1802 1124 1868 10
1148 1803 1299 1889 deprensa
1321 1803 1435 1870 lacuna
1459 1807 1525 1882 est;

337 1915 369 1976 et
391 1915 467 1976 sunt
488 1909 666 1996 complures
688 1908 769 1975 aliae
792 1909 870 1976 alibi
893 1914 925 1974 et
948 1910 1032 1994 apud
1055 1910 1143 1976 elios.

382 2017 532 2103 Superest
561 2019 596 2082 in
626 2015 851 2082 Demosthenis
882 2016 952 2081 loeo
984 2016 1147 2081 mendum.
1194 2015 1328 2082 Editur:
1352 2013 1391 2081 νῖν
1413 2015 1441 2080 τ’
1465 2015 1528 2093 ἐγὼ

338 2129 387 2207 Φῶ
412 2121 451 2188 ἄν
472 2146 508 2188 τε
531 2123 575 2202 μὴ
598 2129 649 2202 oct
672 2123 767 2204 Φησὶν
791 2117 886 2200 εἶναι,
909 2122 967 2187 ubi
990 2121 1127 2188 olorum
1149 2124 1201 2204 Φῶ
1225 2121 1395 2188 delendum
1419 2127 1468 2187 est
1488 2143 1530 2188 ox

338 2231 448 2296 Attica
478 2229 603 2296 dicendi
632 2227 876 2306 consuetudine,
909 2232 947 2292 ut
975 2229 1011 2293 in
1041 2227 1079 2293 ἄν
1109 2253 1145 2293 τε
1177 2227 1325 2307 βούλησθ’
1351 2227 1528 2306 derepit.

338 2335 507 2404 Praetereo
528 2333 655 2401 tollitur
677 2334 713 2399 σθ
736 2333 913 2416 κακθφωνον
936 2337 971 2399 in
992 2339 1043 2416 Φοῖ
1067 2333 1172 2416 φησίν.

383 2547 465 2634 Peg.
499 2543 575 2610 583.
608 2542 661 2609 12.
695 2565 734 2609 er
757 2541 780 2608 8
803 2545 993 2629 receperim:
1019 2545 1092 2624 παρ’
1113 2542 1198 2609 αὐτοὶ
1223 2543 1447 2622 τάδικήματα,
1472 2544 1531 2609 ubi

339 2653 395 2719 alii
416 2657 488 2739 post
511 2649 596 2716 αὐτοὶ
620 2649 735 2716 inutile
753 2648 811 2728 μέν
829 2651 991 2734 inserunt,
1011 2655 1044 2715 et
1062 2670 1136 2737 pag.
1158 2647 1233 2715 588.
1255 2647 1309 2715 85.
1329 2651 1529 2736 scripserim:

340 2755 407 2822 ἐπεὶ
431 2764 488 2822 ΔΕ
511 2775 568 2842 pro
592 2755 695 2830 ἐπειδὴ
716 2755 747 2824 δέ
768 2761 800 2822 et
824 2757 858 2819 in
881 2753 904 2821 S
927 2755 1042 2832 ἐπειδή.

384 2966 466 3054 Peg.
499 2963 575 3032 585.
609 2962 661 3032 17.
693 2961 751 3031 εἶτ’
782 2965 835 3048 ἐφ’
868 2961 887 3047 ᾗ
917 2964 1007 3050 οὶθεθρι
1037 2964 1125 3031 αὐτοὶ
1156 2965 1316 3045 πορεύεσθε
1346 2966 1464 3043 ταύτην
1495 2969 1532 3033 οὐ

338 3073 574 3152 βεβαιώσαντες
606 3071 672 3148 ἐμοὶ
704 3070 878 3150 tioterici&
910 3071 1001 3137 Libri
1032 3092 1142 3136 omnes
1169 3070 1203 3147 ἣν
1236 3071 1342 3138 ἄδειαν
1365 3073 1530 3140 mendose.

338 3179 457 3246 Reiske
480 3179 649 3244 substituit
671 3177 837 3255 dativum,
862 3196 958 3262 quem
980 3175 1124 3243 Dindorf.
1148 3181 1278 3264 recepit.
1312 3177 1442 3246 Nollem
1466 3179 1534 3245 fac·

338 3292 421 3354 tum.
469 3282 584 3352 Graeci
614 3283 761 3349 dicebant
790 3283 838 3348 ἐπ’
869 3283 995 3359 citetur,
1028 3282 1079 3347 ἐπὶ
1110 3291 1227 3359 πολλοῖς
1258 3285 1383 3362 dirior,
1413 3291 1452 3350 ut
1479 3285 1530 3349 ἐπ’

339 3392 489 3472 ἐξουσθας.
535 3390 622 3478 Εοςο
643 3389 846 3456 scribendum
870 3389 922 3472 ἐφ’
945 3387 979 3465 ἧς
1003 3388 1120 3463 ἀδείας.

384 3601 465 3690 Peg.
491 3599 566 3666 585.
592 3597 644 3664 26.
672 3597 725 3663 triv
748 3622 783 3663 τε
806 3597 974 3671 διακοσθονς
1000 3595 1053 3662 εὀθν
1077 3620 1112 3662 τε
1135 3597 1255 3680 χιλίους
1280 3596 1334 3664 loir
1356 3599 1382 3664 θ’
1402 3597 1530 3673 ὁπόσους

337 3704 414 3773 *AN
439 3707 455 3781 θ
481 3704 570 3779 πθλις
593 3704 716 3785 nattes.
764 3702 866 3770 Scrib.
890 3705 1091 3769 θποσονσΔΗ.

385 3917 466 4004 Pag.
498 3911 575 3980 586.
607 3910 636 3980 7.
671 3913 761 3992 ὑμεῖς
792 3912 846 3979 ἐθιν
876 3911 1037 3991 βεβαιῶτε
1069 3912 1181 3980 αὐτοὺς
1215 3909 1297 3999 (τοὺς
1330 3911 1452 3994 νόμους)
1475 3916 1531 3981 καὶ

340 4021 503 4106 παρέχητε
526 4018 640 4101 nostros
663 4017 712 4084 θεῖ
735 4019 778 4100 τῷ
802 4019 941 4100 δεομένῳ.
977 4020 1053 4084 Ecce
1074 4018 1183 4084 ν’θοννιιι
1209 4018 1371 4102 Oricpioua.
1406 4017 1532 4088 Iterum

341 4137 509 4215 transpone
531 4129 574 4208 τῷ
598 4125 646 4192 risi
670 4123 808 4206 δεομένῳ.
845 4124 907 4190 Sed
931 4125 1114 4210 obloquitur
1136 4123 1323 4190 Sohaefenrs
1342 4125 1533 4193 admonens:

345 4259 440 4315 „cave
468 4236 571 4299 credor
599 4234 677 4297 θοιοιο
701 4231 833 4297 ordinem
856 4254 916 4297 ccco
931 4230 1144 4315 perpetuum,”
1168 4235 1200 4297 et
1222 4231 1343 4297 indicat
1365 4230 1450 4299 locos
1473 4233 1531 4299 ali·

344 4346 422 4429 quot
454 4344 627 4425 corruptos.
673 4337 804 4405 Poterat
834 4337 948 4404 addere
978 4342 1158 4417 sexcentos,
1192 4337 1247 4404 sed
1277 4337 1355 4422 quid
1383 4337 1534 4424 prodest?

343 4447 416 4518 Non
453 4447 569 4534 pendet
603 4466 640 4511 ea
673 4447 885 4512 controversie
920 4465 957 4510 er
992 4446 1185 4511 testimoniis
1218 4443 1376 4512 librorum
1406 4445 1462 4512 sed
1494 4467 1536 4514 er
