3358 5200
740 419 782 492 83

154 637 197 681 rc
232 615 406 704 colligitur.
453 615 647 703 Necopiuslo
678 637 752 682 cum
786 617 919 682 infesto
935 621 1076 684 exercitu
1107 617 1196 684 adest
1225 625 1257 686 et
1282 619 1359 686 hoec

154 725 308 788 minacis
336 723 433 788 verbe
459 725 552 789 iacit:
586 731 668 802 „aut
691 723 771 788 οούοέ
793 730 846 786 ccl
868 722 942 786 mihi
957 724 1169 820 pereunduffl,
1194 726 1233 791 de
1256 725 1359 792 salute

157 831 229 894 erit
251 828 359 906 nobis,
383 846 446 892 non
469 829 507 894 de
530 831 664 916 imperio
689 829 925 907 dimicandum,
947 835 980 896 el
998 833 1036 894 ul
1054 832 1220 916 proverbio
1240 833 1358 898 dicitur

158 1047 256 1106 trum
279 1039 400 1106 delebo.
449 1039 532 1120 Quid
555 1047 604 1106 est
624 1043 727 1129 igitur
750 1039 1003 1106 restituendum?
1027 1040 1115 1106 Duas
1137 1041 1282 1110 literules
1305 1045 1358 1109 ed·

158 1147 241 1212 dere
264 1147 339 1210 salis
359 1151 424 1211 esl:
456 1146 540 1222 δεῖή
565 1147 693 1220 ἐκείνους
717 1148 747 1211 ἕν
772 1146 908 1228 Ὀλύνύιρ
939 1147 983 1224 μή
1017 1148 1107 1212 οίκεῖν
1131 1147 1148 1222 sl
1174 1149 1266 1213 αύτύν
1291 1159 1355 1215 ΜΗ

159 1255 195 1316 ἕν
222 1252 409 1336 Μακεδονίᾳ.
456 1249 539 1316 sunt
568 1252 646 1318 haec
671 1256 716 1318 sic
746 1255 824 1318 sctis
855 1251 1064 1339 credoplene
1087 1259 1235 1320 ederunt
1258 1258 1356 1321 etiem

157 1359 309 1445 planiora
339 1361 366 1424 si
397 1361 628 1443 comparaveris
657 1381 729 1447 pag.
758 1357 832 1423 134.
858 1355 912 1424 23.
939 1355 991 1424 70.
1019 1359 1069 1424 10.
1096 1361 1121 1423 εί
1145 1360 1209 1442 γὰρ
1231 1363 1354 1444 Ἀμφί-

158 1481 255 1531 πολιν
278 1467 329 1530 καί
355 1465 521 1532 Ποτίδαιαν
544 1473 663 1546 προεῖτο
687 1465 747 1530 οὐδ’
772 1465 809 1530 ἂν
831 1465 860 1528 ἐν
881 1465 1058 1548 Μακεδονία
1077 1465 1178 1545 μένειν
1198 1469 1353 1548 α’τφαλῶς
1388 1451 1390 1456 ,

160 1575 304 1650 ἡγεῖται.

209 1786 287 1875 Peg.
313 1785 389 1852 116.
416 1786 469 1853 10.
493 1790 598 1866 σολλῷ
622 1786 859 1867 παραδοξότερον
884 1785 917 1862 ήν
940 1791 1080 1852 τοσοῦτον
1105 1787 1198 1852 αύτδν
1217 1787 1353 1876 (Philip-

155 1895 253 1980 pum)
278 1894 312 1971 ἐξ
336 1895 447 1960 ἐκείνου
472 1894 612 1974 γενέσθαι
638 1895 654 1970 sl
680 1898 730 1957 νῦν
754 1889 795 1958 ὅθ’
819 1890 895 1958 ούτυ
920 1893 1026 1958 πολλοὶ
1050 1893 1220 1975 προείληφε
1240 1895 1292 1960 καί
1311 1895 1354 1960 τοὶ

156 2001 258 2065 λοιποὶ
293 2001 351 2082 ὑφ’
385 2001 468 2079 αύτῷ
506 2002 707 2076 τοιήολσύαι.
756 1999 835 2080 Quis
865 2002 1051 2085 praesertim
1080 1999 1262 2065 admonitus
1290 2021 1354 2066 non

155 2109 311 2172 continuo
335 2105 563 2173 animadvertit
585 2107 774 2181 ποιήσεσθαι
797 2127 910 2172 verum
934 2103 1023 2172 esee?
1045 2105 1169 2191 Nempe
1189 2105 1227 2172 de
1239 2106 1354 2194 fulcri

155 2210 240 2276 belli
262 2217 380 2277 eventu
404 2212 481 2278 hoec
505 2211 699 2299 dicipulum
723 2216 780 2278 esi.

205 2425 285 2512 Peg.
307 2424 384 2490 118.
405 2422 460 2491 28.
479 2420 538 2489 ύσα
559 2463 601 2474 -
623 2423 762 2505 ἔπασχον
783 2426 808 2490 οί
826 2423 978 2498 Ἕλληνες
999 2424 1074 2489 ἀλλ’
1088 2421 1137 2490 οὖν
1151 2423 1206 2489 ύτδ
1220 2423 1351 2502 γνησίαν

153 2533 193 2609 7⁸
224 2529 313 2595 ὄντων
344 2541 401 2606 τής
420 2529 572 2604 Ἑλλοίδος
598 2530 768 2608 ήδικοῡντο,
790 2568 833 2579 -
853 2528 951 2610 ὥσπερ
977 2529 1014 2596 ἂν
1037 2531 1063 2596 εί
1088 2529 1148 2601 υίὸς
1172 2531 1240 2595 'eN
1263 2530 1352 2614 ούτίρι

154 2647 262 2716 πολλή
287 2639 421 2716 γεγονὼς
445 2638 595 2722 [γνήσιος]
620 2637 717 2720 διῴκει
740 2661 770 2701 τι
790 2639 834 2715 μή
855 2643 966 2708 καλῶς.
1003 2635 1147 2702 Emenda
1164 2637 1242 2702 'en’
1262 2636 1351 2720 ούσίρι

153 2753 261 2824 πολλή
287 2751 362 2809 noto
384 2765 446 2809 usu
468 2763 525 2828 pro
545 2767 716 2824 ννορνιονυνι
734 2744 911 2807 diviciarum
929 2744 1012 2808 heres
1030 2743 1193 2828 aliquando
1203 2743 1348 2828 sciurus,

153 2868 221 2936 quo
260 2849 343 2914 facto
378 2850 493 2914 inutile
528 2849 650 2926 γνήσιος
687 2871 726 2914 ex
761 2848 1020 2935 praecedentibus
1055 2847 1140 2912 male
1176 2851 1349 2933 repetitum

151 2975 314 3042 expungo.
361 2953 468 3021 lseeus
497 2975 572 3042 pag.
604 2953 658 3020 80.
689 2955 720 3021 2.
754 2957 771 3030 ή
803 2955 902 3032 μήτηρ
936 2957 952 3028 ή
985 2955 1045 3032 ἐμή
1076 2955 1144 3018 ἘΝ
1180 2951 1274 3017 τουτὶ
1305 2954 1347 3032 τῷ

152 3061 226 3142 οἴκῳ
249 3061 408 3140 ἐπίκληρος
432 3061 573 3139 ἐγένετο,
599 3063 652 3126 eui
674 3060 729 3126 ε’πί
749 3061 889 3126 reddidit
911 3059 1139 3126 Valckenarius
1161 3058 1201 3124 ed
1226 3055 1344 3124 Herod.

150 3164 225 3230 VII.
259 3163 347 3238 224„
377 3163 534 3252 Compare
555 3167 664 3232 locum
685 3165 766 3233 lseei
788 3187 862 3253 ρας.
887 3163 941 3230 82.
966 3166 996 3231 1.
1021 3171 1084 3238 τῶς
1107 3167 1161 3230 ούιο
1184 3165 1344 3245 ἐτίκλήρος

153 3267 191 3347 ἦν
215 3271 267 3336 ἐπὶ
291 3273 407 3344 τούτοις
432 3281 495 3344 τοῖς
514 3273 674 3352 χρήμασιν
699 3273 716 3347 ἡ
741 3273 799 3350 ἐμή
824 3272 941 3356 μήτνρ;

200 3483 259 3550 Est
288 3484 377 3549 locus
406 3505 480 3573 ρος.
515 3482 590 3550 119.
620 3481 764 3549 14-19.
799 3485 834 3547 in
858 3481 882 3548 S
905 3483 1042 3548 omissus
1064 3487 1097 3548 el
1119 3503 1218 3548 manu
1240 3502 1346 3548 recen-

152 3593 236 3658 tiore
265 3593 300 3655 in
329 3592 474 3678 margine
505 3590 647 3668 additus,
680 3592 736 3674 qui
765 3610 818 3654 me
848 3589 954 3654 iudice
985 3593 1071 3654 tolus
1101 3590 1291 3654 reiiciendus
1314 3592 1347 3653 el

149 3696 342 3762 resecandus
365 3702 413 3761 est
436 3702 473 3760 nt
496 3696 536 3762 eb
555 3694 696 3761 Oratoris
719 3697 875 3761 sententie
897 3715 1024 3780 prorsus
1044 3695 1222 3760 abhorrens.
1242 3695 1274 3758 τί
1289 3701 1345 3769 τής

149 3801 297 3880 ἐσχάτοις
321 3799 436 3881 ὕβρεος
460 3802 641 3880 οὶτολείσει;
669 3799 837 3866 exclamat.
864 3802 896 3865 ού
919 3799 1016 3874 τίίνσι
1041 3801 1098 3877 μὲν
1121 3799 1165 3864 τοὶ
1184 3800 1281 3865 Πύθια
1302 3837 1343 3848 -

149 3907 213 3973 κᾶν
233 3909 327 3979 αὐτὸς
351 3910 396 3986 μή
416 3919 499 3989 παρή
520 3908 588 3978 τοὺς
610 3907 731 3978 δούλους
750 3897 1035 3984 ἀγωνοθετήσοντας
1055 3905 1191 3986 τέρπευ
1205 3903 1344 3992 Insignis

149 4011 310 4098 quaedem
341 4015 419 4080 hoec
448 4021 496 4080 est
527 4011 721 4080 Graecorum
751 4013 871 4078 iudicio
903 4011 1097 4079 contumelia
1121 4025 1154 4076 et
1175 4010 1344 4076 insolentis

150 4125 186 4184 et
216 4123 398 4208 arrogantis
427 4126 459 4186 ct
489 4120 706 4204 impudentis:
731 4115 846 4196 ίλείρος
870 4118 1022 4183 Μακεδὼν
1045 4119 1142 4190 τίθησι
1166 4115 1209 4180 τοὶ
1232 4116 1342 4181 Πύθια.

150 4223 217 4288 Sed
251 4225 324 4289 vide
359 4224 437 4310 quid
471 4231 638 4310 sequetur:
675 4222 772 4303 κύριος
808 4225 839 4288 δὲ
875 4229 983 4290 Πυλῶν
1017 4222 1069 4286 καί
1101 4228 1160 4286 τῶν
1190 4220 1241 4286 eorl
1271 4221 1341 4292 τοὺς

147 4331 310 4404 Ἕλληνας
336 4331 473 4411 ταρίδυν
496 4333 541 4400 lei
567 4331 617 4394 καί
643 4337 785 4409 Φρουραῖς
811 4330 863 4394 καὶ
885 4328 977 4407 ξένοις
998 4328 1067 4398 τοὺς
1087 4325 1198 4398 τύπους
1219 4326 1343 4399 τούτους

152 4435 297 4514 κατέχει.
346 4437 418 4502 Non
442 4443 490 4502 est
511 4437 588 4502 haec
611 4435 763 4521 Philippi.
778 4433 884 4516 ὕβρις,
909 4441 947 4501 ul
970 4437 1097 4522 opinor:
1122 4435 1176 4500 sed
1200 4430 1344 4512 ύβριςικοί

152 4545 232 4606 sunl
254 4561 332 4627 quse
356 4547 427 4629 post
450 4541 559 4608 locum
581 4541 808 4627 interpolatum
829 4545 1022 4626 sequuntur:
1041 4541 1160 4622 γράφει
1178 4538 1209 4602 δὲ
1224 4547 1344 4601 Θεττα-

1161 4648 1177 4693 ε
