3208 5158
718 383 782 451 241

157 580 212 644 cni
245 576 360 645 Graeci
391 594 448 661 per
476 574 665 640 derisionem
686 574 937 664 Agememnonis
961 594 995 640 se
1018 572 1119 642 filiem
1143 578 1254 644 eodem
1276 577 1348 668 lege

157 683 289 750 doluros
311 679 502 767 pollicentur
523 701 570 745 rs.
598 678 675 746 378.

295 788 398 864 δοῖμεν
419 785 448 850 δ’
473 785 635 863 ’Λτρεόδαο
660 787 817 867 θυγατρῶν
839 781 919 858 εἶδος
943 785 1049 864 άρθςνιν

279 893 411 973 Ἀργεος
437 891 650 970 ἐξαγαγόντες
674 891 830 970 όπυιόμεν.

294 1000 370 1063 άλλ’
392 995 485 1076 ἕπευ,
509 996 578 1078 ὄφρ’
601 997 651 1063 ἐπὶ
677 1000 760 1074 νηυσὶ
786 997 944 1076 συνόμεθα
968 997 1190 1080 ποντοπόροισιν

295 1103 382 1185 rinc)
405 1103 522 1189 γάμιρ,
546 1102 613 1168 ἐπεὶ
637 1103 717 1169 οότοι
742 1104 884 1170 ἐεδνωταὶ
908 1103 998 1170 κακοί
1020 1105 1116 1184 εἶμεν.

202 1207 351 1276 Scholion
373 1209 413 1275 cd
435 1229 482 1275 vs.
508 1206 584 1275 366.
615 1209 815 1276 άνέεδνονε
849 1211 866 1285 ό
890 1209 984 1284 διπλοῖ
1008 1205 1054 1276 ότι
1084 1209 1177 1276 ἕδνα
1207 1209 1343 1278 ἐδόδοσαν

154 1319 180 1383 ol
212 1313 439 1393 μννςευόμενοι.
469 1313 511 1380 διδ
543 1311 627 1386 οὗτος
659 1316 869 1397 ὑποσχόμενος
901 1314 1059 1394 ἕξελάσειν
1085 1315 1155 1391 τοὺς
1180 1315 1341 1393 Ἐλληνας

153 1422 290 1488 άνόεδνον
313 1423 398 1488 αἰτεῖ
416 1423 471 1496 τὴν
495 1421 707 1501 Κασσάνδραν.
728 1428 761 1489 ei
784 1423 823 1488 ad
845 1443 894 1488 vs.
921 1421 996 1487 ³82.
1023 1423 1231 1489 ἒεδνυταόε
1258 1426 1274 1497 ό
1299 1421 1342 1487 δι-

153 1537 219 1602 πλῆ
251 1523 297 1592 ότι
329 1525 422 1592 ἕδνα
454 1529 590 1592 ε’δόδοσαν
626 1529 652 1593 ol
688 1528 915 1606 μνιιςευόμενοι.
950 1528 1092 1594 ἐεδνωταὶ
1129 1530 1159 1595 δὲ
1195 1529 1340 1608 aelewi,

153 1621 296 1715 πενθεροό.
330 1630 411 1698 οὗτοι
441 1634 504 1714 γάρ
536 1635 578 1698 τά
611 1630 682 1700 ἕδνα
704 1636 791 1717 παρά
815 1641 873 1700 τῶν
896 1635 1123 1713 μννιςευομόνοον
1147 1635 1338 1717 ἐνεδέχοντο,

150 1741 218 1830 leg.
243 1739 416 1821 Ἐδόχοντο.

197 1847 289 1930 nied.
313 1857 353 1912 Π.
381 1845 455 1912 190.

333 1951 474 2032 ἠγάγετο
499 1952 569 2030 πρὸς
595 1950 712 2031 δώματ’
738 1953 804 2017 ἐπεὶ
828 1953 899 2034 πόρε
923 1953 1006 2034 μόρι’
1029 1951 1125 2019 ἔεδνα.

150 2060 190 2127 cf.
216 2057 322 2126 Schol.
345 2058 394 2124 cd.
417 2079 463 2124 vs.
492 2055 565 2124 178.

194 2165 285 2232 llind.
309 2177 347 2232 Χ.
375 2163 452 2232 472.

466 2266 517 2336 ότε
540 2294 593 2350 μιν
616 2272 804 2353 κορυθαίολος
828 2268 963 2350 ἠγάγεθ’
984 2272 1104 2351 Ἕκτωρ

329 2379 362 2443 lx
386 2377 479 2454 δόμου
504 2379 661 2450 Ἠετίωνος
686 2377 751 2442 ἐπεὶ
776 2375 848 2456 πόρε
872 2375 953 2455 μόρι’
976 2375 1074 2446 ἔεδνα.

194 2484 471 2564 Quemadmodum
493 2485 532 2549 de
555 2505 667 2569 sponso
686 2485 805 2550 dicitnr
824 2483 895 2562 πόρε
915 2482 999 2564 μόρι’
1021 2481 1127 2562 ἔεδνα,
1147 2485 1193 2548 sic
1216 2483 1334 2550 dicitur

149 2590 187 2655 de
209 2592 249 2655 iis
272 2591 328 2674 qui
351 2587 454 2654 filiam
477 2587 639 2654 eloceruni
661 2588 775 2676 Odyss.
803 2599 840 2654 0.
866 2587 941 2656 367.

280 2696 335 2772 τὴν
358 2695 415 2772 μὲν
437 2693 546 2760 ἔπειτα
571 2695 717 2772 Σάμηνδε
741 2694 835 2760 δόσαν
857 2695 910 2759 καὶ
942 2694 1048 2776 μόρι’
1081 2691 1229 2760 ἕλοντο.

147 2801 181 2867 id
204 2806 252 2867 est
274 2801 370 2880 μόρια
393 2798 464 2866 ἕδνα
489 2800 539 2866 ἐπὶ
563 2811 601 2883 τῇ
622 2801 750 2880 θυγατρὶ
777 2799 902 2879 ἔλαβον.

190 2907 281 2973 nied.
306 2918 343 2972 X.
368 2905 410 2972 51

280 3012 387 3078 πολλοὶ
411 3011 475 3092 γάρ
496 3011 603 3078 όπασε
627 3011 723 3094 παιδὶ,
739 3012 833 3092 γὲριον
857 3012 1064 3091 ὀνομάκλυτος
1083 3017 1217 3088 Ἀλτνις.

191 3117 357 3184 Scholion:
390 3119 525 3194 ἧδιπλῆ
549 3115 595 3186 ότι
619 3121 645 3184 cl
670 3117 801 3200 πατέρες
826 3125 895 3192 ταῖς
921 3118 1092 3201 θυγατράσι
1117 3119 1332 3197 γαμουμέναις

146 3224 223 3305 δῶρα
245 3233 408 3308 παρεῖχον.

507 3332 568 3411 ε’γόο
593 3331 619 3397 δ’
643 3329 694 3395 ἐπὶ
717 3330 827 3408 μεόλια
850 3329 942 3395 δόσιν.

189 3435 281 3503 nied.
315 3446 350 3500 Χ.
385 3435 438 3502 88.
470 3437 532 3502 οὐδ’
556 3435 674 3517 άλοχος
705 3435 893 3516 πολόδινροςῐ
927 3438 944 3511 ἦ
969 3435 1062 3510 διπλῆ
1090 3433 1136 3501 ότι
1160 3434 1253 3502 ἕδνα
1275 3437 1331 3501 ie!-

147 3541 236 3606 δοσαν
266 3543 292 3606 οἱ
324 3542 454 3606 παλαιοὶ
487 3551 557 3613 ταῖς
589 3541 763 3622 θυγατράσι
800 3542 853 3606 καὶ
889 3541 1117 3620 πολόδυρον
1152 3542 1241 3620 λέγει
1276 3545 1331 3618 slis

146 3647 375 3713 πολόεδνον.

189 3752 279 3820 Adde
310 3754 361 3818 his
383 3773 464 3840 qnee
486 3774 525 3819 cx
548 3754 731 3821 Aristarcho
754 3751 936 3840 Hesychius
959 3754 1113 3820 servavit:
1135 3753 1260 3820 Ἐδναε
1286 3757 1330 3821 τά

27 3895 30 3904 ·
146 3859 202 3924 ori
233 3865 291 3923 τῶν
322 3860 478 3938 μνησόρυν
508 3867 578 3932 ταῖς
606 3859 845 3939 μνηςευομόναις
868 3858 1019 3937 διδόμενα.
1054 3858 1201 3934 μεόλια
1232 3860 1263 3925 δὲ
1287 3861 1330 3926 τά

146 3965 201 4030 ὑπό
233 3971 292 4030 τῶν
322 3966 434 4044 γονόονν
468 3973 538 4038 ταῖς
575 3965 801 4043 γαμουμέναις.
849 3963 940 4030 Idem
974 3966 1009 4029 in
1042 3986 1073 4029 ν.
1116 3964 1329 4031 Ἀνάεδνον

146 4069 243 4150 (male
274 4092 331 4156 pro
361 4072 524 4156 οἱνόεδνον);
551 4109 592 4122 -
625 4069 718 4138 ἕδνα
741 4070 787 4138 ἐς)
811 4070 853 4133 τά
877 4069 932 4149 πρό
956 4075 1014 4134 τῶν
1037 4067 1150 4147 γάμων
1173 4077 1244 4143 ταῖς
1268 4095 1331 4151 γα·

144 4179 268 4252 μεῖσθαι
292 4176 482 4255 μελλοόσαις
507 4177 593 4260 παρά
613 4182 671 4243 τῶν
690 4177 846 4255 μννςόρων
869 4175 1010 4252 διδόμενα
1031 4174 1118 4251 δῶρα.
1142 4172 1191 4242 Os.
1216 4177 1329 4266 Elym.

144 4283 190 4349 M.
212 4305 244 4350 v.
267 4283 408 4348 Ἐδνατ
432 4285 475 4350 τά
499 4284 555 4363 πρό
580 4287 634 4349 τοῦ
658 4281 765 4362 γάμου
789 4281 846 4348 όπό
865 4286 918 4348 τοῦ
938 4282 1070 4361 νυμφόου
1090 4280 1233 4360 διδόμενα
1251 4284 1330 4366 δῶρα

144 4398 182 4471 τῦ
208 4389 325 4472 νόμΦμ.
350 4394 383 4455 ct
406 4389 552 4456 Eusloth.
578 4390 617 4456 cd
638 4388 751 4476 Odyss.
774 4389 812 4454 A.
839 4385 915 4456 277.
939 4407 1012 4475 pag.
1040 4385 1145 4472 1417,
1171 4387 1223 4455 12.
1247 4391 1273 4457 ol
1298 4389 1330 4455 δὲ

1157 4497 1184 4542 ιε
