3392 5186
891 353 956 422 428

306 545 341 609 in
361 541 569 630 Theophrasti
592 545 725 610 θήσουσι.
750 542 838 609 ΧΙΧ.
862 565 902 610 ex
920 543 1081 630 praeclare
1098 543 1257 610 Bodhemi
1279 547 1501 614 emendatione

306 649 515 726 ἀναπόνιπτος
540 651 571 715 έν
595 657 658 724 τοῖς
683 651 821 733 ςριίιμασι
846 671 902 736 pro
925 650 1163 724 dunelmenses.

353 857 413 924 Od.
439 883 470 924 τ.
494 856 573 926 283.

534 965 608 1030 αλλ’
633 961 695 1044 ἄρα
717 987 756 1030 τοι
780 962 816 1028 τί
840 987 880 1040 γε
904 962 1014 1044 κέρδιον
1039 963 1145 1029 είσατο
1168 966 1263 1045 θυμῷ.

352 1069 470 1136 Misere
504 1075 638 1137 venetus
668 1069 775 1148 loeus,
799 1091 937 1157 nemque
960 1072 1081 1138 σείσατο
1105 1077 1161 1136 eut
1184 1073 1319 1138 ἐεείσατο
1350 1072 1500 1140 Homeri·

307 1197 382 1242 oum
406 1183 453 1242 est
475 1197 531 1262 pro
555 1175 652 1253 ἔδοξε,
677 1197 740 1242 non
763 1175 879 1242 είσατο.
914 1177 964 1242 Ex
984 1177 1146 1244 similibus
1166 1179 1251 1264 opud
1270 1183 1400 1264 poetam
1420 1179 1499 1246 loeis

305 1284 438 1350 ooniioio
461 1282 664 1348 scribendum
688 1301 754 1347 esse
778 1283 812 1348 in
836 1284 921 1348 hune
948 1284 1104 1349 modum:

512 1388 588 1452 αλλ’
612 1385 673 1468 θρα
699 1411 737 1454 τοι
763 1387 799 1453 τί
822 1412 861 1465 γε
884 1387 1004 1455 σείσατο
1027 1389 1138 1472 κέρδιον
1162 1385 1249 1455 εἶναι.

306 1497 344 1558 ut
366 1495 401 1558 in
423 1497 498 1560 noto
520 1491 699 1560 versiculo:

512 1594 567 1663 ὦδε
591 1597 624 1665 δέ
645 1622 683 1664 τοι
709 1598 861 1681 Φρυνέοντι
886 1599 1040 1667 δοοίσσατο
1064 1601 1174 1684 κέρδιον
1198 1597 1290 1672 εἶναι.

354 1805 414 1873 Od.
437 1816 475 1873 T.
495 1804 573 1873 215.

490 1912 551 1979 οὐδ’
574 1910 668 1978 θπιδα
689 1910 847 1994 τρομέουσι
871 1913 957 1977 θεῶν·
981 1912 1128 1992 μεμοίασι
1152 1913 1215 1996 γὰρ
1238 1914 1293 1991 ήδη

490 2021 642 2097 κτήματα
665 2017 848 2084 δοίσσλσθαι
876 2017 928 2094 δήν
950 2019 1119 2100 οἰχομένοιο
1141 2019 1299 2093 εοίναιιτοι.

310 2125 387 2210 qnid
419 2126 463 2190 sit
492 2123 666 2212 legendnm
693 2143 750 2209 pro
773 2124 949 2190 δάσσασθαι
973 2124 1008 2188 hi
1031 2124 1094 2191 looi
1116 2127 1340 2193 monstrabunt
1363 2137 1396 2192 B.
1422 2123 1498 2190 543.

309 2237 475 2310 μεμαῶτες
507 2228 614 2311 ῥήξειν.
646 2237 693 2294 Μ.
728 2227 805 2297 197.
836 2229 987 2308 μέμασαν
1021 2229 1160 2312 -ρίήξειν,
1193 2241 1233 2297 Ν.
1258 2230 1343 2298 214.
1374 2232 1500 2310 μενοίνα

309 2336 452 2402 αντιοίαν.
477 2345 509 2404 Ξ.
537 2333 591 2400 88.
616 2335 755 2415 μέμονας
780 2338 979 2418 καλλείψειν.
1003 2346 1042 2402 Ο.
1069 2335 1144 2404 105.
1164 2337 1314 2417 μέμαμεν
1333 2361 1500 2404 καταπαυ-

309 2441 414 2522 σέμεν.
439 2465 466 2508 ο.
496 2440 575 2508 521.

976 2549 1106 2627 μέμονέν
1129 2573 1165 2615 τε
1186 2548 1313 2627 μοίλιςα

420 2651 528 2734 μητέρ’
554 2654 630 2733 έμήν
653 2653 827 2734 γαμέειν
850 2655 902 2720 καί
930 2653 1099 2730 Ὀδυσσῆος
1123 2657 1218 2738 γέρας
1241 2653 1359 2732 ἕξειν.

357 2770 393 2827 Φ.
419 2758 496 2825 481.

446 2872 509 2939 πῶς
533 2865 564 2930 δέ
588 2865 626 2930 σὺ
651 2870 701 2931 νῦν
724 2865 882 2946 μέμονας,
909 2865 979 2932 οινόν
1001 2864 1120 2945 οίδιεές,
1143 2866 1224 2932 ἀντί’
1249 2868 1332 2944 ἐμεῖο

445 2974 610 3052 ςήσεσθαι;

354 3077 465 3166 Itnque
483 3084 554 3147 tuto
574 3079 754 3146 δοίσσεσθαι
772 3099 972 3167 reponemus.
1008 3078 1109 3146 Vetus
1126 3078 1281 3145 mendum
1300 3083 1357 3144 est.
1393 3076 1499 3164 Hesy-

311 3185 403 3253 ohins

673 3301 701 3357 Δ
713 3291 913 3358 ασασθαιτ
937 3293 1130 3371 μερίσασθαι.

357 3397 608 3466 Tormineiionos
637 3401 671 3464 in
703 3399 828 3464 -ασθαι
853 3407 886 3465 et
909 3435 929 3448 -
942 3401 1026 3464 εσθαι
1050 3401 1197 3465 omnium
1219 3403 1401 3483 temporum
1424 3399 1499 3462 seri-

313 3507 369 3572 bee
392 3516 424 3571 et
447 3506 594 3570 omnium
616 3502 773 3570 librorum
797 3525 913 3589 susque
936 3505 1037 3590 deque
1058 3505 1184 3570 hebent.
1210 3503 1376 3570 Bekkerus
1399 3502 1501 3568 edidit

311 3611 369 3678 Od.
394 3635 422 3676 υ.
449 3609 522 3675 121.

627 3713 713 3796 Φοίτο
736 3715 798 3797 γὰρ
822 3717 975 3782 τίσΛσθαι
999 3717 1143 3789 οίλείτας.

311 3823 468 3890 sententia
499 3825 562 3886 est:
595 3819 706 3902 ήλπιζε
729 3821 793 3900 γὰρ
818 3824 1038 3903 τιμωρήσεσθαι
1063 3822 1132 3894 τοὺς
1157 3820 1340 3902 οίλιτήρίους.
1388 3817 1501 3904 Itaque

311 3926 514 3996 scribendum
531 3927 699 4011 τίσεσθαι,
720 3926 758 3992 de
778 3948 841 4013 qno
858 3949 893 3995 re
911 3947 1006 4014 snpra
1026 3950 1094 4015 ουρ.
1107 3926 1209 3993 XXV.
1222 3930 1346 4014 copiose
1357 3927 1498 4014 egimus.

356 4033 547 4119 Saepissime
571 4033 605 4098 in
626 4031 746 4098 talibus
770 4033 872 4100 intuni
895 4034 999 4101 forme
1021 4037 1055 4100 in
1078 4039 1150 4100 tuto
1174 4039 1222 4099 est
1248 4040 1286 4098 ut

356 4151 404 4208 M.
431 4137 507 4208 125.
531 4135 647 4222 έΦαντο
674 4177 715 4188 -
740 4141 922 4220 σχήσεσθαι.

429 4245 505 4313 165.
528 4246 638 4329 Φοίμεν
664 4284 705 4295 -
730 4247 871 4330 σχήσειν.

356 4363 398 4420 Ν.
420 4351 476 4417 89.
500 4349 581 4434 ἔφαν
604 4351 783 4436 φεύξεσθαι.

426 4455 498 4524 100.
524 4461 763 4535 τελευτήσεσθαι
787 4457 935 4558 ἔφασκον.
