3208 5158
823 345 890 418 286

262 541 373 614 αύτούς
398 539 622 622 reaccepisset
641 545 730 621 Φησι.
753 547 817 614 πῶς
837 542 900 620 γάρ
918 543 1117 607 ἈΓΝΟΩΝ
1136 537 1188 604 τὸν
1206 535 1302 618 άνδρα
1321 538 1453 618 μνηςεύ-

262 669 330 712 εται
361 647 446 726 αὐτῷ
475 649 529 721 την
553 647 726 726 θυγατέρας
750 646 857 714 Facile
880 645 1095 734 intelligimus
1114 664 1294 730 numquam
1317 647 1456 712 Aristar-

261 754 359 818 chum
379 769 470 818 suam
491 750 591 818 filiam
611 754 710 834 τ’ρνοιο
730 753 843 818 δαινύατ’
861 756 894 818 in
913 753 1158 818 matrimonium
1178 751 1327 816 daturum
1341 751 1455 830 firisse,

260 861 377 926 nedum
412 866 450 924 ut
472 860 540 944 ipsa
563 858 649 924 ultro
672 861 700 925 ei
723 859 806 926 hanc
829 859 1042 926 conditionem
1068 857 1208 942 offerret,
1233 857 1287 924 sed
1309 859 1457 924 heroicae

262 967 376 1034 aetatis
399 964 463 1030 alia
485 967 567 1031 ratio
591 969 659 1031 erat
683 970 715 1030 et
738 964 796 1030 alii
817 985 923 1031 mores
946 969 979 1030 et
1002 966 1178 1051 opiniones:
1203 964 1236 1028 ού
1256 963 1320 1044 γάρ
1338 947 1381 1036 εἶτ
1401 963 1457 1029 τὸν

262 1075 394 1138 πλοῦτον
423 1068 568 1154 άφεύρων
597 1072 623 1136 oi
649 1071 777 1136 παλαιοὶ
801 1073 877 1137 άλλ’
900 1071 943 1144 εἷς
967 1071 1023 1144 τὴν
1046 1071 1157 1152 άρετην
1177 1070 1240 1134 άπδ
1265 1078 1320 1145 τῆς
1343 1069 1455 1148 ἔψεοις.

490 1176 625 1255 βασιλῆι
647 1177 710 1256 γάρ
735 1177 817 1257 άνδρ1
842 1177 942 1251 ἔοικας
970 1175 1040 1265 (Ού.
1066 1185 1114 1242 Ω.
1141 1173 1232 1262 253.)

422 1292 514 1365 γενεῇ
537 1282 569 1347 δὲ
595 1285 667 1356 Διὸς
691 1282 843 1361 μεγάλοιο
868 1283 979 1360 Ιΐκτην.
1005 1281 1077 1368 (Od.
1103 1294 1143 1348 A.
1167 1280 1240 1368 27.)

421 1385 475 1456 olel
497 1414 532 1455 τε
556 1391 697 1456 άνάκτιον
722 1393 836 1464 παῖδες
861 1389 955 1457 ἔασιν.
981 1389 1053 1476 (Od.
1077 1399 1118 1456 N.
1142 1388 1233 1473 223.)

422 1497 488 1561 ἐπεὶ
514 1496 548 1561 ού
571 1522 606 1586 κε
631 1497 718 1562 κακοὶ
744 1496 879 1563 τοιούσδε
901 1495 1025 1562 τέκοιεν.
1053 1495 1124 1584 (0d.
1149 1505 1189 1560 Δ.
1215 1493 1283 1581 64.)

307 1601 435 1668 Bonum
465 1603 587 1668 factum
617 1603 702 1688 quod
732 1606 888 1670 eximium
919 1603 1028 1670 locum
1057 1597 1220 1667 intactum
1237 1600 1454 1686 reliquerunt,

261 1728 364 1793 neque
399 1729 437 1773 ex
470 1729 618 1793 perversa
648 1712 795 1795 opinione
825 1709 1001 1796 praeclaros
1031 1729 1142 1776 versus
1172 1714 1337 1790 περιεῖλον,
1370 1705 1457 1792 quod

263 1813 466 1880 Aristarchus
487 1817 605 1880 merito
627 1813 697 1881 fieri
718 1817 852 1883 dixerat.

310 1917 346 1984 Si
376 1920 452 2005 quid
482 1919 656 1987 Plutarcho
688 1923 847 1989 credimus
878 1925 914 1987 de
944 1923 1104 1986 audiendis
1124 1922 1224 2004 pectis
1244 1941 1319 2007 pag.
1344 1916 1398 1984 26.
1424 1937 1453 1984 r.

263 2044 374 2092 versus
397 2048 434 2093 ex
458 2025 551 2093 Iliad.
576 2026 602 2093 I.
628 2027 817 2094 458-461.
852 2029 1055 2094 Aristarchus
1074 2031 1244 2113 expunxit:
1265 2027 1279 2092 i
1298 2025 1356 2105 μέν
1373 2025 1456 2107 Ἀρί·

264 2155 400 2214 σταρχος
425 2131 525 2210 ἐξεῖλε
547 2133 590 2198 τά
614 2133 673 2210 ἔπη
697 2135 857 2216 Φοβηύεύρ.
1408 2187 1410 2194 -

309 2236 395 2304 Satis
427 2245 475 2304 est
506 2240 617 2306 damni
647 2241 731 2327 quod
757 2263 796 2308 ex
817 2241 1038 2308 huiuscemodi
1060 2243 1167 2327 pravis
1191 2246 1223 2306 et
1246 2241 1457 2326 praeposteris

264 2344 465 2430 opinionibus
483 2349 608 2433 saepius
627 2349 807 2433 perIneptas
824 2349 1099 2433 interpretationes
1116 2346 1208 2412 nobis
1227 2345 1456 2433 procuderant,

265 2471 399 2536 quarum
424 2450 571 2537 exempla
594 2452 750 2537 quaedam
773 2452 928 2519 subiicere
951 2455 1053 2519 iuvat.

309 2555 346 2620 In
378 2553 491 2642 Odyss.
522 2567 555 2622 Β.
591 2557 664 2623 133.
698 2563 896 2625 commentus
926 2564 975 2624 est
1005 2557 1138 2644 aliquis,
1170 2561 1223 2624 cui
1245 2557 1458 2625 Telemachus

264 2661 376 2742 strepi
394 2660 565 2740 χρημάτων
585 2660 677 2741 ἔλεγε
698 2661 899 2747 σμικρολόγος
920 2662 958 2729 άν
977 2664 1122 2742 ἐφαίνετο
1133 2714 1142 2743 ,
1162 2663 1336 2730 mIrifioum
1357 2662 1459 2749 quod·

264 2767 338 2832 dam
371 2766 566 2846 ὑπέρβατον,
591 2769 675 2854 quod
697 2790 791 2836 nemo
814 2771 848 2834 in
871 2767 1008 2836 Scholiis
1030 2771 1098 2836 sine
1119 2772 1187 2836 risu
1209 2773 1327 2856 poterit
1348 2769 1459 2858 legera

265 2879 322 2939 aut
344 2872 458 2938 saltem
482 2874 635 2963 relegere.

308 2977 381 3044 Non
418 2982 525 3045 minus
559 2981 710 3047 absurdas
747 2987 780 3047 et
813 2980 1016 3048 incredibiles
1051 2983 1251 3048 traiectiones
1285 2982 1324 3048 de
1353 2981 1460 3049 nihilo

264 3083 423 3150 finxerunt
452 3087 487 3150 in
517 3085 600 3152 Iliad
631 3098 662 3157 Ξ.
697 3086 725 3152 l.
757 3108 798 3153 ne
820 3087 937 3153 Nestor
959 3093 1068 3174 potare
1089 3088 1269 3165 rideretur,
1293 3089 1376 3173 quod
1400 3091 1460 3154 isti

265 3192 298 3259 ού
331 3193 416 3256 κατά
451 3191 628 3271 πρεσβύτην
664 3213 730 3260 esse
764 3193 966 3273 iudicabant,
999 3194 1083 3280 quod
1114 3199 1223 3260 contra
1252 3215 1319 3260 esse
1349 3197 1461 3260 sciunt

265 3319 383 3365 omnes.
416 3297 482 3364 Vir
501 3304 549 3365 est
573 3299 723 3366 credibile
746 3299 843 3366 firisse
865 3302 922 3386 qui
946 3301 1042 3368 verba
1063 3305 1174 3386 poetae
1196 3302 1243 3366 ita
1261 3299 1372 3378 βιαίας
1393 3300 1462 3366 dis·

263 3407 464 3494 tinguerent:

401 3509 520 3592 Νέςιρα
548 3510 574 3575 δ’
597 3512 651 3577 ούκ
674 3508 782 3577 ἔλαύεν
806 3511 901 3592 laxi,
927 3511 1061 3578 πίνοντά
1079 3536 1135 3594 περ
1159 3509 1262 3590 ἔμπης

400 3616 474 3683 άλλ’
499 3616 731 3693 Ἀσκληπιάδην
756 3616 835 3684 ἔπεα
858 3616 1027 3697 πτερύεντα
1049 3617 1227 3701 προσηύδα,

264 3730 303 3792 ut
325 3744 389 3791 non
409 3722 525 3789 Nestor
547 3723 603 3789 sed
625 3723 784 3791 Machaon
806 3723 993 3792 vulneratus
1015 3730 1148 3813 potaret.
1195 3724 1287 3791 'Palis
1310 3727 1392 3791 serio
1411 3746 1464 3792 re-

264 3831 368 3898 futare
401 3832 473 3916 qula
507 3827 710 3917 dignabitur?
756 3829 915 3897 Similiter
943 3833 979 3897 in
1007 3830 1100 3900 Iliad.
1131 3839 1172 3896 Τ.
1208 3827 1284 3897 218.
1309 3840 1342 3896 et
1363 3829 1463 3898 Iliad.

300 3990 306 4006 .
333 3935 410 4003 849.

265 3947 293 4004 Π
401 4043 489 4108 άλλά
514 4007 659 4126 cas-pcipi
683 4043 753 4117 ύλοέρ
778 4043 831 4108 καὶ
856 4049 977 4119 Λητοῦς
1002 4043 1129 4109 ἔκτανεν
1149 4043 1227 4121 υἷάς,

401 4147 513 4228 άνδρῶν
538 4151 564 4214 δ’
588 4148 771 4228 Εὔφορβος,
794 4148 833 4214 σὺ
858 4147 890 4213 δέ
913 4174 955 4227 με
978 4151 1076 4230 τρίτος
1103 4145 1291 4230 ἔξενοιρύζειρ.

265 4256 323 4322 ubi
351 4255 544 4342 gravinam
574 4257 716 4340 quaestio
746 4257 862 4320 oritur:
887 4261 950 4328 πῶς
973 4255 1128 4338 τέσσαρας
1152 4253 1391 4336 accepissem
1416 4293 1464 4307 --

266 4362 405 4444 ἐπιφέρει
436 4359 480 4424 σὺ
513 4357 553 4424 δέ
584 4384 635 4439 με
666 4368 825 4426 TPITOC
857 4360 1053 4443 ἔξεισρύζειςς
1087 4367 1192 4449 spreta
1218 4359 1467 4446 simplicissima
1598 4359 1599 4383 ¹

265 4469 424 4540 solutione
445 4465 592 4532 nonnulli
615 4466 656 4533 ad
679 4466 853 4547 ὑπερβατον
877 4468 1105 4557 confugerunt,
1130 4474 1169 4535 ut
1185 4467 1284 4536 verba
1303 4470 1397 4553 quasi
1415 4465 1471 4537 sic'
