3404 5192
867 381 933 458 '254

484 578 547 659 xpi
571 577 629 654 μὲν
653 579 819 661 σφωῖτεςθν
844 603 903 663 γε,
928 578 1001 663 teet,
1026 574 1096 650 ἔσσς
1121 576 1328 656 εἰρύσσασθαι.

349 685 566 750 Aristonicus:
610 685 640 768 (ἡ
681 683 789 766 διπλῆ)
825 680 873 750 ’θεν
909 684 979 764 πρὸς
1017 691 1105 748 ΔΤΟ
1141 682 1323 761 duritiam.
1360 681 1396 746 σθ
1431 681 1494 762 yolo

304 789 531 872 σφωΐτερόν
563 790 607 857 ist
632 789 741 856 δνῖκθν.
766 797 867 862 κακῶς
887 791 987 856 ''APA
1011 789 1118 855 νῖθετεῖ
1139 788 1298 863 Ζηνόδοτος
1323 787 1392 854 σθν·

485 895 675 977 (οὐρανόθεν).
701 897 756 976 πρὸ
784 896 816 963 δέ
840 899 875 975 μ’
900 891 952 969 ἧκε
976 895 1032 961 θεῖν
1055 896 1239 968 λευκώλενος
1259 894 1350 976 Ἥρη.

304 1001 356 1066 acl
381 1002 418 1067 σθ
442 1023 450 1039 ·

485 1105 584 1190 ἄμφω
608 1107 688 1184 θμῶς
713 1109 796 1189 θυμῷ
820 1106 974 1190 φνλθνυσθ
997 1129 1033 1173 σε
1058 1106 1205 1184 κηδομένη
1228 1131 1274 1172 σε.

349 1213 551 1280 Aristarchus
584 1216 686 1300 igitur
721 1234 784 1298 qua
816 1213 938 1280 solebat
971 1216 1212 1299 perspicacitate
1246 1213 1383 1278 feliciter
1418 1231 1496 1276 usus

304 1322 526 1387 observaverat
548 1319 606 1384 has
629 1341 696 1385 esse
719 1320 804 1405 apud
825 1319 1008 1385 Homerum
1030 1321 1257 1405 pronominum
1280 1316 1495 1404 personalium

305 1427 424 1492 formas
447 1427 569 1490 ductes:
592 1427 626 1490 in
649 1427 754 1511 prima
775 1443 922 1511 persona:

599 1539 702 1608 Nm,
726 1531 830 1596 idest
855 1535 944 1608 ἡμεῖς
968 1529 1022 1596 val
1049 1532 1145 1608 ἡμεῖς.

306 1644 339 1702 et

603 1750 740 1820 ΝΩΙΝ,
760 1744 795 1808 id
819 1746 868 1809 est
890 1745 974 1822 ημῶν
998 1741 1050 1808 acl
1078 1746 1159 1820 ἡμῖν.

306 1853 342 1916 in
365 1850 519 1916 secunda:

606 1963 728 2034 ΕΦΩΙ,
752 1956 786 2022 id
810 1962 858 2022 est
883 1955 970 2034 ὑμεῖς
994 1955 1046 2020 sal
1072 1957 1166 2033 ἡμᾶς.

307 2068 340 2130 et

607 2173 763 2244 ΕΦΩΙΝ,
787 2168 822 2234 id
845 2171 893 2234 est
916 2169 999 2246 ὑμῶν
1022 2169 1075 2234 sat
1099 2168 1181 2246 ὑμῖν.

306 2278 340 2340 in
364 2277 471 2340 tertia:

354 2388 491 2457 cone,
516 2379 551 2445 id
573 2384 624 2467 est
644 2378 777 2458 αὐτούς,
801 2399 877 2444 nam
900 2383 988 2460 σφωε
1008 2379 1127 2465 ubique
1151 2385 1199 2446 est
1222 2383 1430 2448 scoumtivus.

307 2493 341 2553 et

355 2601 510 2669 (ΦΩΙΝ,
530 2593 564 2658 id
584 2597 632 2658 est
651 2594 751 2658 αὐτῶν
770 2598 803 2659 et
822 2595 927 2667 αὐτοῖς
948 2594 1106 2680 (αὐταῖς),
1126 2592 1311 2660 encliticam
1326 2598 1499 2677 utrumqne

308 2706 341 2766 et
371 2705 502 2765 accentu
526 2698 728 2764 destitutum.
775 2697 864 2764 Haec
893 2701 1000 2765 omnia
1030 2699 1227 2766 Zenodotnm
1252 2704 1284 2765 et
1306 2702 1499 2786 antiquiores

308 2805 474 2894 fugerant,
499 2809 532 2869 et
554 2807 684 2870 omnino
706 2806 742 2870 in
759 2808 984 2890 pronominum
1003 2806 1114 2872 formis
1133 2809 1216 2873 inter
1246 2827 1280 2872 se
1307 2805 1405 2871 stulte
1430 2825 1500 2890 per·

308 2911 480 2977 miscendis
502 2915 614 2996 politae
636 2910 844 2977 Alexandrini
868 2931 978 2978 omnes
1000 2915 1192 2998 conspirant.
1241 2910 1369 2979 (llaram
1391 2911 1499 2978 lucem

307 3015 504 3103 praeferebat
525 3015 639 3104 lingna
662 3019 787 3093 Attica,
812 3037 893 3102 quae
916 3023 965 3084 tot
984 3018 1081 3084 babet
1104 3039 1140 3084 ac
1160 3023 1264 3084 tantas
1285 3019 1415 3106 linguae
1433 3015 1500 3082 Ho-

307 3124 444 3188 mericae
473 3125 508 3186 in
538 3123 687 3189 omnibus
717 3124 812 3189 rebus
842 3126 994 3189 maximis
1024 3126 1171 3190 minimis
1194 3124 1439 3202 similitudines,
1463 3128 1501 3188 nt

308 3230 443 3293 minime
462 3231 562 3294 mirer
580 3230 764 3295 Aristarcho
782 3228 963 3296 Homerum
982 3230 1211 3296 Atheniensem
1230 3229 1327 3296 fnisse
1346 3229 1449 3295 videri
1462 3229 1498 3316 ¹).

308 3333 346 3398 In
375 3333 632 3420 frequentissimo
662 3355 724 3400 neu
756 3341 814 3400 τῶν
844 3336 966 3413 tornes,
997 3356 1092 3421 quem
1115 3335 1228 3424 lingua
1250 3337 1358 3400 Attica
1382 3334 1499 3418 (obser-

308 3445 404 3506 vante
433 3441 616 3507 Aristarcho
647 3442 687 3507 ad
714 3441 806 3506 Iliad.
835 3450 875 3506 N.
902 3439 993 3520 197.)
1016 3462 1091 3507 cnm
1115 3441 1227 3529 lingua
1250 3441 1422 3506 Homerica
1443 3439 1499 3504 ha·

308 3547 363 3612 bet
386 3567 607 3623 communem,
630 3533 839 3612 Athenienses
862 3547 1046 3633 saepissime
1068 3555 1151 3612 Nm
1176 3552 1209 3612 et
1232 3554 1366 3620 ΝΩΙΝ,
1392 3551 1497 3610 conl

309 3657 342 3718 et
374 3658 508 3716 conlN
539 3652 734 3736 usurpabant
764 3652 819 3717 sed
850 3653 885 3716 in
906 3672 1006 3717 unam
1029 3652 1188 3740 syllabam
1211 3656 1371 3717 contracta
1393 3649 1431 3732 νῷ
1455 3687 1497 3699 -

309 3760 382 3842 νῷν,
405 3754 476 3839 σφῴ
501 3793 543 3806 -
566 3759 671 3838 σφῷν,
695 3778 758 3824 non
781 3756 818 3822 νθ
842 3763 875 3825 et
897 3757 985 3843 σφώ,
1009 3764 1047 3824 ut
1068 3759 1151 3825 inira
1169 3759 1381 3824 ostendemus.
1413 3758 1498 3822 Aris

345 4075 371 4143 1)
387 4075 477 4126 Mem
498 4077 626 4142 ssgscitste
646 4077 800 4128 Aristarchus
817 4078 943 4128 Homerici
958 4078 1073 4129 carminis
1089 4081 1210 4129 suetomm
1227 4093 1256 4128 ex
1272 4078 1354 4128 Attica
1369 4076 1499 4127 odardum

309 4173 358 4209 aas
374 4157 474 4223 collegit
490 4173 518 4206 er
535 4158 606 4209 Iliad.
623 4159 655 4208 Ν.
672 4163 731 4210 827.

587 4248 682 4308 σνσθμην
701 4245 725 4296 θ’
743 4247 773 4306 ric
792 4249 857 4298 τίετ’
881 4249 991 4309 Ἀθηναίη
1011 4249 1053 4298 sari
1074 4251 1215 4308 'asennaa

310 4339 352 4388 ubi
368 4339 509 4386 sonentur:
533 4331 593 4384 ’θνθνν
616 4335 734 4395 Ἀθηναῖον
753 4335 890 4386 θσσνσσθσιν
909 4337 1025 4402 Ὅμηρον·
1045 4346 1155 4404 πατρῷον
1173 4339 1223 4402 γὰρ
1239 4344 1342 4400 sculcas
1357 4339 1501 4390 Ἀπόλλωνα

310 4425 365 4474 Δία.
390 4424 497 4475 Emauda
515 4428 671 4486 Ἀπόλλωνα,
690 4421 763 4488 (ἀλλ’
783 4425 821 4490 σθ)
842 4427 898 4478 Ais.
919 4427 989 4478 Plato
1007 4429 1033 4478 in
1051 4427 1196 4493 Iisthydmo
1212 4446 1267 4497 psg.
1284 4431 1342 4481 802.
1360 4443 1383 4480 o.
1402 4427 1444 4478 ets
1461 4425 1501 4490 θςι

310 4517 366 4573 ῑνῦς
386 4521 498 4580 amessa
517 4542 550 4551 —
571 4515 632 4565 ἀλλ’
652 4517 779 4567 Ἀπόλλων
799 4524 909 4583 πατρῷος
929 4514 969 4565 isis
986 4519 1033 4578 την
1052 4519 1133 4576 'msc
1150 4517 1252 4580 ηθννσνν.
