3208 5158
675 371 740 444 alt

118 557 362 640 bardesanistae
395 565 595 642 obtulerunt,
629 553 730 649 quodss
763 587 957 653 quamquam
981 571 1088 652 aperte
1110 569 1299 635 mendosum

117 674 177 746 ast,
200 675 308 737 tamen
330 674 365 736 in
388 670 553 738 Strabonis
576 676 668 736 textu
688 676 893 757 pertinaciter
915 673 1027 738 haesit.

494 919 599 976 ΛΙΠΟ
615 948 635 961 -
657 933 720 977 nou
743 921 876 976 heluo
891 945 911 960 -

155 1088 350 1177 Parvulgato
384 1109 486 1156 errore
520 1093 553 1154 in
586 1091 677 1157 libris
713 1091 877 1156 Strabonis
911 1092 1061 1157 scribitur
1090 1089 1297 1174 λειπανδρεῖν,

114 1195 290 1276 λειψυδρία,
324 1201 357 1260 at
385 1195 469 1280 apud
500 1195 578 1261 alios
608 1197 822 1274 λειποτοίξιον,
855 1201 1060 1277 λειποψυχεῖν
1090 1203 1122 1264 et
1145 1195 1208 1260 alia
1230 1215 1299 1281 per·

115 1300 224 1365 multa.
272 1301 365 1381 Quod
386 1304 468 1367 ratio
491 1303 622 1387 suadet,
646 1304 679 1368 id
701 1302 764 1369 loci
786 1309 951 1387 po'e'tarum
974 1301 1152 1368 luculenter
1171 1302 1299 1367 demon·

115 1409 211 1471 strant
239 1409 274 1472 in
304 1408 356 1473 hia
387 1409 534 1473 omnibus
565 1411 704 1495 primam
734 1429 801 1474 esse
831 1410 978 1492 brevem,
1010 1414 1042 1474 et
1070 1412 1163 1473 unice
1184 1429 1298 1474 verum

115 1531 176 1576 esso
198 1512 363 1594 λιψυδρία,
387 1513 579 1594 λιπανδρεῖν,
606 1522 644 1580 ut
666 1515 861 1592 λιποτάξιον,
887 1521 1094 1598 λιποψυχεῖν,
1114 1513 1297 1592 λιπύξυλος,

115 1615 276 1698 λιπόναυς,
296 1620 437 1700 λίπουρος
457 1626 489 1686 et
508 1625 583 1686 cett.
603 1622 747 1688 eiusdem
766 1621 1168 1708 compositionisadunum
1180 1619 1297 1684 omnia.
1344 1685 1348 1690 ,

433 1859 595 1925 Λούεούαι.
618 1859 789 1936 λουύμενος.
816 1859 967 1927 λούονται.

114 2055 273 2122 perperam
294 2038 445 2104 scribitur
462 2039 577 2106 multis
598 2039 676 2106 locis
698 2061 755 2126 pro
778 2044 903 2108 λοῦσίαι
929 2049 962 2108 et
984 2040 1128 2120 λούμενος
1153 2048 1186 2108 et
1212 2046 1297 2107 λοῦν-

114 2164 172 2207 ται.
220 2143 311 2210 Nova
341 2150 374 2210 et
401 2166 508 2212 recena
539 2146 664 2212 dicendi
693 2149 833 2222 συνίίεια
864 2152 987 2214 veteres
1013 2147 1131 2214 formas
1153 2147 1294 2233 expulit,

114 2250 207 2314 etiam
229 2251 313 2336 apud
335 2253 503 2337 scriptores
526 2251 663 2319 Atticos.

578 2493 832 2573 Γυναικοκρασία.

113 2684 271 2755 perperam
300 2671 385 2757 apud
414 2670 601 2738 Strabonem
635 2677 667 2738 et
699 2672 911 2739 Plutarchum
945 2673 1095 2739 scribitur
1128 2694 1228 2759 quum
1263 2679 1296 2739 et

114 2776 188 2841 ratio
211 2783 243 2842 et
265 2797 343 2844 usus
366 2779 619 2856 roverecestrie
641 2781 821 2864 requirant,
846 2783 884 2844 ut
904 2779 1117 2859 δημοκρατία,
1138 2783 1295 2861 ύριτοκρα-

115 2883 182 2954 τία.
210 2883 422 2965 ίχλοκρατία.
454 2885 691 2964 θεατροκρατία,
716 2893 748 2950 et
771 2885 927 2970 quidquid
948 2885 989 2952 ad
1010 2886 1091 2952 hanc
1115 2885 1296 2974 analogiam

115 3007 150 3051 ex
171 2989 278 3072 κρύτος
302 2991 453 3056 nascitur.
488 2991 657 3058 Adiectiva
678 2994 713 3056 in
736 3025 756 3040 -
769 3000 939 3058 KPATOC
963 2993 1160 3072 οκεροίννυμι
1178 2992 1296 3058 babent

115 3116 149 3171 r,
188 3095 291 3161 saluti
328 3097 483 3176 ἀκρασία,
519 3098 708 3176 ἑωλοκρασία
743 3102 817 3162 cett.
876 3094 1064 3163 Communis
1096 3098 1295 3164 eruditorum

114 3203 213 3285 opinio
235 3206 298 3279 est,
324 3208 493 3288 praeeunte
513 3201 758 3289 Wyttenbaohio
776 3207 811 3267 in
829 3202 922 3268 docta
940 3205 1140 3268 annotatione
1160 3201 1200 3266 ad
1218 3201 1295 3266 Plu·

114 3307 209 3372 tarchi
239 3308 375 3372 Morctia
401 3327 475 3394 pag.
499 3305 553 3371 20.
577 3326 608 3373 a.
634 3310 692 3372 ιίιιο
715 3329 781 3373 esse
804 3306 959 3396 vocabula
983 3307 1108 3373 diverse
1132 3329 1295 3384 ,γυναικο-

115 3415 218 3490 κρατία
248 3421 292 3479 eat
311 3413 429 3499 (iudice
455 3413 710 3500 wyttenbachio)
734 3414 767 3476 ιἰι
789 3413 880 3490 viria,
905 3418 957 3497 qui
978 3413 1100 3475 ιιίιιιίιιοι
1123 3413 1295 3475 certioribus

115 3519 206 3584 dediti
226 3528 316 3586 ικιιίι
337 3521 580 3600 γυναικοκρατία
604 3521 637 3582 ιἰν
660 3521 847 3598 mulieribus,
871 3541 946 3605 quac
964 3519 1116 3602 imperium
1135 3515 1295 3582 obtineat.”

114 3620 172 3690 Sed
199 3625 346 3712 exempla
379 3646 459 3711 qnae
494 3625 667 3692 afferuntur
700 3625 833 3692 meliora
867 3624 988 3690 docent.
1034 3622 1226 3688 Plutarchus
1261 3625 1295 3688 in

115 3732 203 3811 Αςίύι
231 3738 260 3796 σί
290 3733 443 3798 Cleomene
472 3751 546 3817 pag.
569 3730 646 3796 820.
670 3749 702 3798 u.
726 3739 780 3806 τιῖς
806 3731 973 3810 βασιλείοις
997 3731 1038 3802 είς
1064 3731 1182 3804 πολλὴν
1206 3751 1294 3806 -γυ·

114 3837 321 3917 ναικοκρασίαν
363 3839 574 3914 ἐμπεσούσης,
612 3857 727 3920 nempe
762 3840 838 3922 quia
871 3836 1048 3901 Ptolemaei
1080 3834 1295 3919 Philopatoris

115 3944 280 4009 concubina
307 3945 500 4030 impotenter
523 3943 763 4027 dominabatur,
786 3943 844 4011 ύςε
868 3943 918 4028 (ut
936 3941 1128 4007 Plutarchus
1145 3943 1294 4007 continuo

116 4046 208 4134 addit)
232 4051 273 4114 τίι
296 4049 417 4126 siresa
442 4059 496 4122 τῆς
520 4051 620 4130 ἀρχῆς
646 4049 826 4128 πριίγματα
851 4047 968 4111 διοικεῖν
992 4047 1219 4123 ’Λγαύίκλειαν
1240 4049 1294 4120 την

116 4149 252 4228 ἐρωμένην
283 4159 336 4218 τοῦ
367 4153 523 4232 βασιλέως
555 4155 607 4216 καί
636 4155 691 4227 την
720 4155 837 4227 ταύτης
868 4151 989 4230 μητέρα
1020 4151 1071 4214 καί
1094 4152 1295 4229 πορνοβοσκὸν

117 4259 266 4334 Οίνιίνίην.
298 4266 330 4324 et
353 4260 509 4347 Polybius
532 4259 616 4324 XIV.
644 4261 695 4324 11.
721 4267 774 4339 (ex
796 4259 959 4324 Athenaeo
983 4277 1056 4344 pag.
1082 4255 1158 4322 576.
1182 4265 1213 4338 r)
1240 4263 1294 4324 τοῦ

116 4361 144 4427 δὲ
177 4365 376 4447 Φιλιποίτορος
406 4365 563 4446 βασιλέως
597 4367 793 4443 Πτολεμαίου
830 4367 883 4430 ούκ
915 4365 1126 4443 ’Λραύύκλεια
1155 4365 1293 4444 ε’κροίτεις

116 4467 188 4536 brat
214 4475 314 4560 igitur
341 4473 418 4540 baec
441 4474 693 4554 γυναικοκραΤίοι
719 4474 821 4556 turpis
844 4479 876 4537 et
898 4470 1068 4558 flagitiosa.
1114 4471 1235 4538 Deinde
1257 4493 1296 4540 ex
