3410 5180
733 373 799 446 453

172 574 259 654 ρίαν,
294 567 445 641 similiter
468 568 546 636 alibi
570 572 809 652 ἀπεκεκλημην,
834 569 1032 651 ἀπεκλῄσθην
1055 576 1087 636 et
1109 569 1231 658 reliqna
1253 573 1360 639 omnia

172 680 212 746 ad
235 678 367 744 eandem
390 677 581 765 analogiam.

218 785 354 851 Factum
385 788 433 850 est
463 788 573 849 antem
604 782 688 868 quod
717 785 751 847 in
775 803 811 848 ea
832 802 866 848 re
890 781 1022 860 accolet,
1046 789 1085 850 nt
1106 805 1188 853 nova
1208 785 1361 872 loquendi

173 890 314 966 συνήθειαι
339 892 485 974 antiquae
508 889 627 955 formae
650 887 832 974 expelleret.
877 887 963 954 Luce
987 889 1103 956 clarius
1125 891 1160 956 id
1182 893 1217 957 in
1240 893 1361 959 Aristo·

173 998 276 1083 phane
307 1001 447 1083 apparet.
493 995 531 1062 In
560 995 744 1063 Ravennate
775 992 890 1061 (lodice
921 996 1041 1082 ubique
1071 1019 1154 1064 nnnc
1184 979 1305 1065 formae
1326 1001 1361 1063 in

175 1139 194 1152 -
210 1113 248 1168 el
279 1104 515 1188 conspiciuntur
543 1106 668 1188 praeter
698 1101 776 1166 duce
803 1100 888 1168 locos
919 1103 976 1167 nbi
997 1103 1076 1169 felix
1097 1104 1252 1171 mendum
1274 1109 1362 1172 vete·

173 1231 242 1276 rem
264 1208 434 1275 lectionem
458 1206 595 1274 fideliter
615 1209 772 1274 servavit:
796 1208 831 1274 in
854 1208 967 1273 Aribae
991 1207 1089 1276 1262.

493 1314 756 1392 ἀποκεκλθκαμεν
779 1313 923 1393 διογενεῖς
948 1315 1040 1387 θεούς.

174 1441 271 1507 qnam
293 1421 430 1488 formam
454 1420 493 1486 ed
517 1422 691 1487 ἀποκαλεῖν
712 1421 815 1506 inepti
836 1419 1027 1499 referebant,
1047 1423 1130 1487 etin
1150 1422 1262 1488 Ιθσσθσε.
1282 1421 1360 1488 420.

492 1524 526 1602 ἣν
549 1525 574 1590 δ’
596 1526 747 1609 ἀποκλίιιη
769 1534 809 1608 τῇ
832 1525 917 1610 cipp.

174 1634 231 1699 ubi
260 1635 472 1700 ἀποΚΛΗΙΗΙ
504 1636 538 1697 in
561 1632 775 1698 ἀποΚΛΙΝΗΙ
808 1630 1017 1718 depravatum
1047 1637 1104 1699 eet.
1151 1632 1364 1713 Quemadmo-

175 1739 254 1805 dum
285 1744 393 1806 antem
422 1741 458 1803 in
486 1738 538 1803 hia
562 1737 682 1824 ubique
704 1737 910 1823 Aristophani
932 1759 989 1804 ena
1011 1759 1126 1805 manne
1148 1745 1197 1806 eet
1219 1740 1362 1816 reddita,

173 1844 262 1911 idem
285 1851 333 1912 eet
355 1847 444 1911 etin
467 1846 598 1911 caeteris
621 1848 654 1908 et
676 1845 711 1907 in
733 1843 946 1909 Demosthene
970 1843 1162 1912 faciendum.

218 1950 330 2038 Iteque
352 1973 427 2040 pag.
451 1947 527 2018 778.
549 1950 603 2016 11.
623 1949 824 2014 scribendum
842 1950 1032 2032 κεκλημένης
1051 1974 1104 2016 σου
1128 1959 1183 2026 πῶς
1204 1950 1357 2028 ἐξουσίας.

173 2056 231 2123 nbi
262 2055 285 2123 S
309 2078 399 2144 apr.
421 2077 467 2123 m.
498 2054 679 2133 κεκλιμένης
709 2055 855 2140 exhibet,
888 2063 921 2121 et
949 2077 1023 2144 pag.
1048 2054 1125 2121 803.
1149 2055 1203 2123 30.
1229 2081 1362 2124 κατοικε-

176 2161 346 2245 κλημέιης,
376 2163 434 2228 nbi
465 2159 732 2239 καπακεκλιμέιης
762 2163 796 2224 in
825 2159 987 2226 nonnullis
1016 2160 1108 2227 libris
1138 2168 1194 2229 eet.
1228 2169 1261 2230 et
1289 2185 1364 2254 pag.

178 2267 275 2335 1260.
307 2267 362 2335 23.
397 2273 457 2333 πῶν
488 2269 589 2334 σιπίων
621 2267 844 2348 ἀπεκεκλθμηι
865 2287 923 2352 pro
946 2267 1178 2347 ἀπεκεκλείμην
1198 2275 1231 2336 et
1252 2271 1366 2336 ἀπεκε·

177 2375 337 2454 κλείσμην.

223 2482 334 2548 Etiam
354 2479 436 2547 eliae
455 2480 576 2547 formae
593 2483 716 2546 veteres
735 2478 862 2544 Atticae
880 2479 1056 2545 scriberem
1075 2501 1227 2548 consensu
1248 2483 1368 2568 ubique

176 2587 364 2654 obliteratae
384 2589 419 2652 in
440 2585 547 2653 lucem
570 2585 764 2652 revocandae
786 2589 880 2662 eunt,
903 2590 941 2651 nt
963 2585 1046 2652 infra
1069 2589 1281 2656 ostendemus.

220 2795 302 2886 Peg.
333 2794 388 2862 23.
422 2793 474 2861 14.
499 2795 525 2860 εί
551 2793 653 2867 θέσις
677 2793 803 2876 σώφρων
827 2795 845 2872 ἢ
872 2795 987 2869 δίκαιος
1018 2800 1279 2877 -παριῶσθαι
1311 2801 1364 2865 καὶ

176 2905 206 2969 έν
237 2903 354 2974 οὐδενὸς
385 2898 461 2967 είναι
495 2901 580 2980 μέρει
611 2899 664 2965 πθν
686 2905 828 2966 τοιοῦτον.
878 2899 932 2968 Sic
955 2907 987 2968 et
1009 2924 1082 2991 pag.
1108 2901 1183 2970 655.
1210 2905 1265 2970 15.
1289 2903 1365 2979 θλως

175 3009 239 3089 yet
264 3009 431 3089 ἡγήσονται
465 3005 703 3087 παρεῶσθαι
733 3008 788 3083 μέν
820 3008 926 3083 αὐτοί,
962 3007 1034 3088 πρὸς
1070 3011 1308 3089 Κερσοβλέπτην
1339 3013 1366 3078 θ’

175 3115 351 3182 ἀποκλίνειν
381 3115 475 3194 ῶμάς.
520 3111 559 3177 In
589 3117 724 3197 utroque
754 3111 824 3178 loco
856 3132 913 3198 pro
945 3115 1117 3193 παρεῶσθαι
1149 3119 1184 3181 in
1205 3117 1365 3204 plerisque

175 3221 266 3290 libris
297 3227 345 3289 eet
368 3219 618 3304 παρεωΡΑσθαι,
641 3237 721 3304 quae
744 3217 847 3284 forma
869 3224 918 3285 est
940 3219 1149 3287 Demostheni
1172 3228 1205 3289 et
1227 3224 1367 3310 aequali·

175 3329 235 3395 bue
265 3328 429 3406 inaudita,
461 3328 518 3412 qni
541 3324 712 3407 περιῶφθαι
737 3323 901 3400 dicebant,
924 3330 963 3390 nt
984 3346 1056 3414 pag.
1084 3325 1160 3392 362.
1186 3327 1217 3394 9.
1240 3330 1366 3402 τούτους

178 3471 198 3486 -
218 3439 447 3517 περιῶφθαι
470 3435 602 3498 τοιαῦτα
625 3429 817 3502 πεπονθθσας
839 3426 889 3496 σία
914 3429 1028 3505 οὐδένες
1053 3430 1144 3498 ἀλλοι
1167 3436 1228 3500 σῶν
1249 3436 1365 3512 Ἑλλή-

177 3565 242 3608 νων.
274 3544 307 3606 et
337 3542 372 3605 in
403 3539 500 3606 verbo
522 3537 662 3623 simplici
685 3557 759 3624 pag.
785 3534 862 3604 722.
888 3535 917 3602 2.
944 3535 1050 3615 νόμους
1074 3541 1221 3623 είσφέρωι
1245 3539 1367 3619 ῶππαι,

176 3652 215 3713 nt
236 3646 357 3733 passim
379 3644 481 3728 ῶφθηι
505 3649 538 3710 et
560 3643 735 3729 θφθησομαι
760 3641 923 3731 leguntur.

223 3851 356 3921 Frnetre
384 3855 448 3920 viri
479 3852 565 3920 docti
588 3851 668 3918 olim
691 3857 855 3920 tentarunt
876 3852 1046 3920 lectionem
1068 3856 1269 3924 veneeimnm
1292 3883 1367 3951 pag.

179 3959 232 4028 23.
260 3959 313 4026 15.
346 3958 468 4032 λοιποὺς
492 3960 529 4033 di
553 3957 620 4040 περὶ
646 3958 739 4024 αιἰπθν
762 3959 977 4046 (Philippum)
1001 3955 1078 4024 είναι
1102 3970 1289 4032 Afflcrnc
1312 3969 1365 4034 καὶ

179 4066 329 4138 κθλοικας.
377 4064 440 4147 Qui
469 4084 646 4150 numquam
669 4065 800 4130 θσθνοκσε
821 4065 984 4143 viderant,
1009 4067 1072 4131 niei
1097 4067 1178 4134 forte
1199 4072 1233 4135 in
1256 4093 1365 4153 scona,

179 4192 243 4240 non
270 4171 515 4238 recordabantur
545 4189 612 4236 ecee
642 4189 695 4236 eoe
726 4169 872 4236 homines
903 4171 1036 4236 audccee
1066 4178 1098 4238 et
1126 4173 1316 4245 facinorosos
1335 4186 1368 4246 et

180 4277 369 4356 sceleratos,
394 4280 427 4344 et
444 4274 528 4342 nihil
548 4275 625 4342 adeo
645 4274 684 4341 de
701 4273 852 4363 Philippo
872 4276 1010 4344 odiosin
1029 4276 1093 4344 dici
1110 4283 1251 4366 potuisse
1271 4305 1368 4370 qnam

181 4387 312 4452 ἱαθσοκαο
333 4404 409 4450 eum
432 4387 464 4450 et
485 4403 605 4448 acerrae
627 4383 711 4448 circa
732 4402 800 4447 sese
822 4383 954 4461 habere,
975 4385 1141 4451 ethorum
1160 4391 1367 4474 potissimum

182 4489 409 4558 concucudine
444 4487 602 4555 delectari.
662 4485 817 4575 l'nrpiora
851 4490 949 4555 etiam
982 4489 1033 4555 hie
1068 4496 1100 4557 et
1135 4499 1296 4580 spurciora
1329 4499 1368 4566 de
