3208 5158
898 379 963 451 lae

375 569 456 662 Peg.
486 572 562 640 540.
609 571 748 640 Romani
777 568 978 660 Cappadoces
1003 574 1120 641 liberos
1148 593 1215 640 esse
1237 575 1414 650 iusserant;
1440 571 1464 638 οί
1488 571 1517 636 δὲ

332 679 594 760 πρεσβευσάμενοι
627 683 683 754 τήν
713 683 769 750 μὲν
801 680 970 758 ἐλευθερίαν
1002 685 1206 764 παρῃτοῦντο.
1243 716 1286 728 -
1322 679 1461 758 βασιλέα
1490 677 1515 742 δ’

333 784 431 862 ήξίουν
462 789 567 859 αὐτοῖς
600 787 832 866 ἀποδειχθῆναι.
882 788 921 852 Oi
948 787 979 852 δέ
1003 789 1253 863 θαυμιίσανΤΕΕ
1275 787 1305 849 εί
1327 809 1407 857 τινες
1431 781 1517 855 οὕτως

331 887 391 957 εἶεν
422 890 623 973 ἀπειρηκότες
650 894 721 971 πρὸς
746 895 801 967 τήν
827 893 1012 971 ἐλευθερίαν,
1038 895 1213 971 ἐπέτρεψαν
1237 891 1265 955 δ’
1288 889 1338 956 οὖν
1361 892 1468 962 αὐτοῖς
1489 888 1518 965 ἐξ

333 999 447 1064 ἑαυτῶν
477 998 612 1064 ἑλέσθαι.
659 997 747 1064 Male
778 1001 953 1084 composita
975 1000 1053 1065 haec
1076 1019 1143 1064 ease
1165 998 1263 1064 vides
1314 995 1426 1082 Itaque
1448 1016 1518 1061 non·

333 1103 418 1170 nulli
441 1104 467 1170 l'
490 1101 540 1172 οὗν
563 1110 795 1191 expunxerunt.
841 1103 950 1172 Multo
973 1104 1100 1172 facilius
1121 1121 1267 1190 repones:
1287 1103 1314 1169 oi
1330 1101 1356 1168 δ’
1378 1105 1517 1180 &elac

333 1233 392 1278 σαν
417 1248 459 1262 -
484 1211 659 1293 ἐπέτρεψαν
683 1211 710 1278 δ’
734 1207 782 1276 οὖν
807 1210 871 1276 κτέ.

379 1420 459 1508 Peg.
495 1417 571 1487 549.
601 1416 673 1485 εἶτα
696 1419 805 1496 ustos,
830 1426 902 1502 παρ’
926 1417 969 1494 οίο
992 1421 1087 1504 Φνσδν
1110 1419 1300 1503 ’Λρχίλοχος
1323 1417 1380 1494 τήν
1403 1417 1517 1484 οΐσπΐδοο

334 1527 434 1608 ῥῖψαι.

472 1633 607 1718 [ἀσπίδα
630 1635 688 1712 μὲν
711 1633 812 1699 Σαΐων
834 1657 880 1707 τις
905 1633 1064 1711 ἀνείλετο,
1089 1636 1143 1709 τήν
1166 1632 1252 1711 παροδ
1275 1629 1382 1712 θοίρινιρ

521 1739 603 1814 ίντος
627 1741 795 1818 οίμιθμιντον
817 1743 971 1806 αοίλλιπον
994 1741 1046 1806 οὐκ
1070 1741 1204 1824 ἐθέλων]

380 1841 515 1912 Delendi
533 1851 609 1911 sunt
626 1847 809 1913 Archilochi
829 1846 978 1914 versiculi
996 1847 1036 1913 ab
1056 1845 1279 1934 interpolatore
1298 1865 1338 1911 ex
1357 1865 1436 1932 pag.
1448 1839 1516 1910 457.

335 1953 456 2018 inserti.
501 1953 712 2019 Archilochus
736 1953 875 2019 dixerat:

560 2060 667 2124 ἀσπίδι
692 2059 749 2138 μέν
772 2059 875 2125 Σαΐων
899 2082 947 2132 τις
970 2058 1228 2138 ἀγάλλεται.

335 2169 368 2230 et
391 2162 580 2232 Strabonem
603 2163 719 2231 fefellit
741 2167 911 2243 memoria,
939 2165 995 2252 qui
1018 2165 1203 2230 substituit:

561 2271 682 2337 οΐσπίδα
704 2272 762 2351 μέν
786 2273 888 2338 Σαΐων
911 2296 958 2346 τις
980 2272 1170 2338 οδνείλετο
1194 2271 1249 2346 τήν
1273 2269 1338 2334 ιιτέ.

381 2478 461 2570 Peg.
492 2480 568 2548 550.
600 2482 663 2548 duo
692 2479 790 2548 verba
817 2481 980 2566 perierunt
1009 2484 1054 2546 sic
1077 2477 1270 2566 supplenda:
1295 2483 1309 2547 ί
1333 2483 1364 2548 δέ
1391 2461 1516 2559 Σαήήνοοο

336 2585 406 2652 οθτε
438 2591 494 2664 τήν
523 2591 632 2654 τούτου
660 2586 750 2664 δθξαν
784 2589 881 2677 (Ὦο)
915 2587 1007 2654 ἐοοκεν
1039 2585 1267 2664 σίποδεξοίμενοο
1302 2587 1371 2654 οιΐτε
1410 2589 1517 2678 (ΤΗΝ)

337 2698 394 2757 τῶν
427 2693 494 2775 περὶ
525 2695 580 2770 τήν
609 2697 776 2772 Παλλήνην
806 2694 877 2768 τοὺς
901 2691 1079 2775 Ἀλιζοΐυουε
1107 2693 1327 2773 ὑπολαβόντων
1353 2733 1396 2744 -
1421 2691 1516 2773 ὁμοίως

336 2796 477 2881 διαπορεῖ
496 2800 561 2868 κτέ.

379 3009 460 3098 Pag.
493 3010 570 3076 550.
600 3011 819 3100 fingmentum
841 3009 995 3077 Hecataei
1017 3008 1140 3076 Milesii
1163 3011 1209 3076 sic
1232 3009 1436 3078 scribendum
1458 3013 1514 3076 est:

337 3117 408 3196 υἐπί
441 3117 468 3182 δ’
498 3115 630 3199 Ἀλαζίή
659 3118 732 3184 πθλι
762 3117 904 3194 ποταμθρ
940 3125 1036 3182 eCTl
1070 3115 1238 3202 Ὀδρύσας,
1266 3117 1338 3181 *OC
1370 3118 1442 3198 ῥέων
1471 3114 1515 3180 διδ

338 3223 512 3304 Μυγδονίης
544 3226 648 3290 πεδίου
678 3224 741 3290 ἀπὸ
772 3223 871 3296 δύσιος
894 3223 930 3287 ἐκ
952 3233 1007 3298 τήα
1032 3223 1142 3302 λίμνης
1166 3231 1222 3298 τής
1246 3223 1470 3295 Δασκυλίτιδος
1491 3221 1516 3290 ἐς

338 3330 498 3396 Ῥυνδακὸν
522 3330 706 3409 ἐσβοίλλει.”
752 3329 884 3396 Editur:
908 3327 1045 3413 ’λλαζΐρι
1070 3365 1112 3378 -·-
1137 3331 1279 3407 ποταμδε
1304 3327 1334 3395 δὲ
1357 3329 1517 3411 Ὀδρθσσνε

338 3436 419 3518 θέων.
467 3437 505 3502 ln
535 3436 626 3503 libris
654 3441 719 3503 est:
751 3438 893 3514 ποταμὸς
924 3435 956 3500 δέ
985 3436 999 3500 θ
1029 3435 1121 3517 ῥύμας
1149 3433 1215 3518 (vel
1238 3435 1359 3518 θρυμοο)
1386 3435 1517 3518 iteruin

339 3561 401 3626 quo
431 3563 494 3609 non
521 3547 648 3608 tentum
679 3543 802 3623 ίδρθσήε
833 3541 971 3626 latebat,
1002 3541 1058 3608 aed
1080 3542 1202 3621 ίδρίσνς
1224 3539 1305 3608 ⁰00.
1352 3541 1518 3609 Notissima

266 3663 268 3668 ·
338 3647 377 3714 de
400 3669 495 3715 censa
517 3649 549 3716 δέ
572 3654 605 3715 et
628 3649 673 3717 ἐπι
696 3648 804 3715 locum
830 3651 914 3715 inter
936 3669 970 3714 se
992 3653 1129 3714 mutant.

383 3858 491 3927 Nimis
518 3859 741 3927 formidolosus
772 3858 947 3925 Kramerus
973 3856 1123 3945 plurimis
1153 3853 1231 3921 locis
1259 3859 1361 3922 certas
1383 3850 1520 3921 emendo

338 3971 441 4036 tiones
470 3970 505 4032 in
531 3969 616 4033 notis
645 3969 803 4033 memorat
834 3970 866 4031 et
896 3963 1139 4030 absurdissimae
1169 3964 1341 4048 scripturas
1374 3964 1409 4026 iu
1438 3963 1519 4025 textu

338 4078 463 4140 retinet.
510 4071 621 4140 Edidit
650 4093 724 4160 pag.
756 4069 832 4136 552.
863 4071 880 4145 ή
905 4069 1155 4147 πολεμήσΑνταε
1177 4069 1235 4146 μέν
1258 4065 1292 4143 ἦν
1316 4067 1443 4134 δυνατὸν
1463 4065 1519 4130 δια·

339 4181 458 4260 βαίνειν
488 4181 523 4245 ἐκ
554 4185 611 4244 τῶν
642 4182 742 4245 τθπων
774 4177 887 4243 τούτων
920 4213 963 4227 --
994 4178 1281 4255 ονμμαχήσΑνπαε
1308 4176 1335 4240 δ’
1359 4174 1518 4244 οὶδθνασονο

340 4281 468 4352 Clamat
499 4289 655 4352 sententia
677 4305 791 4351 verum
814 4305 881 4350 esse
905 4284 1155 4357 πολεμήσοντας
1178 4281 1221 4345 ad
1241 4281 1349 4346 θοίίννν
1368 4278 1518 4362 petendas

340 4397 373 4461 et
403 4396 689 4472 συμμαχήσοντας
719 4393 762 4456 ad
789 4389 937 4456 οωοΐίΐιιιν
958 4390 1135 4476 famulam.
1181 4389 1303 4452 Auctor
1332 4394 1381 4453 est
1415 4384 1520 4452 Corsis

340 4509 378 4568 ut
396 4501 443 4566 ita
460 4499 604 4588 legatur,
627 4499 736 4582 „idque
753 4519 825 4563 ιοαε
844 4495 978 4562 πείθεθ’
996 4495 1152 4562 Kramero
1172 4491 1228 4576 aad
1245 4493 1396 4580 putidum
1407 4493 1518 4562 vitiam
