3404 5192
747 421 812 492 607

182 615 353 676 annotatur
375 612 415 677 ud
438 621 477 676 A.
504 609 581 676 365.
605 611 640 676 τέ
671 610 774 676 ἀνύω
798 610 976 692 Φυλακτέον
999 611 1049 676 έιιὶ
1073 616 1127 676 τοῦ
1151 613 1248 676 αὐτοῦ
1270 609 1369 678 τύνου.

182 717 288 788 ἐυεςὼς
319 716 382 796 γάρ
407 718 468 785 ε’ςιν
493 716 562 781 ἀντὶ
584 716 752 794 μέλλοντος
776 720 808 781 et
832 717 872 782 ud
894 727 931 782 T.
957 716 1032 782 452.
1056 717 1091 781 τὸ
1116 717 1146 783 δέ
1177 717 1279 782 ἀνύω
1311 717 1373 795 βα·

181 823 306 902 ρυτύνως
334 819 536 901 ἀναγνωςέον.
564 819 609 889 ἐει
634 823 697 902 γὰρ
720 823 826 895 ένεςιδο
851 823 919 888 ἀντὶ
944 823 1122 898 μέλλοντος.

228 928 320 994 Iliad.
346 941 382 995 Χ.
410 927 464 996 67.

546 1033 632 1105 κύνει
647 1071 689 1084 -
703 1034 824 1112 ἀμνςα)
849 1035 997 1116 ἐρύουσιν,

184 1143 201 1217 ἡ
223 1139 315 1216 διτλῆ
336 1135 382 1205 ύτι
401 1137 507 1223 χρόνος
528 1139 686 1215 ἤλλακται
707 1141 776 1205 ἀντὶ
797 1146 850 1206 τοῦ
875 1142 1093 1222 έρύσουσιν.
1118 1141 1231 1229 Odyss.
1246 1151 1280 1205 Z.
1296 1135 1371 1207 174.

882 1249 914 1312 ού
938 1249 1001 1328 γάρ
1025 1249 1073 1313 ὀΐω

343 1351 496 1417 παύσεσθ’
521 1353 596 1417 ἀλλ’
621 1349 665 1416 ἐτι
690 1351 796 1417 τολλά
820 1352 877 1417 deri
902 1351 1039 1418 τελέουσι
1064 1352 1213 1433 σύροιέεν.

185 1462 370 1526 annotetur:
392 1457 613 1522 τελέσουσιν
637 1459 679 1530 εἷς
702 1463 737 1523 τὸ
759 1457 944 1535 μετέπειτα.
970 1459 1009 1524 od
1032 1458 1123 1524 Diod.
1148 1469 1186 1524 Π.
1214 1455 1290 1522 129.
1313 1452 1373 1531 ἐγὼ

184 1563 218 1630 δέ
249 1588 284 1628 κε
314 1564 390 1628 λαὸν
420 1565 534 1642 ἀγείρω
567 1562 708 1628 scholion
735 1569 800 1628 est:
827 1564 932 1637 ένεςέις
956 1563 1112 1641 σνμαένων
1135 1563 1305 1642 μέλλοντα.
1330 1596 1374 1609 ·-

185 1664 262 1735 ούτω
281 1669 335 1734 καὶ
356 1669 391 1733 τδ
416 1668 610 1750 ἐρύουσιν.
635 1664 728 1742 οὕτως
750 1668 853 1734 δέκα)
877 1668 1070 1753 Ἀρέςαρχος.
1096 1669 1211 1757 Odyss.
1230 1678 1276 1734 M.
1296 1663 1374 1732 388.

370 1776 395 1840 εἰ
419 1771 451 1840 δέ
475 1797 526 1851 μοι
551 1775 583 1839 ού
607 1773 723 1840 τέσουσι
747 1776 827 1853 βοῶν
849 1776 973 1841 ἐπιεικέ’
997 1777 1145 1855 ἀμοιβήν,

370 1879 501 1958 δύσομαι
526 1882 569 1952 εἷς
594 1880 702 1944 Ἀΐδαο
727 1881 779 1944 καὶ
804 1879 834 1944 ἐν
858 1880 996 1946 νεκύεσσι
1019 1881 1148 1963 φαείνω.

186 1987 345 2054 scholion:
370 1985 405 2050 τὸ
429 1985 585 2066 φαεένω
610 1985 751 2057 ένεςωτέι
776 1986 838 2054 ἐςιν
862 1987 930 2050 ἀντὶ
953 1992 1007 2052 τοῦ
1030 1986 1208 2061 μέλλοντος.

233 2092 444 2158 Vehementer
465 2093 563 2156 miror
583 2091 803 2155 Aristarchum
823 2111 947 2176 quoque
965 2095 999 2156 in
1018 2092 1078 2157 hoo
1097 2094 1253 2177 opinionis
1272 2112 1375 2158 errore

187 2219 254 2265 esse
285 2203 448 2263 versutum
481 2202 519 2261 ut
549 2196 688 2260 crederet
718 2200 751 2260 et
772 2214 828 2280 pro
842 2197 958 2280 futuro
981 2202 1123 2282 temporo
1139 2219 1281 2280 ρσσοιοιι
1303 2197 1377 2261 sub·

187 2305 280 2368 stitui
300 2322 410 2387 posse,
429 2306 461 2367 ot
480 2300 553 2366 flios
572 2301 689 2366 formes
701 2301 872 2384 praesentis
894 2305 1047 2388 temporie
1069 2319 1150 2367 esse:
1172 2302 1226 2367 sed
1250 2303 1377 2367 disertis

188 2409 362 2474 Aristonici
387 2412 419 2472 et
440 2406 616 2472 Herodiuni
639 2409 832 2472 testimoniis
855 2406 983 2472 difficile
1005 2411 1136 2472 estnon
1160 2407 1295 2473 eredere.

233 2511 270 2576 In
293 2511 441 2578 omnibus
464 2513 515 2576 his
538 2512 649 2577 formis
672 2511 785 2599 lingua
804 2511 977 2578 Homerios
996 2512 1034 2577 nd
1056 2515 1210 2578 amussim
1230 2533 1376 2580 eumve·

188 2623 254 2683 tere
284 2619 392 2686 Atura
422 2616 557 2683 dialecto
586 2618 753 2701 conspiret.
800 2616 838 2681 In
870 2618 986 2702 quibus
1016 2618 1123 2682 verbis
1154 2626 1263 2683 enon
1289 2618 1323 2682 in
1347 2625 1375 2682 H

187 2723 387 2808 producitur,
408 2725 436 2788 si
455 2728 503 2787 est
522 2722 774 2806 antepenultimo
795 2723 899 2806 έοιιρο,
920 2731 943 2787 C
962 2725 996 2786 in
1015 2721 1124 2788 futuro
1142 2743 1204 2789 non
1229 2723 1376 2808 eliditur,

188 2835 226 2894 ut
253 2831 288 2893 in
319 2826 538 2910 ἐπαινέσομαι,
569 2826 750 2911 αἱδέσομαι,
786 2829 924 2907 ἀρκέσω,
960 2827 1080 2892 νεικέσω
1115 2835 1148 2894 et
1183 2830 1377 2913 ἀχέέσομαι,

189 2955 326 3020 qnorum
352 2933 511 2997 αἰδέσεται
535 2937 567 2998 et
591 2931 711 2997 νεικέσω
735 2937 767 2997 et
789 2932 909 3010 ἀρκέσει
931 2932 1105 2999 Homerios
1127 2938 1212 2999 sunt.
1261 2930 1379 2999 Oontru

188 3041 247 3105 ubi
268 3039 375 3104 brevis
399 3042 447 3103 est
471 3036 741 3122 antepenultima,
767 3046 789 3101 c
811 3037 918 3123 ubique
941 3058 1069 3104 summa
1090 3041 1266 3105 constantie
1284 3039 1378 3104 omit

189 3147 279 3211 titur.
327 3150 445 3221 Γωμεῖυ
468 3143 565 3208 habet
587 3141 735 3206 futurum
759 3141 870 3219 γαμέω
894 3141 987 3208 nied.
1012 3153 1036 3208 1.
1062 3141 1138 3208 388.

372 3249 477 3327 κούρην
501 3248 527 3313 δ’
549 3249 582 3312 ού
605 3246 749 3324 γαμέω
773 3247 1007 3327 Ἀγαμέμνονος
1032 3249 1207 3333 ζΑτρεΐδαο.

190 3359 222 3421 et
245 3376 290 3423 vs.
317 3353 392 3420 391.
418 3353 484 3419 οὐδέ
507 3375 559 3429 μιν
583 3348 621 3426 ὦς
646 3352 769 3430 γαμέω.
793 3360 825 3419 et
849 3351 963 3441 Odyss.
990 3363 1030 3418 0.
1055 3353 1131 3419 622.

810 3459 942 3536 μέμονέν
963 3484 999 3524 τε
1022 3457 1148 3536 μάλιεα

371 3565 478 3644 μητέρ’
503 3565 579 3642 έμύιν
602 3562 736 3642 γαμέειν
759 3563 812 3628 καὶ
839 3563 1007 3639 Ὀδυσσῆος
1031 3563 1127 3644 γέρας
1151 3561 1240 3644 ἕξειν.

235 3680 347 3737 Τελεῒυ
370 3671 467 3738 habet
491 3671 638 3736 futurum
662 3669 774 3750 τελέω,
799 3671 949 3748 ἐκτελέω,
974 3669 1132 3736 τελέεσύαι
1157 3670 1217 3736 σέ.
1265 3668 1379 3758 Odyss.

190 3789 224 3844 B.
249 3777 325 3843 266.

507 3883 607 3947 τελέει
634 3883 659 3947 δ’
684 3883 747 3949 ύδδν
771 3884 881 3948 ούποτε
906 3883 1034 3957 ταύτην.

236 3991 348 4077 Odyss.
375 4000 410 4054 Σ.
436 3986 511 4052 888.

506 4089 524 4167 ἦ
547 4091 640 4175 τύχα
663 4087 707 4157 τοί
732 4092 858 4158 τελέω
882 4092 987 4158 κακέ.

237 4199 348 4287 Odyss.
375 4209 415 4263 A.
442 4197 519 4263 664.

506 4305 615 4384 Φάμεν
639 4303 671 4369 δέ
695 4305 721 4368 οἱ
744 4307 776 4370 ού
800 4302 1030 4370 τελέεσθαι.

236 4408 349 4496 Odyss.
376 4419 415 4475 Ψ.
432 4407 519 4494 1284.

437 4514 479 4578 τά
505 4515 536 4580 δέ
560 4538 611 4592 μοι
636 4513 723 4596 Φάτο
746 4513 854 4580 τάντα
877 4515 1102 4580 τελεῖσθαι.
