3404 5192
902 383 968 452 318

342 573 528 642 annotatur:
559 582 692 642 TINec
724 575 823 659 φασίν
852 575 945 647 ἐνίους
971 574 1160 653 ἠγνοηκότας
1182 577 1218 640 τὸ
1243 572 1304 647 ἔθος
1329 578 1383 638 τοῦ
1407 579 1534 648 ποιητοῦ

342 675 387 744 ύτι
420 680 481 753 ἔθος
505 681 566 750 scu
591 683 674 763 αὐτῷ
699 681 762 746 cirri
787 685 840 745 τοῦ
867 689 944 745 ΓΛΡ
969 678 1121 762 ἄρχεσθαι
1148 680 1198 745 διὰ
1222 684 1311 744 τοῦτο
1336 678 1533 744 πεπλακέναι

342 788 393 852 τὸν
416 786 516 868 ςίχον.
551 786 613 867 Qui
635 793 711 852 sunt
733 785 785 851 illi
808 781 907 857 τινέςί
931 781 1134 851 Callistratus
1156 787 1304 862 fortasse,
1329 785 1384 850 sed
1407 805 1471 850 non
1495 784 1535 850 de

342 911 399 956 suo
422 895 469 957 ita
490 892 611 957 iudicat
634 892 689 956 sed
713 891 890 956 Aristarchi
913 891 1072 957 iudicium
1090 895 1243 977 sequitur.
1277 891 1416 956 Fallitur
1434 893 1535 957 ctiam

342 995 427 1081 quod
466 997 594 1061 scribit:
639 995 732 1068 ἐνίους
776 995 973 1061 πεπλακέναι
1012 997 1064 1060 τὸν
1097 996 1197 1076 ςίχον.
1257 995 1381 1076 Quanto
1417 996 1536 1062 melius
1667 1044 1668 1066 .

342 1101 540 1166 Aristonicus
562 1121 602 1164 ex
624 1101 825 1166 Aristarcho:
851 1102 1007 1166 οὶίετεῑται
1031 1105 1069 1174 ὡς
1093 1104 1126 1167 ἑκ
1150 1111 1206 1177 τῆς
1232 1100 1363 1175 Ἰλιάδος
1391 1100 1437 1188 (Β.
1463 1101 1531 1188 56).

342 1205 614 1284 μετενηνεγμένος.
647 1214 766 1283 γελοῖον
796 1208 828 1271 δὲ
858 1208 955 1272 είπεῖν
985 1207 1037 1271 καί
1071 1207 1148 1295 (leg.
1182 1208 1213 1272 δὲ
1244 1208 1310 1271 καί
1344 1209 1454 1292 εἰπεῖν)
1481 1207 1534 1272 τὸν

343 1311 373 1374 ἐν
399 1309 485 1392 λθχῳ
505 1310 744 1376 ααθύπνωκὲναι.
769 1313 964 1399 Agnoscisne
980 1313 1158 1379 Aristarchi
1179 1309 1334 1378 acumen?
1357 1313 1535 1379 Nenmbra

343 1417 552 1483 dubitationis
575 1419 711 1502 supersit
734 1418 811 1484 audi
833 1419 1049 1483 Aristonicum
1074 1418 1113 1484 ad
1136 1418 1227 1485 11111.
1252 1430 1286 1484 Β.
1312 1417 1367 1483 56.

526 1525 636 1600 κλῦτε,
662 1522 767 1604 φίλοι·
793 1523 868 1595 θεῒίς
892 1547 942 1601 μοι
968 1523 1101 1588 ἐνύπνιον
1125 1521 1212 1600 ἦλθεν
1236 1523 1351 1604 ύνειρος.

345 1627 359 1690 ὃ
389 1627 548 1707 ὥςερίοκος
580 1625 625 1692 ύτι
657 1629 687 1691 ἐν
718 1638 756 1708 τῇ
789 1639 810 1695 Ξ
843 1637 898 1703 τῆς
923 1628 1108 1700 Ὀδυσσείας
1132 1635 1233 1700 κακῶς
1257 1628 1399 1710 φέρεται.
1445 1630 1533 1708 lam,

344 1733 451 1817 credo,
487 1733 566 1818 quid
598 1735 644 1799 rei
678 1735 722 1800 sit
755 1733 848 1799 facile
882 1733 1087 1822 intelligitur.
1146 1734 1349 1800 Aristarchus
1383 1739 1416 1800 et
1450 1735 1536 1800 hunc

344 1859 474 1904 versum
503 1843 535 1904 et
565 1837 703 1904 alterum
733 1837 846 1926 Odyss.
876 1863 910 1917 μ.
944 1839 1021 1905 271.
1052 1839 1210 1918 ὤβέλισεν.
1257 1840 1329 1906 Non
1351 1844 1476 1926 poterat
1499 1859 1538 1904 ea

344 1943 430 2008 fraus
453 1944 673 2010 Aristarchum
696 1944 795 2012 latere
819 1965 915 2030 quam
939 1965 1022 2011 unus
1045 1949 1178 2030 quisque
1201 1951 1347 2010 nostrum
1365 1952 1425 2010 τῶν
1448 1951 1537 2026 φιλο-

343 2050 445 2128 μήρων
468 2047 556 2114 facili
578 2052 707 2138 negotio
730 2051 962 2136 deprehendere
985 2053 1151 2136 potuisset.
1200 2049 1402 2116 Callistratus
1426 2055 1536 2116 autem

343 2155 518 2221 Aristarchi
548 2156 705 2222 iudicium
736 2162 865 2222 secutus
894 2159 1027 2222 coniecit
1057 2177 1113 2221 cur
1140 2177 1251 2222 versus
1284 2155 1407 2221 alienus
1440 2156 1538 2220 tuerit

342 2263 565 2346 interpositus:
606 2281 722 2347 nempe
764 2281 803 2326 ex
835 2263 1035 2348 ignoratione
1077 2261 1314 2327 consuetudinis
1347 2259 1537 2326 Homericae

343 2366 479 2432 111111
500 2374 577 2430 ΓΑΡ
599 2363 762 2446 ἄρχεσθαι.
787 2365 889 2430 Miror
909 2373 1018 2430 autem
1038 2366 1222 2430 Beklrernm
1243 2370 1348 2450 spreta
1359 2366 1537 2431 Aristarchi

343 2474 498 2538 sententia
520 2473 688 2535 retinuisse
710 2469 907 2538 versiculum
931 2474 1022 2555 quasi
1045 2474 1152 2536 omnia
1176 2473 1221 2536 sic
1241 2474 1362 2557 optime
1383 2472 1537 2538 haberant

344 2583 376 2642 et
397 2576 481 2642 nihil
503 2577 632 2642 omnino
654 2579 735 2640 esset
759 2574 967 2640 difficultatis.

389 2681 536 2748 Tertium
565 2684 600 2745 in
630 2679 730 2746 simili
760 2701 795 2746 re
825 2679 1078 2766 interpolationis
1109 2681 1293 2767 exemplum
1324 2685 1481 2768 reperitur
1502 2686 1539 2750 in

343 2787 436 2852 11111.
470 2796 512 2851 Ψ.
545 2784 620 2851 620.
652 2784 709 2850 ubi
737 2784 880 2852 Achilles
911 2785 950 2852 11
981 2786 1148 2852 Nestorem
1179 2789 1214 2851 in
1244 2787 1330 2852 ludis
1351 2788 1539 2854 funebribus

344 2891 483 2958 Patrocli
506 2893 552 2956 ita
575 2891 671 2958 dicit:
1366 2945 1378 2970 ‚

853 2998 958 3076 δίδωμι
983 2998 1014 3063 δέ
1038 3022 1084 3063 τοι
1110 2999 1172 3065 τύδ’
1199 2997 1306 3066 ἄεθλον

482 3103 600 3176 αὔτως·
625 3105 658 3170 οὐ
682 3103 748 3184 γὰρ
770 3102 834 3180 πύξ
858 3129 897 3180 γε
921 3107 1087 3186 μαχήσεαι
1112 3105 1179 3170 οὐδὲ
1202 3105 1388 3179 παλαίσεις.

481 3210 548 3276 οὐδέ
572 3213 602 3274 τ’
625 3212 786 3279 οὶκοντιςὺν
810 3211 969 3284 ἐσδύσεαι,
995 3211 1062 3276 οὐδὲ
1085 3211 1210 3277 πόδεσσι

482 3316 621 3382 θεύσεαι·
647 3315 701 3392 ἤδη
725 3316 788 3394 γὰρ
811 3316 956 3396 χαλεπὸν
982 3316 1067 3381 κατὰ
1091 3322 1191 3396 γῆρας
1215 3317 1344 3394 ἐπείγει.

475 3419 547 3496 Ὠς
571 3423 675 3488 serrae
700 3423 730 3487 ἒν
754 3421 844 3503 χερσί
869 3423 962 3487 τίθει·
986 3419 1000 3486 ὃ
1026 3422 1057 3486 δὲ
1080 3421 1190 3499 δέξοιτο
1213 3423 1341 3502 χαίρειν.

381 3527 457 3594 625.
481 3527 536 3593 καί
559 3550 611 3604 μιν
634 3527 780 3608 φωνήσας
803 3528 897 3592 ιέτεα
920 3530 1088 3608 πτερόεντα
1112 3527 1288 3608 προσηύδα·

483 3632 562 3720 [Ναὶ
586 3633 621 3707 δὴ
645 3633 750 3698 vcors
776 3656 815 3710 γε
840 3633 963 3708 ποίντοο,
991 3632 1095 3709 τέκος,
1118 3634 1203 3698 κατὰ
1227 3641 1336 3714 μοῒροιν
1361 3629 1499 3720 iratres]

481 3739 513 3802 ού
537 3747 614 3805 ΓΑΡ
639 3736 685 3803 ἔτ’
711 3735 833 3816 ἔμπεδα
858 3746 954 3824 γυῖα,
978 3739 1092 3821 φίλος,
1118 3737 1207 3812 πόδες
1231 3740 1291 3805 οὐδ’
1316 3735 1360 3804 ἔτι
1384 3746 1488 3820 χεῖρες

481 3843 568 3922 ύμιον
590 3843 807 3925 ἀμφοτέρωθεν
832 3844 1033 3911 ἐπαΐσσονται
1059 3844 1208 3925 ἐλαφραί.

389 3949 476 4016 Audi
504 3971 589 4014 nunc
619 3949 795 4015 Aristarchi
825 3951 1060 4014 annotationem
1088 3949 1127 4015 ad
1149 3970 1197 4014 rs.
1224 3947 1301 4016 627.
1327 3945 1534 4025 citarista

344 4057 407 4123 ciri
438 4059 492 4120 τοῦ
523 4063 602 4120 rAP
634 4053 770 4135 ἄρχεται
802 4054 836 4118 τὸ
868 4055 1040 4120 αίτιατικὸν
1064 4054 1231 4134 προτάξας.
1257 4053 1319 4120 Sed
1341 4055 1473 4133 Nestor,
1498 4060 1536 4121 ut

344 4167 381 4228 tu
403 4163 510 4241 vides,
534 4164 588 4226 οὐκ
612 4161 675 4226 cirri
699 4163 753 4225 τοῦ
774 4169 852 4224 ΓΑΡ
878 4158 1006 4240 ἤρξατο,
1030 4160 1085 4226 sed
1109 4181 1128 4225 a
1149 4161 1275 4226 verbis:

455 4267 521 4331 Ναί
547 4266 582 4341 ab
605 4267 772 4343 ταῦτάγε
797 4264 927 4342 ποίντα,
951 4265 1057 4342 τέκος,
1082 4267 1167 4332 κατὰ
1191 4275 1300 4345 μοῖραν
1323 4265 1447 4337 iratres.

390 4371 475 4450 Quid
497 4377 606 4438 autam
629 4377 734 4458 potest
757 4393 824 4438 esse
847 4373 881 4436 in
903 4373 963 4438 tali
985 4393 1019 4438 re
1043 4373 1221 4438 evidentius
1246 4393 1342 4458 quam
1366 4373 1533 4440 Nestorem

346 4497 492 4541 exorsum
516 4498 582 4542 esse
604 4478 655 4544 his
678 4477 806 4543 verbis:
