3410 5180
942 323 1013 440 aaa

383 557 505 640 βθιισιον
537 559 672 640 μηθένα,
704 561 785 638 μθπε
816 561 994 641 πράττοντα
1020 558 1149 640 πράξαν.
1196 558 1390 626 Mendaeum
1413 569 1462 629 eat
1486 561 1578 627 άναι-

383 668 505 740 σθνπῶν.
553 667 625 734 Non
654 666 877 734 Demosthenis
908 667 963 733 sed
993 667 1122 752 Epicuri
1145 667 1282 733 verbnm
1306 673 1354 732 est
1377 669 1577 744 ἀναισθητεῖν

381 771 563 860 significans
584 797 671 839 εσιισιο
695 795 796 838 cerere
818 773 857 839 de
880 775 1036 857 mortuis,
1059 792 1121 838 non
1148 773 1271 837 νθαθθνοι
1294 796 1329 836 cc
1350 774 1492 837 ιθοθίάιιπι
1512 798 1577 840 εσσε

382 879 421 944 de
443 880 545 951 vivis.
569 880 654 966 quod
676 879 795 945 dicitur
816 879 997 952 άναθσθνπος
1025 875 1101 944 εἶναι
1127 883 1159 944 et
1180 879 1369 953 ἀναισθήτως
1394 878 1489 961 ἔχειν.
1537 880 1577 944 In

383 985 532 1050 omnibns
561 985 652 1051 libris
683 990 731 1050 est
761 986 963 1064 άναθσθνσον,
995 987 1029 1050 in
1059 1004 1122 1050 uno
1154 987 1308 1070 pessimae
1339 991 1432 1052 notae
1468 986 1578 1052 futilis

382 1097 537 1157 corrector
557 1093 744 1164 ἀναισθητῶν
761 1094 913 1177 reposuit.
948 1090 1136 1179 Legendum
1155 1095 1252 1171 τυχὸν
1269 1093 1326 1168 μὲν
1342 1093 1577 1176 άναισθθσΩο,

383 1197 417 1262 id
440 1200 488 1262 est
509 1197 660 1272 άνοθπως,
685 1197 815 1272 ἠλιθίως.

429 1404 508 1492 Peg.
543 1402 619 1470 302.
653 1405 706 1471 11.
738 1405 857 1481 ταὺτιιν
888 1409 942 1484 τὴν
974 1409 1077 1489 Φωνθρν
1109 1408 1217 1479 ἐκεῖνος
1252 1407 1436 1494 (Philippu)
1467 1411 1577 1489 ὑφῆκε

386 1510 520 1583 πολλοὺς
544 1511 596 1576 καὶ
621 1513 741 1592 θρασεῖς
764 1511 806 1578 τά
831 1513 886 1591 πρθ
911 1511 1022 1578 ποὺπων
1047 1521 1086 1594 τῇ
1110 1513 1198 1580 πθλει
1224 1511 1419 1589 θπαιρθμενος
1449 1513 1574 1592 λόγους.

387 1616 472 1697 Quid
496 1621 543 1683 est
567 1618 744 1698 ἐπαίρεσθαι
768 1616 899 1696 ιθγουςθ
945 1618 1036 1684 Nihil
1059 1639 1195 1705 prorsus.
1244 1618 1411 1685 Praeterea
1432 1641 1482 1686 res
1505 1623 1578 1706 ipsa

387 1728 420 1788 et
441 1722 483 1788 πά
506 1723 561 1803 πρὸ
581 1723 694 1790 τούτων
706 1726 869 1809 praeteriti
889 1727 1042 1810 temporis
1061 1726 1267 1811 participium
1286 1727 1463 1810 requirunt.
1499 1725 1577 1792 Sus·

384 1830 473 1915 picor
513 1829 762 1898 Demosthenem
803 1831 919 1896 dixisse
961 1831 1095 1904 πολλοὺς
1130 1831 1181 1895 καὶ
1217 1833 1336 1912 θρασεῖς
1370 1840 1576 1909 ΠΡΟΕμενσς

386 1934 506 2014 λάγους.
532 1943 570 2002 ut
591 1957 667 2025 pag.
693 1935 768 2003 377.
792 1935 844 2002 10.
869 1935 917 2002 θνα
937 1936 1031 2013 μηδὲν
1052 1936 1186 2002 ἐνανπθσν
1205 1936 1283 2014 μηδὲ
1302 1939 1386 2017 ρ’ἣμα
1411 1963 1436 2002 π
1444 1935 1575 2018 ρθηται

389 2041 544 2108 Φιλθππω.

431 2255 511 2341 Peg.
545 2250 622 2319 303.
655 2250 710 2318 27.
741 2250 922 2330 θμολθγνιιε
946 2259 997 2317 νῦν
1021 2255 1055 2331 γ’
1080 2254 1161 2332 ὑμάς
1188 2251 1339 2334 ὑπάρχειν
1361 2254 1576 2332 'erment-

388 2385 450 2433 νονς
476 2359 530 2438 ἐμὲ
554 2361 610 2438 μὲν
634 2359 739 2438 λέγειν
766 2359 839 2438 ὑπὲρ
863 2366 918 2434 τῆς
944 2357 1106 2438 πατρίδος,
1133 2360 1226 2426 αὑτὸν
1250 2359 1279 2425 δ’
1306 2360 1379 2441 ὑπὲρ
1403 2361 1575 2426 Φιλίππου·

385 2468 418 2532 οὑ
455 2467 518 2547 γάρ
553 2465 591 2532 άν
627 2473 890 2543 μεπαΠΕΙΘΕΙΝ
926 2465 1009 2542 ὑμᾶς
1046 2463 1156 2545 ε’ζθτει.
1211 2465 1309 2531 Estne
1342 2466 1421 2533 haec
1454 2464 1577 2534 Graeca

386 2576 504 2650 oratic,
528 2577 565 2637 ut
588 2590 625 2637 eo
648 2591 741 2637 sensu
765 2570 891 2637 dicatur
914 2571 974 2651 ἕγθν
996 2569 1176 2650 ἔγνωομαι,
1197 2571 1250 2637 vel
1271 2572 1401 2653 ὑπάρχω
1422 2573 1577 2651 ἐγνωσμέ-

386 2676 454 2751 coc?
487 2677 674 2761 Numquam
697 2676 834 2742 credam.
869 2676 1023 2743 Dicebant
1048 2677 1275 2756 γιγνώσκεσθαι
1295 2699 1353 2764 pro
1376 2685 1477 2743 αοθνσε
1499 2701 1576 2763 erae,

386 2789 424 2848 ut
454 2803 528 2870 pag.
561 2782 638 2848 202.
672 2781 724 2848 10.
759 2782 786 2846 si
816 2806 863 2853 τις
891 2783 992 2848 αὑτῶν
1016 2783 1129 2864 άφθλοι
1153 2783 1188 2847 πὸ
1213 2785 1439 2864 γιγνώσκεσθαι
1464 2784 1516 2848 καὶ
1542 2784 1576 2850 τὸ

385 2898 424 2970 τῇ
456 2894 541 2972 Φωνῇ
572 2888 675 2966 λέγειν
706 2888 862 2962 derenci,
896 2889 950 2954 sed
985 2889 1176 2976 nihiLhinc
1208 2888 1401 2976 proficimus.
1448 2889 1498 2954 Ex
1529 2911 1575 2975 eq.

385 2996 584 3073 μεταπείθειν
608 2995 665 3061 lux
689 2995 830 3083 effulget.
867 2994 999 3060 Dixerat
1022 2995 1103 3073 ὑμάς
1128 2993 1280 3076 ὑπάρχειν
1301 2997 1575 3074 ΠΕΠΕΙσμένοως,

386 3107 419 3167 et
449 3105 495 3168 sic
526 3102 701 3168 rectissime
723 3101 862 3166 addidit:
887 3102 921 3165 οὑ
946 3101 1008 3181 γάρ
1034 3099 1072 3168 άν
1091 3102 1331 3167 ΜΕΤΑπεθθειν
1356 3102 1439 3179 ὑμάς
1461 3101 1575 3183 ἐζήτει.

431 3207 517 3273 Fieri
541 3210 639 3273 etiam
663 3212 766 3293 potest
786 3211 824 3271 nt
844 3205 965 3292 aliquid
986 3207 1147 3273 exciderit.
1188 3205 1378 3295 Comparate
1401 3211 1487 3273 eninr
1505 3207 1576 3274 loco

350 3329 458 3402 ''pag.
483 3310 536 3378 43.
562 3311 616 3377 25.
643 3315 681 3384 cic
706 3311 880 3389 ἐγνωκότων
906 3311 987 3390 ὑμῶν
1007 3311 1059 3376 καὶ
1081 3311 1291 3392 πεπεισμένων
1311 3312 1453 3391 παὺομαι
1474 3312 1576 3390 λέγων

386 3421 506 3506 optime
536 3419 738 3483 restituetur:
771 3421 822 3482 νῦν
854 3417 888 3496 γ’
920 3419 1002 3494 ὑμάς
1039 3417 1192 3500 ὑπάρχειν
1229 3419 1466 3503 θγνω(ΚοΤΑΟ
1501 3427 1572 3484 ΚΑΙ

383 3522 664 3603 ΠεΠεΙ)σμθνονς.
712 3522 843 3589 Passive
873 3522 960 3589 idem
991 3545 1062 3612 pag.
1097 3523 1173 3589 527.
1208 3526 1261 3590 11.
1292 3526 1338 3590 sic
1368 3525 1502 3590 dicitnr:
1535 3524 1574 3589 θιν

384 3631 447 3713 γάρ
472 3631 561 3695 ταῦθ’
585 3626 678 3702 οὑτως
702 3628 884 3707 ἐγνωσμένα
908 3628 1034 3710 ὑπάρχῃ
1056 3629 1131 3711 παρ’
1157 3630 1240 3708 ὑμῖν.

432 3841 512 3930 Peg,
538 3837 614 3908 307.
639 3834 692 3904 26.
719 3839 751 3904 r!
774 3839 837 3921 γάρ
862 3841 878 3914 θ
901 3841 938 3916 σὺ
959 3839 1090 3914 δεινθπιςς
1110 3839 1153 3911 εἷς
1172 3837 1270 3914 θννσιν
1289 3836 1352 3913 ἥκει
1371 3847 1410 3921 τῇ
1431 3837 1572 3920 παπρθὺις

386 3947 510 4013 Mirum
539 3951 572 4012 et
595 3946 777 4010 inauditnm
800 3945 951 4030 loquendi
974 3965 1075 4033 genus
1098 3950 1130 4011 et
1153 3946 1358 4013 vehementer
1379 3949 1572 4031 suspectum.

385 4053 509 4120 Poterit
530 4053 661 4118 fortasse
684 4073 759 4118 vera
782 4051 877 4118 lectio
900 4051 975 4118 elici
998 4073 1036 4118 ex
1058 4073 1132 4139 pag.
1159 4048 1233 4116 328.
1261 4049 1313 4115 13.
1339 4049 1450 4128 ιθγονς
1478 4050 1573 4115 συνεθ-

383 4182 425 4239 ρει
445 4196 487 4209 -
507 4156 604 4232 tenen
634 4157 691 4235 μὲν
714 4157 859 4236 οὑδεμθαν
880 4155 1031 4237 φέροντας
1054 4195 1111 4235 -,
1137 4155 1300 4238 συμφοράν
1323 4155 1355 4221 δὲ
1379 4159 1421 4236 τῷ
1445 4156 1574 4237 πνχθντι

384 4270 443 4329 τῶν
472 4270 603 4329 πολιτῶν
635 4263 685 4327 καὶ
719 4264 815 4337 κοινὴν
851 4264 1013 4342 αἰσχύνειν.
1061 4261 1151 4342 Quod
1187 4265 1273 4327 enim
1308 4261 1421 4329 Latine
1456 4264 1576 4330 dicii-ur

384 4391 444 4435 erre
474 4370 596 4446 θοονοσί,
622 4371 735 4452 decori,
759 4369 927 4454 ορρσοθσὶο,
953 4371 1141 4434 emolumento
1165 4374 1197 4434 et
1220 4371 1292 4432 sim.
1341 4365 1460 4435 Graece
1484 4365 1576 4436 sonat

381 4474 485 4556 φέρειν
504 4477 613 4552 τιμάν,
635 4474 799 4559 αθοχὺνην,
820 4474 942 4548 ὄνειδος,
963 4474 1091 4552 κθομον,
1109 4472 1254 4553 βλάβην,
1273 4472 1385 4554 κέρδος,
1403 4474 1574 4562 ὠφέλειαν,
