3410 5180
774 372 838 446 475

211 565 304 633 Nunc
327 586 452 652 quoque
474 567 687 645 πρυτανεύσας
710 567 795 633 idem
819 569 885 634 fere
908 579 956 634 eet
979 568 1063 653 quod
1086 567 1257 649 διοικὺσας,
1280 573 1314 636 in
1337 593 1399 658 quo

210 675 298 738 notio
321 677 374 738 τοῦ
399 673 511 746 πείσας
534 674 600 738 iam
624 675 717 739 inest.

255 881 335 969 Peg.
366 880 443 948 202.
481 880 532 946 16.
565 880 619 946 ἐὰν
651 880 693 946 τοὶ
716 879 838 958 μεταξύ
862 906 908 956 τις
932 884 1059 965 ἐγχειρῇ
1084 880 1189 962 λέγειν
1214 893 1286 950 ΚΑΙ
1311 887 1398 965 ὑμεῖς

211 987 255 1064 μίς
285 986 464 1064 περιμένητε
496 989 623 1071 μαίεῖν,
650 1008 707 1072 pro
731 989 786 1052 καί
807 991 841 1052 in
864 989 1027 1052 Prooemiic
1050 1009 1125 1076 pag.
1153 988 1250 1056 1424.
1276 987 1306 1057 7.
1330 993 1400 1074 (ubi

211 1091 264 1156 hic
285 1091 375 1157 locus
398 1092 600 1175 describitur)
626 1091 649 1156 S
672 1093 800 1158 exhibet
824 1118 928 1170 κατα,
954 1096 1070 1160 caeteri
1093 1095 1146 1159 καί
1170 1097 1269 1163 ταῦθ’.
1317 1097 1400 1164 Bek-

211 1197 279 1262 ker.
314 1204 347 1262 et
365 1197 519 1286 ‘Dindorl
552 1195 637 1278 κᾷτα
667 1199 754 1274 ὑμεῖς
784 1199 957 1274 dederunt,
981 1205 1086 1266 orator
1109 1203 1177 1285 ipse
1201 1198 1269 1284 κρῖί
1300 1203 1398 1282 ὑμεῖς.

213 1312 449 1370 ΚΑΙΘΤΜΕΙΟ
472 1303 625 1370 facillime
648 1307 694 1370 sic
717 1307 876 1390 corrumpi
899 1309 1015 1390 potuit.

256 1511 337 1598 Pag.
361 1512 436 1578 208.
464 1513 494 1581 7.
524 1513 568 1581 έσι
593 1514 672 1598 γοέρ,
695 1512 740 1582 έςι
763 1513 919 1592 Θηβαίους
944 1515 1106 1586 παπεινυὺς
1131 1523 1226 1580 ποιεῖν
1248 1514 1322 1581 ἄνευ
1345 1522 1398 1582 τοὺ

212 1618 472 1697 Λακεδαιμονίους
497 1619 638 1699 ἰσχυροὺς
663 1619 824 1688 καὺιςοὺναι
849 1621 900 1685 καί
926 1618 1005 1685 πολὺ
1029 1644 1069 1697 γε
1091 1626 1210 1704 ρ’ρῖΟΝ·
1233 1625 1272 1696 cic
1292 1621 1318 1686 δ’
1338 1622 1398 1702 ἕγὺ

212 1723 397 1803 πειράσομαι
430 1727 502 1806 πρὸς
534 1726 616 1804 ὑμᾶς
649 1728 754 1792 εἰπεῖν.
802 1726 1005 1815 Legendum:
1039 1765 1080 1776 —
1104 1731 1191 1812 ῥᾷον·
1218 1726 1332 1802 '0an
1356 1730 1399 1795 δέ.

212 1826 265 1893 Sic
289 1833 375 1895 enim
398 1852 454 1916 pro
476 1827 579 1897 ὅντινα
602 1832 633 1897 δὲ
657 1831 765 1914 τρόπον
784 1833 933 1898 omnibus
951 1834 1109 1898 usitatum
1129 1838 1177 1898 est
1196 1833 1316 1919 dicere,
1336 1855 1400 1900 non
1510 1881 1514 1886 -

211 1938 249 2008 ὑς
275 1934 317 2000 δέ.
343 1933 391 2003 Of.
416 1958 488 2026 pag.
514 1936 568 2003 31.
591 1937 622 2003 8.
646 1939 681 2002 τὸ
705 1939 737 2004 δέ
758 1936 896 2003 “Onne
921 1944 1011 2004 τοῦτο
1033 1937 1122 2018 λέγε.

256 2147 336 2234 Peg.
368 2146 446 2212 216.
480 2147 533 2214 11.
559 2148 762 2235 (Alexander)
787 2147 903 2222 ἄλλους
928 2173 963 2214 τε
987 2149 1120 2231 ἓτέριοΘΙ
1144 2149 1196 2215 καί
1219 2149 1271 2214 τὸν
1294 2151 1399 2216 παιδο-

211 2253 319 2333 τρίβην
343 2255 385 2326 είς
410 2257 549 2320 Σικυῶνα
573 2256 772 2335 κατιίγαγεν.
817 2255 1039 2322 Necessarium
1063 2261 1111 2322 est
1134 2255 1284 2336 ἑτέρωθε.

255 2461 335 2551 Peg.
367 2464 445 2531 217.
477 2465 508 2530 l.
541 2466 636 2536 οὐδεὶς
668 2467 739 2543 ὑμῖν
769 2465 1011 2543 ἐγκαλέσει,
1045 2486 1113 2531 sero
1143 2469 1218 2532 nata
1240 2465 1399 2534 semein

210 2568 353 2635 Atticam
377 2572 512 2648 ἐγκαλεῖ
533 2572 742 2640 convertenda
765 2579 823 2638 est.

254 2781 333 2870 Peg.
369 2779 446 2846 219.
478 2781 533 2847 22.
565 2784 596 2847 ἐν
626 2793 697 2855 ταῖς
729 2792 840 2856 κοιναῖς
869 2783 1048 2861 ὁμολογίαις
1073 2782 1279 2865 διειρημένΟΤ
1303 2783 1398 2862 μηδέν

210 2891 341 2952 τοιοῦτον
372 2887 576 2967 εἰσδέχεσθαι.
610 2888 818 2955 manifestum
849 2891 970 2955 vitium
997 2890 1031 2952 in
1055 2891 1203 2955 omnibus
1226 2889 1317 2955 libris
1340 2893 1399 2956 cir·
1471 2963 1473 2968 ,

209 2993 385 3058 cumfertur
406 3014 462 3080 pro
484 2994 705 3075 διειρημένΟΝ.

558 3243 653 3300 ΠΕΡΙ
678 3241 768 3298 Tor
795 3241 848 3298 CT
852 3241 1040 3299 ΕΦΑΝΟΤ.

254 3413 334 3502 Peg.
366 3413 442 3481 227.
479 3415 530 3480 15.
563 3412 667 3480 Σὺλιον
699 3412 800 3487 εὑνους
830 3415 868 3478 ὢν
893 3415 965 3491 ὑμῖν
988 3413 1041 3479 καί
1066 3411 1228 3490 δημοτικὸς
1253 3417 1286 3478 οὑ
1309 3412 1397 3490 μόνον

210 3521 252 3599 τῷ
283 3520 407 3600 γράψαι
437 3520 549 3599 κυρίους
584 3521 666 3606 (τοὺς
698 3521 818 3604 νόμους)
849 3519 923 3602 ᾤετο
953 3521 1015 3585 δεῖν
1047 3515 1141 3596 εἶναι,
1168 3521 1255 3584 οὑλλοὶ
1282 3521 1399 3602 καὶτῷ

210 3629 279 3698 τοὺς
311 3625 491 3708 δικάζοντας
526 3625 636 3714 [ὑμᾶς]
664 3626 866 3703 ὀμωμοκέναι.
891 3629 944 3691 οὑκ
970 3625 1088 3694 οὑπιςὺν
1114 3625 1186 3701 ὑμῖν
1210 3626 1275 3691 κτὲ.
1322 3626 1400 3692 Rec-

210 3735 334 3798 tissime
368 3731 390 3798 S
421 3732 594 3799 molestum
630 3733 712 3809 ὑμᾶς
748 3735 881 3798 omittit.
942 3729 1108 3798 Generalis
1144 3737 1191 3795 est
1226 3734 1399 3797 sententie:

210 3861 306 3903 οιαιιεε
334 3839 455 3904 iudices
484 3841 604 3904 iuratos
637 3859 703 3903 esee
727 3835 820 3903 Solen
845 3836 959 3904 voluit.
1007 3836 1050 3902 Et
1073 3841 1122 3901 eet
1143 3837 1271 3922 ingrate
1289 3857 1401 3922 prono-

210 3948 306 4010 minis
329 3947 476 4030 repetitio
500 3945 587 4021 ὑμῖν,
614 3943 715 4022 ὑμεῖς,
745 3945 827 4022 ὑμῖν.

255 4154 326 4243 Peg
361 4153 437 4220 229.
463 4152 494 4219 6.
518 4153 560 4219 τα
584 4153 642 4231 μέν
664 4151 713 4220 οὑν
737 4151 977 4232 κατηγορημένα
1002 4153 1108 4217 πολλοὶ
1134 4153 1201 4237 [καὶ
1226 4151 1321 4241 δεινοὶ]
1346 4153 1398 4217 καί

210 4261 277 4340 περί
301 4257 338 4326 ὑν
362 4261 443 4326 ένίων
466 4261 617 4339 μεγοίλας
642 4260 693 4324 καί
713 4260 773 4333 τοὶς
794 4258 939 4341 έσχοὺσας
958 4259 984 4324 σι’
1006 4258 1086 4336 νὺμοι
1109 4257 1223 4323 διδέασι
1243 4260 1400 4338 τιμωρίας.

210 4365 325 4454 Spurie
349 4373 422 4432 sunt
447 4368 543 4434 verba
561 4367 604 4432 τα
625 4365 707 4431 δεινοί
726 4371 759 4432 et
781 4361 1093 4452 epaminonda
1115 4366 1241 4428 omissa.
1278 4365 1401 4429 Atrocic

210 4493 276 4540 cese
307 4475 442 4541 crimine
472 4475 506 4538 in
528 4493 561 4539 se
585 4475 725 4538 coniecta
749 4471 912 4558 eliquanto
936 4470 1053 4536 melius
1075 4477 1107 4536 et
1133 4471 1237 4536 acrius
1260 4469 1342 4536 dixit
1367 4473 1401 4535 in
