3208 5158
623 387 688 461 157

85 585 134 646 snt
165 578 310 666 loquetur
342 583 509 666 tamquam
541 581 610 666 ipse
641 583 708 646 suis
737 579 844 648 verbis
874 579 1056 670 significans
1085 583 1258 650 inducitur.

84 684 256 768 ἐμακάριζον
289 688 345 760 την
377 686 497 766 μητέρα
531 683 597 752 otoo
627 685 738 752 τέκνον
767 685 893 768 έκύρησε
921 689 1052 774 perinde
1081 695 1131 756 est
1161 711 1198 756 ac
1231 693 1260 756 si

84 791 222 858 dixisset:
252 790 475 872 μακαρίζοντες
498 789 608 870 ἔλεγον
638 789 864 870 „cicatricoso
888 792 1073 875 ἕκύρησαςί”
1104 802 1136 862 et
1157 798 1203 860 sic
1224 798 1259 861 in

84 901 204 963 emtaris
225 899 385 964 omnibus.
416 896 523 986 Igitur
541 900 597 983 qui
615 899 875 986 indignabundus
894 901 978 986 opud
996 923 1030 968 se
1049 904 1170 990 cogitat
1190 897 1259 973 οῖοις

85 1005 205 1077 ύπίλις
234 1004 422 1082 συμβούλοις
452 1001 587 1084 χρῆταιί
623 1004 662 1070 de
692 1023 729 1069 ao
760 1004 878 1070 dicitur
908 1007 1089 1083 οίμανακτεῖ
1118 1005 1257 1081 οίοιςὴ

84 1108 163 1181 τίλις
187 1110 373 1188 συμβούλοις
396 1116 531 1190 χρῆται,
557 1115 589 1176 et
611 1130 668 1194 pro
690 1107 758 1182 οίοις
782 1112 810 1175 si
833 1113 905 1196 quis
923 1113 1016 1184 ποίοις
1038 1111 1143 1178 dicere
1160 1110 1260 1177 vellat

84 1214 207 1280 absurde
234 1215 424 1302 loqueretur.
472 1215 522 1281 Ex
553 1215 696 1281 eiusdem
724 1217 772 1282 rei
803 1217 1020 1284 observatione
1043 1215 1259 1284 emendandus

85 1323 126 1384 est
151 1319 237 1386 locus
265 1320 394 1386 libanii
422 1319 480 1386 III.
515 1317 592 1385 191.
617 1320 648 1384 4.
673 1322 724 1386 τὸν
749 1319 870 1403 πατέρα
894 1347 936 1388 τε
961 1324 1092 1402 λέγων
1116 1323 1183 1388 καὶ
1209 1317 1257 1387 oia

84 1425 247 1504 ἠδικημένος
271 1421 319 1491 oia
343 1431 487 1491 ποιοῦντα
509 1426 561 1492 τδν
584 1427 686 1492 παῖδα
709 1427 762 1511 ίρρῖ
786 1429 838 1492 τδν
856 1429 987 1507 ἑαυτοῦ,
1012 1431 1184 1496 imovero:
1206 1427 1257 1494 τδν

85 1532 193 1612 πατέρα
216 1535 337 1597 ἐλεῶν
356 1527 406 1598 οία
430 1531 616 1610 ἠδικημένος.

121 1637 236 1704 Eodem
259 1659 353 1723 opera
375 1639 627 1704 subveniendum
650 1637 808 1706 Dinareho
833 1641 919 1706 κατὰ
944 1639 1154 1719 Δημοσθένους
1176 1660 1252 1728 pag.

84 1741 130 1807 92.
153 1743 204 1808 34.
235 1744 362 1821 ἑτοίμων
385 1743 554 1823 γενομέναν
578 1750 636 1809 τῶν
663 1742 822 1826 Ἀρκοίδων
845 1745 1041 1824 conterreat
1066 1745 1258 1823 ἐλεησάντων

84 1845 168 1921 ένοίς
189 1848 267 1924 ἦσαν
290 1857 406 1922 κακοῖς.
430 1851 482 1914 cui
504 1851 691 1916 reddamus:
717 1851 747 1914 ἒν
773 1860 890 1918 01010
914 1849 991 1928 ἦσαν
1014 1862 1133 1928 κακοῖς.

120 1953 291 2022 Emendate
327 1954 413 2042 spud
444 1955 616 2022 Libenium
649 1955 704 2022 IV.
729 1956 806 2023 400.
832 1956 885 2023 15.
920 1959 1084 2026 scribitur:
1120 1957 1260 2041 ςενοίζειν

84 2053 125 2122 oia
145 2061 206 2126 οἰκί’
229 2059 294 2127 οἵαν
318 2060 490 2144 κομίζεται.

486 2273 544 2350 Ὀ,
570 2272 587 2346 ἦ
611 2277 688 2348 σῶς,
711 2270 747 2336 ri
769 2277 840 2342 σοῖν.

120 2423 268 2490 hibenins
289 2425 323 2487 in
346 2423 532 2488 euformis
558 2422 740 2488 Atticorum
763 2422 1024 2490 consuetudinem
1048 2429 1177 2491 secutus
1199 2431 1258 2493 est.

84 2523 237 2612 sequiores
259 2549 315 2614 pro
339 2531 356 2604 ἡ
381 2533 440 2600 τῶς
460 2529 477 2601 η
501 2530 566 2593 scta
591 2526 828 2593 substituebant
846 2534 879 2594 et
898 2535 973 2593 σῶον
992 2550 1048 2615 pro
1067 2537 1126 2595 τῶν
1142 2536 1175 2597 et
1193 2538 1258 2598 σῶα

83 2653 130 2716 pro
150 2639 199 2700 roi.
247 2633 424 2700 Emendate
454 2632 575 2722 legitur
598 2631 652 2698 IV.
678 2630 754 2698 337.
779 2633 811 2698 2.
836 2640 895 2706 σῶς
919 2635 977 2712 μὲν
1001 2639 1017 2711 ἡ
1043 2637 1174 2716 πατρὶς,
1200 2643 1258 2710 σῶς

85 2737 110 2802 a
132 2743 147 2816 ἧ
171 2739 301 2811 Ἐλλοίς.
325 2743 364 2804 ut
385 2739 470 2824 spud
493 2738 757 2823 Aristophanem:

250 2843 343 2917 οίίτονς
369 2843 408 2909 ἂν
432 2847 504 2920 ἡμῖν
529 2847 546 2919 ἦ
570 2843 658 2916 πίλις
683 2841 808 2921 μοίλιςα
833 2843 1032 2919 adniteris.

85 2951 130 3016 sed
148 2955 261 3019 vitiosa
283 2949 337 3016 Ν.
361 2948 438 3015 326.
464 2948 515 3014 14.
542 2948 579 3013 σὺ
598 2951 656 3026 μὲν
676 2945 710 3028 (ὦ
733 2950 848 3035 Θησεῦ)
871 2949 983 3032 ᾤκισας
1002 2954 1057 3026 τὴν
1077 2953 1176 3032 πίλιν,
1197 2955 1259 3034 ἐγὼ

84 3054 110 3119 δὲ
131 3057 211 3123 ούΑν
242 3057 384 3135 ἐτήρησα.
430 3054 529 3121 Recte
554 3055 705 3120 scribitur
726 3054 751 3120 Ι.
777 3053 854 3120 025.
881 3054 933 3121 15.
959 3059 984 3121 εί
1009 3065 1066 3131 τοῖς
1093 3061 1257 3126 ἕποίνεισνν.

85 3165 111 3224 et
129 3161 167 3228 II.
189 3161 268 3228 201.
292 3162 326 3226 πδ
350 3170 405 3234 τῆς
429 3161 542 3243 Τύχης
567 3166 625 3225 σῶν
650 3159 711 3226 isis
732 3159 824 3240 ῖερίν,
849 3161 905 3226 sed
922 3182 1088 3248 perperam
1107 3163 1159 3230 Iv.
1184 3163 1259 3231 142.

86 3263 130 3330 18.
151 3275 239 3335 σῶον
261 3268 320 3347 μέν
344 3267 391 3335 isi
414 3289 465 3344 μοι
490 3267 525 3330 τδ
549 3271 652 3344 σῶμα.

239 3480 316 3560 Ούχ
341 3474 421 3550 ὅπως
446 3476 519 3566 (οὐχ
542 3473 601 3564 ὅτι)
627 3513 669 3525 -
693 3475 783 3541 οίλλιδ
807 3477 861 3542 καί
885 3475 975 3558 (αλλ’
1002 3478 1095 3567 otti).

121 3627 267 3698 Videmus
296 3649 389 3715 saepe
417 3631 452 3694 in
475 3648 512 3694 eo
536 3647 651 3716 genere
674 3625 825 3712 loquendi
845 3625 993 3695 librarios
1016 3634 1048 3695 et
1071 3636 1260 3698 correctores

84 3731 245 3825 inpingere
278 3725 354 3823 quii
384 3739 526 3800 veterem
558 3733 684 3799 dicendi
713 3753 810 3798 usum
839 3753 903 3798 non
927 3735 1086 3800 tenebunt.
1123 3735 1260 3825 Legitur

85 3841 156 3922 apud
175 3843 348 3909 Libunium
371 3838 425 3905 Π.
448 3837 524 3906 709.
547 3837 600 3903 19.
627 3837 729 3915 οίομαι
753 3837 860 3915 δείξειν
884 3839 977 3904 αύπδν
1001 3841 1062 3920 ούχ
1082 3835 1161 3913 ύπας
1177 3843 1259 3927 [οὐκ]

86 3944 231 4024 εὐεργέτην
254 3949 343 4013 ἄλλα
368 3945 420 4011 καί
443 3944 568 4024 πονηρδν
590 3945 634 4016 είς
655 3946 749 4022 ὑμᾶς.
785 3943 934 4010 Indoctus
953 3944 1126 4012 homuncio
1144 3946 1184 4013 de
1202 3967 1259 4013 suo

83 4049 129 4113 οὐκ
156 4055 285 4120 infersit.
330 4049 406 4117 Sine
434 4050 550 4116 mendo
581 4049 735 4116 dederunt
764 4049 789 4115 L
826 4047 902 4114 664.
937 4048 988 4114 14.
1018 4044 1068 4124 αῖς
1093 4053 1153 4134 οὐχ
1177 4046 1258 4125 ὅπως

85 4164 180 4234 χεῖρας
208 4161 384 4235 ἐπήνεγκαν
416 4157 491 4222 ἀλλ’
522 4157 587 4222 oct:
617 4152 683 4221 ίσον
713 4157 754 4227 είς
785 4153 924 4233 βλέμμα
947 4158 1104 4235 παροινίας
1130 4157 1259 4241 ἔρχεται

86 4263 231 4338 Φαίνονπαι
263 4263 495 4337 λελοπηκίτες.
530 4268 563 4328 et
588 4261 644 4346 111.
672 4259 748 4326 339.
774 4258 804 4326 7.
830 4258 948 4332 πόλεως
972 4262 1190 4337 τοσαύτης-
1213 4266 1258 4342 μδρ

86 4358 153 4440 ίτος
173 4367 264 4451 ἔρωτα
289 4369 403 4447 λαβεῖν
428 4368 518 4434 οίλλοδ
540 4367 593 4433 καὶ
619 4363 802 4432 ύποσποίσαι
826 4365 861 4430 ri
884 4365 1006 4447 βιίίρον.

121 4471 307 4544 Liberandns
331 4473 433 4542 simili
454 4495 557 4542 errore
579 4477 628 4540 est
648 4471 738 4540 locus
760 4471 985 4541 Demosthenis
1007 4493 1083 4566 ρος.
1103 4473 1181 4542 911.
1201 4475 1255 4544 20.
