3208 5158
884 345 948 420 174

324 537 397 606 Non
420 538 522 604 dicam
546 539 756 621 perincertam
779 537 861 602 hanc
884 555 951 602 csse
974 537 1203 620 suspicionem,
1227 537 1283 602 scd
1305 535 1419 602 tolsmn
1443 556 1505 600 esse

328 643 558 710 demonstrabo.
605 641 756 707 Messenii
788 647 879 727 capta
909 641 960 706 Ira
990 661 1028 704 ex
1058 641 1152 706 caede
1182 642 1281 726 elapsi
1312 641 1353 706 ad
1376 641 1505 706 Arcades

326 750 536 834 confugerunt
559 754 591 812 et
616 748 752 834 benigne
775 751 896 832 accepti
919 753 993 812 sunt
1015 745 1164 824 (Pausan.
1188 748 1240 812 IV.
1267 747 1321 814 22.
1345 746 1391 830 2).
1437 743 1505 812 Gae-

324 856 386 918 teri
410 853 517 916 Πύλιοι
540 854 593 916 κοί
621 855 789 916 Μοθωναῖοι
812 853 864 916 arri
887 849 948 916 ὅσοι
968 852 1010 916 τὰ
1031 853 1278 932 ποιονίοιλοίοοιοι
1298 853 1389 935 ᾤκουν
1409 852 1504 914 νοινείν

326 959 382 1024 ὑπὸ
413 959 468 1030 τὴν
498 955 613 1022 ἅλωσιν
644 965 698 1030 τῆς
730 957 823 1035 Είροις
848 959 1027 1035 ἀπαίρουσιν
1050 959 1081 1030 ἐς
1116 961 1326 1048 Κυλλήνιον
1357 959 1398 1022 τὸ
1431 958 1505 1022 ἐπί·

324 1087 431 1128 νειον
453 1069 528 1128 τῶν
552 1064 716 1128 Ἠλείων
740 1063 886 1146 (Pausan.
911 1062 965 1127 IV.
992 1061 1046 1126 23.
1075 1062 1117 1140 l).
1164 1063 1284 1129 Eodem
1305 1085 1339 1130 ee
1356 1067 1506 1148 recipiunt

324 1169 477 1236 Messenii
500 1190 539 1234 ex
562 1169 697 1234 Arcadia
719 1172 851 1234 reversi:
876 1171 914 1238 ὥς
940 1167 971 1232 δὲ
995 1169 1024 1240 ἐς
1047 1170 1103 1241 τὴν
1124 1171 1282 1243 Κυλλήνην
1303 1171 1327 1234 οἱ
1348 1171 1504 1242 Μεσσήνιοι

324 1274 552 1353 συνελέχθησαν
584 1274 635 1338 τὸν
666 1275 723 1350 μὲν
754 1273 892 1352 acriora
920 1281 1062 1354 χειμῶνιι
1087 1273 1185 1349 ἔδοξεν
1209 1276 1305 1342 αὐτοῦ
1328 1275 1503 1356 χειμάζειν,

324 1381 392 1445 acri
416 1381 485 1454 aba
509 1379 664 1457 ιίμοοοίν
689 1389 809 1460 σφισι
836 1380 903 1444 καί
928 1381 1126 1458 χρήματα
1150 1383 1182 1446 οί
1202 1386 1353 1448 Ἠλεῖοι
1374 1389 1505 1457 πορεῖ-

324 1510 395 1566 χον
427 1485 576 1569 (Pausan.
600 1484 654 1550 IV.
678 1484 731 1549 23.
758 1485 802 1567 5.)
850 1485 941 1550 Unde
964 1485 1035 1550 luce
1059 1485 1175 1550 clarius
1199 1493 1329 1570 apparet
1351 1487 1505 1552 Elidenses

324 1591 492 1668 Messeniis
522 1611 584 1656 non
605 1596 732 1656 tantum
756 1593 873 1667 socios,
899 1591 953 1656 sed
977 1593 1115 1675 optimos
1138 1598 1170 1656 et
1191 1589 1392 1658 fidelissimos
1415 1595 1505 1658 socio

325 1697 433 1762 fuisse.

370 1801 481 1885 Itaque
513 1803 547 1864 in
577 1799 741 1866 Strabonis
773 1800 858 1870 loco.
892 1822 954 1885 quo
986 1801 1024 1866 de
1051 1805 1193 1889 agimus,
1217 1823 1290 1888 pag.
1317 1801 1393 1866 362.
1418 1805 1504 1867 sanie

326 1910 406 1973 sima
428 1911 476 1972 est
499 1905 593 1973 lectio
615 1905 771 1970 librorum
795 1909 956 1972 omnium:
983 1907 1117 1982 ἑλόμενοι
1141 1908 1331 1986 συμμάχους
1355 1909 1502 1986 ’spretor

325 2037 359 2076 τε
394 2013 446 2076 κοί
483 2015 681 2076 ἨΛΕΙΟΤΟ
716 2013 767 2078 κοί
804 2016 962 2090 ricoarae,
987 2019 1018 2078 et
1040 2013 1099 2077 soli
1122 2013 1260 2079 Arcades
1285 2013 1502 2079 desiderantur.

325 2117 477 2184 Excidere
500 2121 605 2202 potuit
629 2120 700 2194 πρὸς
724 2127 787 2188 τοῖς
810 2119 958 2195 ’λοκοίοι,
981 2123 1037 2202 qui
1056 2127 1206 2203 perpetuo
1227 2140 1316 2184 arma
1336 2140 1409 2184 cum
1429 2119 1504 2184 Mes

324 2227 419 2290 seniis
443 2224 593 2288 adversus
616 2223 879 2290 Lacedaemonios
902 2227 1135 2298 consociaturi,
1164 2233 1219 2290 aut
1242 2226 1335 2304 χωρίς
1361 2229 1417 2290 τῶν
1444 2228 1505 2300 ’λι-

324 2331 440 2406 natac,
473 2335 529 2394 aut
560 2329 681 2413 aliquid
710 2331 745 2394 in
776 2330 857 2394 hano
884 2332 1074 2394 sententiam
1099 2331 1152 2396 sed
1177 2329 1318 2404 Ἠλείους
1342 2333 1440 2397 satius
1462 2335 1503 2394 est

324 2456 385 2501 non
407 2441 547 2521 tangere.

371 2538 540 2606 Castorum
571 2541 889 2606 animadvertendum
922 2547 969 2606 eat
1003 2542 1080 2606 haec
1114 2544 1220 2608 omnia
1255 2541 1440 2606 Strabonem
1468 2560 1500 2604 ex

325 2665 463 2711 rrarsar
496 2646 689 2710 carminibus
719 2649 883 2715 sumsisse:
914 2646 1051 2731 pendent
1082 2649 1168 2712 enim
1200 2649 1308 2712 omnia
1339 2667 1378 2712 ex
1407 2647 1502 2712 verbis

325 2753 403 2831 Φνοί
428 2760 599 2829 Τυρταῖος,
625 2770 687 2835 quo
710 2751 875 2816 meliorem
899 2756 1013 2816 testem
1037 2757 1069 2816 ct
1088 2755 1255 2818 certiorem
1275 2773 1385 2830 nemo,
1405 2750 1500 2831 credo,

325 2859 473 2942 requiret.

370 3065 450 3153 Pag.
488 3065 562 3130 362.
598 3064 650 3134 ὦς’
687 3067 703 3141 ἢ
741 3071 847 3130 τοῦτον
883 3067 1033 3144 inopom
1068 3067 1111 3130 rot
1146 3066 1274 3142 ἐλενεῖοι
1306 3069 1323 3144 i)
1358 3065 1501 3146 Φιλοχίοῳ

325 3173 501 3244 tricario.
549 3171 754 3238 Ostendimus
781 3193 875 3256 supra
898 3193 1006 3238 veram
1030 3172 1198 3238 lectionem
1223 3193 1289 3238 esee
1312 3175 1410 3239 hanc:
1434 3171 1501 3236 ὥστε

326 3278 343 3353 ἢ
375 3281 613 3359 ἈκυρωΤΕΟΝ
645 3281 699 3352 τὴν
729 3278 870 3354 ἑλένειον
900 3278 965 3342 ari.
1014 3277 1222 3344 Scribendum
1252 3299 1319 3346 esse
1346 3275 1502 3358 οὶκνρονίον

325 3384 483 3450 Porsonus
504 3383 663 3450 intellexit
687 3385 822 3467 (Αιίυονι.
848 3404 920 3469 pag.
947 3381 1017 3461 39).

369 3489 454 3554 Fieri
483 3510 545 3555 non
574 3495 678 3574 potest
707 3495 744 3554 ut
775 3487 888 3554 Strabo
913 3492 1043 3572 antiqua
1066 3487 1197 3574 Tyrtaei
1220 3492 1361 3554 carmina
1384 3490 1502 3556 Platoni

325 3609 357 3659 et
379 3594 545 3659 Aristoteli
569 3599 600 3658 et
624 3595 770 3658 omnibus
793 3595 955 3660 veteribus
979 3592 1060 3660 lecta
1084 3598 1191 3678 spuria
1214 3599 1246 3660 et
1264 3599 1427 3681 supposita
1445 3613 1502 3660 cass

325 3701 571 3775 existimaverit,
604 3699 658 3764 sed
690 3701 794 3764 utitur
822 3699 882 3763 hac
915 3700 1038 3764 dicendi
1070 3699 1172 3765 forma
1201 3707 1238 3764 ut
1262 3702 1407 3768 ostendat
1429 3704 1502 3764 inter

325 3827 357 3869 se
393 3825 535 3890 pugnare
569 3825 649 3888 quae
683 3804 767 3889 apud
802 3807 909 3889 ipsum
941 3804 1117 3890 Tyrtaeum
1147 3805 1297 3893 legantur
1328 3812 1360 3872 et
1392 3823 1502 3892 quaec

324 3909 514 3976 Philochoro
538 3913 570 3974 ct
594 3909 666 3976 aliis
690 3914 793 3975 essent
815 3910 853 3976 de
877 3909 1013 3996 Tyrtaeo
1037 3914 1211 3976 memoriae
1233 3911 1370 3996 prodita.

369 4117 449 4204 Peg.
475 4115 552 4180 364.
600 4117 748 4184 Μεοοίιιν
769 4117 800 4182 δέ
821 4117 945 4202 (Φοιοιν)
967 4121 999 4182 οὐ
1021 4128 1075 4194 τῆς
1093 4117 1198 4199 χώρας
1219 4115 1296 4184 είνοιι
1318 4119 1405 4199 μέρος
1423 4116 1501 4184 ιίλλιὶ

325 4231 380 4298 τῆς
416 4222 574 4300 Σνιοίοτνς.
621 4221 706 4286 Hinc
740 4225 841 4310 igitur
870 4244 986 4289 nomen
1015 4224 1153 4289 habebat
1173 4226 1186 4288 ί
1210 4224 1398 4300 Μεοοοοίτνς
1416 4222 1500 4301 λόχος

325 4327 409 4413 apud
439 4327 543 4392 Schol.
572 4328 732 4412 Aristoph.
757 4329 796 4394 ad
818 4329 945 4411 hyciatr.
968 4352 1017 4397 vs.
1042 4327 1119 4394 453.
1143 4330 1232 4410 λόχοι
1256 4332 1332 4396 aicta
1356 4333 1386 4396 ἐν
1409 4341 1501 4395 Λοκε-

325 4432 444 4512 δαίμονι
468 4433 577 4501 πέντε·
600 4433 735 4507 ”Elaites
762 4433 918 4522 (Hesyoh.
942 4437 976 4500 in
997 4435 1064 4523 λε),
1088 4435 1190 4510 Σίνις,
1211 4437 1364 4516 Ἀρίμοις,
1385 4435 1499 4508 narde,
