<?xml version="1.0" encoding="UTF-8"?>
<!DOCTYPE html PUBLIC "-//W3C//DTD XHTML 1.0 Transitional//EN"
    "http://www.w3.org/TR/xhtml1/DTD/xhtml1-transitional.dtd">
<html xmlns="http://www.w3.org/1999/xhtml" xml:lang="en" lang="en">
 <head>
  <title>
</title>
<meta http-equiv="Content-Type" content="text/html;charset=utf-8" />
  <meta name='ocr-system' content='tesseract 3.04.00' />
  <meta name='ocr-capabilities' content='ocr_page ocr_carea ocr_par ocr_line ocrx_word'/>
</head>
<body>
  <div class='ocr_page' id='page_1' title='image "./miscellaneacrit01cobegoog_0073.png"; bbox 0 0 3358 5200; ppageno 0'>
   <div class='ocr_carea' id='block_1_1' title="bbox 895 364 937 439">
    <p class='ocr_par' dir='ltr' id='par_1_1' title="bbox 895 364 937 439">
     <span class='ocr_line' id='line_1_1' title="bbox 895 364 937 439; baseline 0.024 -1"><span class='ocrx_word' id='word_1_1' title='bbox 895 364 937 439; x_wconf 84' lang='grc'><strong>48</strong></span> 
     </span>
    </p>
   </div>
   <div class='ocr_carea' id='block_1_2' title="bbox 323 559 1520 1604">
    <p class='ocr_par' dir='ltr' id='par_1_2' title="bbox 323 559 1520 1604">
     <span class='ocr_line' id='line_1_2' title="bbox 325 559 1519 649; baseline 0.002 -22"><span class='ocrx_word' id='word_1_2' title='bbox 325 565 419 627; x_wconf 82' lang='lat' dir='ltr'><strong>ratae</strong></span> <span class='ocrx_word' id='word_1_3' title='bbox 448 581 574 647; x_wconf 83' lang='lat' dir='ltr'>parcere</span> <span class='ocrx_word' id='word_1_4' title='bbox 605 561 711 639; x_wconf 88' lang='lat' dir='ltr'><strong>iubet,</strong></span> <span class='ocrx_word' id='word_1_5' title='bbox 744 563 868 628; x_wconf 86' lang='lat' dir='ltr'><strong>fortiter</strong></span> <span class='ocrx_word' id='word_1_6' title='bbox 897 583 1039 649; x_wconf 76' lang='lat' dir='ltr'><strong>pugnare</strong></span> <span class='ocrx_word' id='word_1_7' title='bbox 1070 566 1102 627; x_wconf 87' lang='lat' dir='ltr'><strong>et</strong></span> <span class='ocrx_word' id='word_1_8' title='bbox 1128 596 1168 608; x_wconf 90' lang='lat'>-</span> <span class='ocrx_word' id='word_1_9' title='bbox 1193 559 1326 640; x_wconf 76' lang='grc' dir='ltr'><em>χρῆσθαι</em></span> <span class='ocrx_word' id='word_1_10' title='bbox 1349 568 1519 638; x_wconf 75' lang='grc' dir='ltr'><em>τρκτνγοῖς</em></span> 
     </span>
     <span class='ocr_line' id='line_1_3' title="bbox 326 664 1520 747; baseline -0.001 -15"><span class='ocrx_word' id='word_1_11' title='bbox 326 669 480 745; x_wconf 71' lang='grc' dir='ltr'><strong><em>ἀμείνοσιν</em></strong></span> <span class='ocrx_word' id='word_1_12' title='bbox 520 667 537 742; x_wconf 72' lang='grc' dir='ltr'>ἢ</span> <span class='ocrx_word' id='word_1_13' title='bbox 580 668 741 747; x_wconf 77' lang='grc' dir='ltr'><em>προτέροις.</em></span> <span class='ocrx_word' id='word_1_14' title='bbox 797 665 957 734; x_wconf 78' lang='lat' dir='ltr'>Haeccine</span> <span class='ocrx_word' id='word_1_15' title='bbox 998 668 1114 732; x_wconf 77' lang='lat' dir='ltr'>dixisse</span> <span class='ocrx_word' id='word_1_16' title='bbox 1148 664 1396 731; x_wconf 77' lang='lat' dir='ltr'><strong>Demosthenem</strong></span> <span class='ocrx_word' id='word_1_17' title='bbox 1432 665 1520 731; x_wconf 90' lang='lat' dir='ltr'><strong>bello</strong></span> 
     </span>
     <span class='ocr_line' id='line_1_4' title="bbox 324 759 1519 858; baseline 0 -20"><span class='ocrx_word' id='word_1_18' title='bbox 324 775 463 852; x_wconf 87' lang='lat' dir='ltr'><strong>indicte,</strong></span> <span class='ocrx_word' id='word_1_19' title='bbox 487 775 520 837; x_wconf 89' lang='lat' dir='ltr'><strong>in</strong></span> <span class='ocrx_word' id='word_1_20' title='bbox 542 793 603 858; x_wconf 91' lang='lat' dir='ltr'><strong>quo</strong></span> <span class='ocrx_word' id='word_1_21' title='bbox 623 772 661 838; x_wconf 93' lang='lat' dir='ltr'><strong>de</strong></span> <span class='ocrx_word' id='word_1_22' title='bbox 681 759 783 840; x_wconf 87' lang='lat' dir='ltr'><strong>salute</strong></span> <span class='ocrx_word' id='word_1_23' title='bbox 803 779 885 839; x_wconf 89' lang='lat' dir='ltr'><strong>esset</strong></span> <span class='ocrx_word' id='word_1_24' title='bbox 904 773 1141 849; x_wconf 88' lang='lat' dir='ltr'><strong>dimicandum,</strong></span> <span class='ocrx_word' id='word_1_25' title='bbox 1163 777 1280 857; x_wconf 86' lang='lat' dir='ltr'><strong>quotus</strong></span> <span class='ocrx_word' id='word_1_26' title='bbox 1300 774 1431 857; x_wconf 88' lang='lat' dir='ltr'><strong>quisque</strong></span> <span class='ocrx_word' id='word_1_27' title='bbox 1452 794 1519 838; x_wconf 88' lang='lat' dir='ltr'><strong>cre-</strong></span> 
     </span>
     <span class='ocr_line' id='line_1_5' title="bbox 325 877 1519 960; baseline -0.003 -14"><span class='ocrx_word' id='word_1_28' title='bbox 325 878 400 946; x_wconf 77' lang='lat' dir='ltr'><strong>dat?</strong></span> <span class='ocrx_word' id='word_1_29' title='bbox 435 878 527 960; x_wconf 80' lang='lat' dir='ltr'><strong>Quod</strong></span> <span class='ocrx_word' id='word_1_30' title='bbox 562 878 600 943; x_wconf 93' lang='lat' dir='ltr'><strong>de</strong></span> <span class='ocrx_word' id='word_1_31' title='bbox 634 879 712 944; x_wconf 90' lang='lat' dir='ltr'><strong>belli</strong></span> <span class='ocrx_word' id='word_1_32' title='bbox 747 880 881 944; x_wconf 88' lang='lat' dir='ltr'><strong>ducibus</strong></span> <span class='ocrx_word' id='word_1_33' title='bbox 919 878 1007 944; x_wconf 89' lang='lat' dir='ltr'><strong>addit</strong></span> <span class='ocrx_word' id='word_1_34' title='bbox 1043 883 1152 944; x_wconf 85' lang='lat' dir='ltr'><strong>movet</strong></span> <span class='ocrx_word' id='word_1_35' title='bbox 1185 880 1298 942; x_wconf 84' lang='lat' dir='ltr'><strong>risum</strong></span> <span class='ocrx_word' id='word_1_36' title='bbox 1346 877 1519 943; x_wconf 81' lang='lat' dir='ltr'><strong>Habebunt</strong></span> 
     </span>
     <span class='ocr_line' id='line_1_6' title="bbox 324 983 1514 1070; baseline -0.005 -19"><span class='ocrx_word' id='word_1_37' title='bbox 324 1007 426 1051; x_wconf 91' lang='lat' dir='ltr'><strong>unum</strong></span> <span class='ocrx_word' id='word_1_38' title='bbox 461 985 581 1064; x_wconf 86' lang='lat' dir='ltr'><strong>solum,</strong></span> <span class='ocrx_word' id='word_1_39' title='bbox 619 984 909 1070; x_wconf 86' lang='lat' dir='ltr'><strong>praeclarissimum</strong></span> <span class='ocrx_word' id='word_1_40' title='bbox 945 987 1089 1049; x_wconf 90' lang='lat' dir='ltr'><strong>omnium</strong></span> <span class='ocrx_word' id='word_1_41' title='bbox 1122 983 1265 1048; x_wconf 79' lang='grc' dir='ltr'><em>Φωκίωνα</em></span> <span class='ocrx_word' id='word_1_42' title='bbox 1297 983 1349 1047; x_wconf 86' lang='grc' dir='ltr'><strong>τὸν</strong></span> <span class='ocrx_word' id='word_1_43' title='bbox 1378 983 1514 1063; x_wconf 75' lang='grc' dir='ltr'><em>κοντόν,</em></span> 
     </span>
     <span class='ocr_line' id='line_1_7' title="bbox 324 1089 1516 1158; baseline -0.003 0"><span class='ocrx_word' id='word_1_44' title='bbox 324 1093 379 1158; x_wconf 89' lang='lat' dir='ltr'><strong>sed</strong></span> <span class='ocrx_word' id='word_1_45' title='bbox 409 1112 472 1158; x_wconf 91' lang='lat' dir='ltr'><strong>non</strong></span> <span class='ocrx_word' id='word_1_46' title='bbox 502 1097 569 1156; x_wconf 88' lang='lat' dir='ltr'><strong>erat</strong></span> <span class='ocrx_word' id='word_1_47' title='bbox 600 1090 735 1156; x_wconf 89' lang='lat' dir='ltr'><strong>blandus</strong></span> <span class='ocrx_word' id='word_1_48' title='bbox 765 1095 796 1155; x_wconf 88' lang='lat' dir='ltr'><strong>et</strong></span> <span class='ocrx_word' id='word_1_49' title='bbox 826 1090 949 1157; x_wconf 86' lang='lat' dir='ltr'><strong>adulari</strong></span> <span class='ocrx_word' id='word_1_50' title='bbox 979 1091 1146 1156; x_wconf 74' lang='lat' dir='ltr'><strong>nesciebat.</strong></span> <span class='ocrx_word' id='word_1_51' title='bbox 1194 1089 1374 1156; x_wconf 87' lang='lat' dir='ltr'><strong>Utebantur</strong></span> <span class='ocrx_word' id='word_1_52' title='bbox 1407 1097 1516 1155; x_wconf 87' lang='lat' dir='ltr'><strong>tamen</strong></span> 
     </span>
     <span class='ocr_line' id='line_1_8' title="bbox 324 1195 1516 1283; baseline -0.003 -19"><span class='ocrx_word' id='word_1_53' title='bbox 324 1201 393 1264; x_wconf 87' lang='lat' dir='ltr'><strong>cius</strong></span> <span class='ocrx_word' id='word_1_54' title='bbox 422 1198 498 1264; x_wconf 81' lang='lat' dir='ltr'><strong>forti</strong></span> <span class='ocrx_word' id='word_1_55' title='bbox 529 1203 562 1263; x_wconf 93' lang='lat' dir='ltr'><strong>et</strong></span> <span class='ocrx_word' id='word_1_56' title='bbox 593 1195 680 1262; x_wconf 84' lang='lat' dir='ltr'><strong>fideii</strong></span> <span class='ocrx_word' id='word_1_57' title='bbox 711 1217 821 1282; x_wconf 88' lang='lat' dir='ltr'><strong>opera,</strong></span> <span class='ocrx_word' id='word_1_58' title='bbox 854 1202 886 1262; x_wconf 87' lang='lat' dir='ltr'><strong>et</strong></span> <span class='ocrx_word' id='word_1_59' title='bbox 907 1197 967 1262; x_wconf 90' lang='lat' dir='ltr'><strong>hoc</strong></span> <span class='ocrx_word' id='word_1_60' title='bbox 990 1199 1057 1283; x_wconf 91' lang='lat' dir='ltr'><strong>ipso</strong></span> <span class='ocrx_word' id='word_1_61' title='bbox 1081 1201 1240 1282; x_wconf 87' lang='lat' dir='ltr'><strong>tempore,</strong></span> <span class='ocrx_word' id='word_1_62' title='bbox 1264 1217 1326 1282; x_wconf 90' lang='lat' dir='ltr'><strong>quo</strong></span> <span class='ocrx_word' id='word_1_63' title='bbox 1350 1197 1427 1262; x_wconf 86' lang='lat' dir='ltr'><strong>baec</strong></span> <span class='ocrx_word' id='word_1_64' title='bbox 1448 1197 1516 1261; x_wconf 91' lang='lat' dir='ltr'><strong>dici</strong></span> 
     </span>
     <span class='ocr_line' id='line_1_9' title="bbox 323 1301 1514 1391; baseline -0.001 -22"><span class='ocrx_word' id='word_1_65' title='bbox 323 1307 358 1369; x_wconf 90' lang='lat' dir='ltr'><strong>in</strong></span> <span class='ocrx_word' id='word_1_66' title='bbox 382 1307 530 1369; x_wconf 87' lang='lat' dir='ltr'><strong>concione</strong></span> <span class='ocrx_word' id='word_1_67' title='bbox 552 1302 734 1390; x_wconf 77' lang='lat' dir='ltr'><strong>finguntur,</strong></span> <span class='ocrx_word' id='word_1_68' title='bbox 760 1323 834 1368; x_wconf 91' lang='lat' dir='ltr'><strong>cum</strong></span> <span class='ocrx_word' id='word_1_69' title='bbox 858 1323 977 1391; x_wconf 77' lang='lat' dir='ltr'><strong>magna</strong></span> <span class='ocrx_word' id='word_1_70' title='bbox 1000 1302 1098 1368; x_wconf 86' lang='lat' dir='ltr'><strong>classe</strong></span> <span class='ocrx_word' id='word_1_71' title='bbox 1121 1301 1313 1368; x_wconf 73' lang='lat' dir='ltr'><strong>Perinthum</strong></span> <span class='ocrx_word' id='word_1_72' title='bbox 1337 1307 1371 1367; x_wconf 92' lang='lat' dir='ltr'><strong>et</strong></span> <span class='ocrx_word' id='word_1_73' title='bbox 1393 1302 1514 1390; x_wconf 79' lang='lat' dir='ltr'><strong>Byzan-</strong></span> 
     </span>
     <span class='ocr_line' id='line_1_10' title="bbox 324 1408 1515 1496; baseline -0.002 -21"><span class='ocrx_word' id='word_1_74' title='bbox 324 1413 408 1475; x_wconf 90' lang='lat' dir='ltr'><strong>tium</strong></span> <span class='ocrx_word' id='word_1_75' title='bbox 441 1431 479 1475; x_wconf 85' lang='lat' dir='ltr'><strong>ex</strong></span> <span class='ocrx_word' id='word_1_76' title='bbox 508 1408 654 1494; x_wconf 90' lang='lat' dir='ltr'><strong>Philippi</strong></span> <span class='ocrx_word' id='word_1_77' title='bbox 686 1409 835 1474; x_wconf 85' lang='lat' dir='ltr'><strong>manibus</strong></span> <span class='ocrx_word' id='word_1_78' title='bbox 865 1411 984 1495; x_wconf 86' lang='lat' dir='ltr'><strong>eripuit</strong></span> <span class='ocrx_word' id='word_1_79' title='bbox 1007 1410 1130 1493; x_wconf 80' lang='lat' dir='ltr'><strong>sibique</strong></span> <span class='ocrx_word' id='word_1_80' title='bbox 1154 1414 1186 1474; x_wconf 91' lang='lat' dir='ltr'><strong>et</strong></span> <span class='ocrx_word' id='word_1_81' title='bbox 1208 1411 1330 1495; x_wconf 87' lang='lat' dir='ltr'><strong>patriae</strong></span> <span class='ocrx_word' id='word_1_82' title='bbox 1353 1410 1515 1496; x_wconf 78' lang='lat' dir='ltr'><strong>insignem</strong></span> 
     </span>
     <span class='ocr_line' id='line_1_11' title="bbox 324 1513 828 1604; baseline -0.006 -23"><span class='ocrx_word' id='word_1_83' title='bbox 324 1515 462 1604; x_wconf 82' lang='lat' dir='ltr'><strong>gloriam</strong></span> <span class='ocrx_word' id='word_1_84' title='bbox 487 1534 522 1580; x_wconf 91' lang='lat' dir='ltr'><strong>ac</strong></span> <span class='ocrx_word' id='word_1_85' title='bbox 544 1513 674 1580; x_wconf 90' lang='lat' dir='ltr'><strong>laudem</strong></span> <span class='ocrx_word' id='word_1_86' title='bbox 697 1517 828 1601; x_wconf 90' lang='lat' dir='ltr'><strong>peperit.</strong></span> 
     </span>
    </p>
   </div>
   <div class='ocr_carea' id='block_1_3' title="bbox 248 1724 1516 3398">
    <p class='ocr_par' dir='ltr' id='par_1_3' title="bbox 248 1724 1516 3398">
     <span class='ocr_line' id='line_1_12' title="bbox 371 1724 1515 1813; baseline 0.002 -24"><span class='ocrx_word' id='word_1_87' title='bbox 371 1725 451 1813; x_wconf 81' lang='lat' dir='ltr'><strong>Peg.</strong></span> <span class='ocrx_word' id='word_1_88' title='bbox 487 1725 562 1790; x_wconf 85' lang='lat'><strong>156.</strong></span> <span class='ocrx_word' id='word_1_89' title='bbox 592 1724 644 1792; x_wconf 79' lang='grc'><strong>27.</strong></span> <span class='ocrx_word' id='word_1_90' title='bbox 673 1728 760 1804; x_wconf 72' lang='grc' dir='ltr'><em>ἡμεῖς</em></span> <span class='ocrx_word' id='word_1_91' title='bbox 785 1725 923 1792; x_wconf 60' lang='lat' dir='ltr'><strong>asciae</strong></span> <span class='ocrx_word' id='word_1_92' title='bbox 947 1731 1101 1798; x_wconf 79' lang='grc' dir='ltr'><em>ποιοῦντες</em></span> <span class='ocrx_word' id='word_1_93' title='bbox 1126 1725 1230 1792; x_wconf 77' lang='grc' dir='ltr'><em>ἐνθάδε</em></span> <span class='ocrx_word' id='word_1_94' title='bbox 1253 1726 1414 1805; x_wconf 80' lang='grc' dir='ltr'><em>καθάμεθα</em></span> <span class='ocrx_word' id='word_1_95' title='bbox 1438 1726 1515 1802; x_wconf 81' lang='grc' dir='ltr'><em>μέλ·</em></span> 
     </span>
     <span class='ocr_line' id='line_1_13' title="bbox 324 1830 1516 1912; baseline 0.001 -17"><span class='ocrx_word' id='word_1_96' title='bbox 324 1846 428 1903; x_wconf 80' lang='grc' dir='ltr'><em>λοντες</em></span> <span class='ocrx_word' id='word_1_97' title='bbox 456 1830 504 1895; x_wconf 76' lang='lat' dir='ltr'><strong>aiei</strong></span> <span class='ocrx_word' id='word_1_98' title='bbox 531 1831 582 1894; x_wconf 78' lang='lat' dir='ltr'><strong>acci</strong></span> <span class='ocrx_word' id='word_1_99' title='bbox 607 1830 812 1912; x_wconf 71' lang='grc' dir='ltr'><strong>ψηφιζόμενοι</strong></span> <span class='ocrx_word' id='word_1_100' title='bbox 837 1831 889 1897; x_wconf 75' lang='grc' dir='ltr'><strong>καὶ</strong></span> <span class='ocrx_word' id='word_1_101' title='bbox 914 1833 1128 1911; x_wconf 78' lang='grc' dir='ltr'><em>πυνθανόμενοι</em></span> <span class='ocrx_word' id='word_1_102' title='bbox 1152 1832 1237 1896; x_wconf 83' lang='grc' dir='ltr'><em>κατά</em></span> <span class='ocrx_word' id='word_1_103' title='bbox 1262 1832 1317 1906; x_wconf 66' lang='grc' dir='ltr'><strong>τὴν</strong></span> <span class='ocrx_word' id='word_1_104' title='bbox 1345 1831 1462 1911; x_wconf 72' lang='grc' dir='ltr'><em>άγοράν</em></span> <span class='ocrx_word' id='word_1_105' title='bbox 1487 1833 1516 1897; x_wconf 71' lang='grc' dir='ltr'><em>εἷ</em></span> 
     </span>
     <span class='ocr_line' id='line_1_14' title="bbox 325 1937 1514 2018; baseline 0.001 -17"><span class='ocrx_word' id='word_1_106' title='bbox 325 1962 354 2001; x_wconf 90' lang='grc' dir='ltr'><strong>τι</strong></span> <span class='ocrx_word' id='word_1_107' title='bbox 390 1937 522 2016; x_wconf 69' lang='grc' dir='ltr'><em>λέγεται</em></span> <span class='ocrx_word' id='word_1_108' title='bbox 553 1938 700 2018; x_wconf 80' lang='grc' dir='ltr'><em>νεώτερον.</em></span> <span class='ocrx_word' id='word_1_109' title='bbox 733 1939 833 2003; x_wconf 71' lang='grc' dir='ltr'><em>καίτοι</em></span> <span class='ocrx_word' id='word_1_110' title='bbox 863 1939 895 2003; x_wconf 84' lang='grc' dir='ltr'><strong>τό</strong></span> <span class='ocrx_word' id='word_1_111' title='bbox 926 1939 1038 2018; x_wconf 75' lang='grc' dir='ltr'><em>γένοιτ’</em></span> <span class='ocrx_word' id='word_1_112' title='bbox 1071 1938 1109 2002; x_wconf 68' lang='lat' dir='ltr'><strong>sc</strong></span> <span class='ocrx_word' id='word_1_113' title='bbox 1142 1940 1278 2018; x_wconf 80' lang='grc' dir='ltr'><em>νεώτερον</em></span> <span class='ocrx_word' id='word_1_114' title='bbox 1311 1939 1327 2014; x_wconf 75' lang='grc' dir='ltr'><strong><em>ἢ</em></strong></span> <span class='ocrx_word' id='word_1_115' title='bbox 1361 1938 1514 2004; x_wconf 75' lang='grc' dir='ltr'><em>Μακεδὼν</em></span> 
     </span>
     <span class='ocr_line' id='line_1_15' title="bbox 324 2042 1513 2126; baseline 0 -18"><span class='ocrx_word' id='word_1_116' title='bbox 324 2044 398 2124; x_wconf 70' lang='grc' dir='ltr'><em>άνὶιρ</em></span> <span class='ocrx_word' id='word_1_117' title='bbox 422 2049 623 2126; x_wconf 75' lang='grc' dir='ltr'><em>καταφρονῶν</em></span> <span class='ocrx_word' id='word_1_118' title='bbox 644 2045 809 2117; x_wconf 72' lang='grc' dir='ltr'><em>Ἀθηναίων</em></span> <span class='ocrx_word' id='word_1_119' title='bbox 830 2044 881 2108; x_wconf 78' lang='grc' dir='ltr'><strong>κα)</strong></span> <span class='ocrx_word' id='word_1_120' title='bbox 902 2050 1023 2122; x_wconf 79' lang='grc' dir='ltr'><em>τολμῶν</em></span> <span class='ocrx_word' id='word_1_121' title='bbox 1044 2045 1190 2115; x_wconf 73' lang='grc' dir='ltr'><em>ἐπιτολάς</em></span> <span class='ocrx_word' id='word_1_122' title='bbox 1213 2042 1349 2122; x_wconf 78' lang='grc' dir='ltr'><em>πέμπειν</em></span> <span class='ocrx_word' id='word_1_123' title='bbox 1365 2044 1513 2116; x_wconf 75' lang='grc' dir='ltr'><em>τοιαύτας</em></span> 
     </span>
     <span class='ocr_line' id='line_1_16' title="bbox 325 2147 1516 2236; baseline -0.001 -20"><span class='ocrx_word' id='word_1_124' title='bbox 325 2147 389 2222; x_wconf 75' lang='lat' dir='ltr'><strong>cicc</strong></span> <span class='ocrx_word' id='word_1_125' title='bbox 422 2151 573 2225; x_wconf 75' lang='grc' dir='ltr'><em>ἠκούσατε</em></span> <span class='ocrx_word' id='word_1_126' title='bbox 604 2153 699 2231; x_wconf 80' lang='grc' dir='ltr'><em>μικρῷ</em></span> <span class='ocrx_word' id='word_1_127' title='bbox 724 2150 874 2231; x_wconf 90' lang='grc' dir='ltr'><em>πρότερον.</em></span> <span class='ocrx_word' id='word_1_128' title='bbox 922 2151 980 2216; x_wconf 75' lang='lat' dir='ltr'><strong>nst</strong></span> <span class='ocrx_word' id='word_1_129' title='bbox 1002 2171 1114 2236; x_wconf 79' lang='lat' dir='ltr'><strong>operae</strong></span> <span class='ocrx_word' id='word_1_130' title='bbox 1137 2153 1277 2236; x_wconf 89' lang='lat' dir='ltr'><strong>pretinm</strong></span> <span class='ocrx_word' id='word_1_131' title='bbox 1299 2150 1408 2217; x_wconf 84' lang='lat' dir='ltr'><strong>videre</strong></span> <span class='ocrx_word' id='word_1_132' title='bbox 1430 2151 1516 2215; x_wconf 89' lang='lat' dir='ltr'><strong>unde</strong></span> 
     </span>
     <span class='ocr_line' id='line_1_17' title="bbox 324 2255 1512 2342; baseline -0.001 -21"><span class='ocrx_word' id='word_1_133' title='bbox 324 2256 402 2322; x_wconf 89' lang='lat' dir='ltr'><strong>haec</strong></span> <span class='ocrx_word' id='word_1_134' title='bbox 432 2259 587 2342; x_wconf 75' lang='lat' dir='ltr'><strong>impostor</strong></span> <span class='ocrx_word' id='word_1_135' title='bbox 610 2260 883 2323; x_wconf 85' lang='lat' dir='ltr'><strong>consarcinaverit.</strong></span> <span class='ocrx_word' id='word_1_136' title='bbox 929 2256 1159 2322; x_wconf 89' lang='lat' dir='ltr'><strong>Demosthenes</strong></span> <span class='ocrx_word' id='word_1_137' title='bbox 1182 2258 1268 2321; x_wconf 89' lang='lat' dir='ltr'><strong>enim</strong></span> <span class='ocrx_word' id='word_1_138' title='bbox 1292 2255 1415 2321; x_wconf 85' lang='lat' dir='ltr'><strong>dixerat</strong></span> <span class='ocrx_word' id='word_1_139' title='bbox 1437 2277 1512 2342; x_wconf 81' lang='lat' dir='ltr'><strong>pag.</strong></span> 
     </span>
     <span class='ocr_line' id='line_1_18' title="bbox 324 2359 1513 2440; baseline -0.002 -14"><span class='ocrx_word' id='word_1_140' title='bbox 324 2359 378 2426; x_wconf 84' lang='grc'><strong>24.</strong></span> <span class='ocrx_word' id='word_1_141' title='bbox 404 2361 458 2426; x_wconf 83' lang='grc'><strong>21.</strong></span> <span class='ocrx_word' id='word_1_142' title='bbox 483 2365 571 2438; x_wconf 85' lang='grc' dir='ltr'><em>άλλ’,</em></span> <span class='ocrx_word' id='word_1_143' title='bbox 595 2359 699 2440; x_wconf 81' lang='grc' dir='ltr'><em>οἶμαι,</em></span> <span class='ocrx_word' id='word_1_144' title='bbox 726 2363 885 2440; x_wconf 72' lang='grc' dir='ltr'><em>καθήμεθα</em></span> <span class='ocrx_word' id='word_1_145' title='bbox 906 2363 988 2428; x_wconf 75' lang='grc' dir='ltr'><em>οὐδέν</em></span> <span class='ocrx_word' id='word_1_146' title='bbox 1008 2368 1173 2434; x_wconf 86' lang='grc' dir='ltr'><em>ποιοῦντες.</em></span> <span class='ocrx_word' id='word_1_147' title='bbox 1190 2363 1278 2426; x_wconf 82' lang='grc' dir='ltr'><em>-οὐ</em></span> <span class='ocrx_word' id='word_1_148' title='bbox 1299 2361 1333 2437; x_wconf 67' lang='grc' dir='ltr'><strong>δὴ</strong></span> <span class='ocrx_word' id='word_1_149' title='bbox 1354 2361 1513 2440; x_wconf 76' lang='grc' dir='ltr'><em>θανμαςόν</em></span> 
     </span>
     <span class='ocr_line' id='line_1_19' title="bbox 325 2465 1513 2549; baseline 0 -19"><span class='ocrx_word' id='word_1_150' title='bbox 325 2467 387 2536; x_wconf 82' lang='grc' dir='ltr'><em>έςιν</em></span> <span class='ocrx_word' id='word_1_151' title='bbox 418 2469 443 2532; x_wconf 81' lang='lat' dir='ltr'><strong>ei</strong></span> <span class='ocrx_word' id='word_1_152' title='bbox 472 2467 691 2549; x_wconf 80' lang='grc' dir='ltr'><em>ςρατευόμενος</em></span> <span class='ocrx_word' id='word_1_153' title='bbox 715 2467 767 2532; x_wconf 74' lang='grc' dir='ltr'><em>καὶ</em></span> <span class='ocrx_word' id='word_1_154' title='bbox 792 2475 885 2534; x_wconf 80' lang='grc' dir='ltr'><em>πονῶν</em></span> <span class='ocrx_word' id='word_1_155' title='bbox 910 2470 1018 2538; x_wconf 79' lang='grc' dir='ltr'><em>ἐκεῖνος</em></span> <span class='ocrx_word' id='word_1_156' title='bbox 1043 2469 1137 2540; x_wconf 70' lang='grc' dir='ltr'><em>αὐτός</em></span> <span class='ocrx_word' id='word_1_157' title='bbox 1163 2505 1204 2516; x_wconf 89' lang='grc'>-</span> <span class='ocrx_word' id='word_1_158' title='bbox 1230 2471 1313 2543; x_wconf 71' lang='grc' dir='ltr'><em>ἡμῶν</em></span> <span class='ocrx_word' id='word_1_159' title='bbox 1335 2465 1513 2544; x_wconf 75' lang='grc' dir='ltr'><em>μελλόντων</em></span> 
     </span>
     <span class='ocr_line' id='line_1_20' title="bbox 324 2571 1512 2660; baseline 0.001 -23"><span class='ocrx_word' id='word_1_160' title='bbox 324 2574 376 2637; x_wconf 73' lang='grc' dir='ltr'><em>καὶ</em></span> <span class='ocrx_word' id='word_1_161' title='bbox 407 2571 623 2654; x_wconf 72' lang='grc' dir='ltr'><em>ψηφιζομένων</em></span> <span class='ocrx_word' id='word_1_162' title='bbox 655 2575 707 2638; x_wconf 82' lang='grc' dir='ltr'><em>καὶ</em></span> <span class='ocrx_word' id='word_1_163' title='bbox 741 2575 965 2652; x_wconf 81' lang='grc' dir='ltr'><em>πυνθανομένων</em></span> <span class='ocrx_word' id='word_1_164' title='bbox 996 2575 1223 2655; x_wconf 70' lang='grc' dir='ltr'><em>περιγίγνεται.</em></span> <span class='ocrx_word' id='word_1_165' title='bbox 1247 2580 1279 2640; x_wconf 83' lang='lat' dir='ltr'><strong>et</strong></span> <span class='ocrx_word' id='word_1_166' title='bbox 1302 2594 1375 2660; x_wconf 79' lang='lat' dir='ltr'><strong>pag.</strong></span> <span class='ocrx_word' id='word_1_167' title='bbox 1401 2571 1454 2638; x_wconf 81' lang='lat'><strong>43.</strong></span> <span class='ocrx_word' id='word_1_168' title='bbox 1481 2571 1512 2638; x_wconf 83' lang='lat'><strong>7.</strong></span> 
     </span>
     <span class='ocr_line' id='line_1_21' title="bbox 325 2679 1514 2766; baseline 0.001 -23"><span class='ocrx_word' id='word_1_169' title='bbox 325 2682 341 2755; x_wconf 77' lang='grc' dir='ltr'>ἢ</span> <span class='ocrx_word' id='word_1_170' title='bbox 375 2679 543 2757; x_wconf 79' lang='grc' dir='ltr'><em>βούλεσθε,</em></span> <span class='ocrx_word' id='word_1_171' title='bbox 578 2679 646 2744; x_wconf 77' lang='grc' dir='ltr'><em>εἶπέ</em></span> <span class='ocrx_word' id='word_1_172' title='bbox 677 2704 748 2757; x_wconf 85' lang='grc' dir='ltr'><em>μοι,</em></span> <span class='ocrx_word' id='word_1_173' title='bbox 782 2681 944 2761; x_wconf 78' lang='grc' dir='ltr'><em>περιϊόντες</em></span> <span class='ocrx_word' id='word_1_174' title='bbox 978 2683 1077 2746; x_wconf 79' lang='grc' dir='ltr'><em>αὐτῶν</em></span> <span class='ocrx_word' id='word_1_175' title='bbox 1107 2680 1306 2745; x_wconf 86' lang='grc' dir='ltr'><em>πυνθάνεσθαι</em></span> <span class='ocrx_word' id='word_1_176' title='bbox 1336 2679 1434 2766; x_wconf 84' lang='grc' dir='ltr'><em>[κατά</em></span> <span class='ocrx_word' id='word_1_177' title='bbox 1457 2681 1514 2753; x_wconf 67' lang='grc' dir='ltr'><strong>τὴν</strong></span> 
     </span>
     <span class='ocr_line' id='line_1_22' title="bbox 323 2783 1512 2872; baseline 0 -22"><span class='ocrx_word' id='word_1_178' title='bbox 323 2786 441 2865; x_wconf 73' lang='grc' dir='ltr'><em>άγορόιν</em></span> <span class='ocrx_word' id='word_1_179' title='bbox 473 2805 535 2851; x_wconf 87' lang='lat' dir='ltr'><strong>om.</strong></span> <span class='ocrx_word' id='word_1_180' title='bbox 568 2785 590 2852; x_wconf 82' lang='lat' dir='ltr'>S</span> <span class='ocrx_word' id='word_1_181' title='bbox 620 2807 706 2852; x_wconf 90' lang='lat' dir='ltr'><strong>man.</strong></span> <span class='ocrx_word' id='word_1_182' title='bbox 735 2789 816 2872; x_wconf 76' lang='lat' dir='ltr'><strong>pn),</strong></span> <span class='ocrx_word' id='word_1_183' title='bbox 839 2787 972 2865; x_wconf 69' lang='grc' dir='ltr'><em>λέγεταί</em></span> <span class='ocrx_word' id='word_1_184' title='bbox 994 2810 1024 2851; x_wconf 91' lang='grc' dir='ltr'><strong>τι</strong></span> <span class='ocrx_word' id='word_1_185' title='bbox 1048 2783 1149 2850; x_wconf 89' lang='grc' dir='ltr'><em>καινόν</em></span> <span class='ocrx_word' id='word_1_186' title='bbox 1158 2806 1166 2863; x_wconf 89' lang='grc'><strong>;</strong></span> <span class='ocrx_word' id='word_1_187' title='bbox 1192 2785 1309 2862; x_wconf 74' lang='grc' dir='ltr'><em>γένοιτο</em></span> <span class='ocrx_word' id='word_1_188' title='bbox 1334 2786 1397 2864; x_wconf 77' lang='grc' dir='ltr'><strong>γάρ</strong></span> <span class='ocrx_word' id='word_1_189' title='bbox 1421 2783 1459 2850; x_wconf 87' lang='grc' dir='ltr'><strong>άν</strong></span> <span class='ocrx_word' id='word_1_190' title='bbox 1482 2810 1512 2849; x_wconf 92' lang='grc' dir='ltr'><strong>τι</strong></span> 
     </span>
     <span class='ocr_line' id='line_1_23' title="bbox 324 2891 1511 2971; baseline -0.001 -15"><span class='ocrx_word' id='word_1_191' title='bbox 324 2893 492 2971; x_wconf 84' lang='grc' dir='ltr'><em>καινότερον</em></span> <span class='ocrx_word' id='word_1_192' title='bbox 528 2892 545 2968; x_wconf 71' lang='grc' dir='ltr'>ἢ</span> <span class='ocrx_word' id='word_1_193' title='bbox 575 2892 727 2957; x_wconf 71' lang='grc' dir='ltr'><em>Μακεδὼν</em></span> <span class='ocrx_word' id='word_1_194' title='bbox 759 2895 831 2969; x_wconf 69' lang='grc' dir='ltr'><em>άνόρρ</em></span> <span class='ocrx_word' id='word_1_195' title='bbox 855 2892 1031 2968; x_wconf 75' lang='grc' dir='ltr'><em>Ἀθηναίους</em></span> <span class='ocrx_word' id='word_1_196' title='bbox 1056 2898 1285 2968; x_wconf 81' lang='grc' dir='ltr'><em>καταπολεμῶν</em></span> <span class='ocrx_word' id='word_1_197' title='bbox 1308 2891 1360 2957; x_wconf 73' lang='grc' dir='ltr'><em>καὶ</em></span> <span class='ocrx_word' id='word_1_198' title='bbox 1386 2891 1428 2956; x_wconf 79' lang='grc' dir='ltr'><strong>τά</strong></span> <span class='ocrx_word' id='word_1_199' title='bbox 1452 2898 1511 2956; x_wconf 83' lang='grc' dir='ltr'><strong>τῶν</strong></span> 
     </span>
     <span class='ocr_line' id='line_1_24' title="bbox 322 2997 1512 3084; baseline -0.001 -21"><span class='ocrx_word' id='word_1_200' title='bbox 322 3001 477 3074; x_wconf 73' lang='grc' dir='ltr'><em>Ἑλλήνων</em></span> <span class='ocrx_word' id='word_1_201' title='bbox 509 3000 638 3070; x_wconf 59' lang='lat' dir='ltr'><strong>stoream</strong></span> <span class='ocrx_word' id='word_1_202' title='bbox 667 2999 716 3064; x_wconf 78' lang='lat' dir='ltr'><strong>Ex</strong></span> <span class='ocrx_word' id='word_1_203' title='bbox 738 3000 790 3064; x_wconf 87' lang='lat' dir='ltr'><strong>his</strong></span> <span class='ocrx_word' id='word_1_204' title='bbox 813 3020 915 3063; x_wconf 90' lang='lat' dir='ltr'><strong>unum</strong></span> <span class='ocrx_word' id='word_1_205' title='bbox 938 2998 1022 3084; x_wconf 90' lang='lat' dir='ltr'><strong>apud</strong></span> <span class='ocrx_word' id='word_1_206' title='bbox 1045 2997 1211 3064; x_wconf 84' lang='lat' dir='ltr'><strong>falsarium</strong></span> <span class='ocrx_word' id='word_1_207' title='bbox 1235 2998 1389 3062; x_wconf 89' lang='lat' dir='ltr'><strong>mendum</strong></span> <span class='ocrx_word' id='word_1_208' title='bbox 1412 3001 1512 3063; x_wconf 81' lang='lat' dir='ltr'><strong>eximi</strong></span> 
     </span>
     <span class='ocr_line' id='line_1_25' title="bbox 323 3103 1512 3191; baseline 0 -23"><span class='ocrx_word' id='word_1_209' title='bbox 323 3104 435 3170; x_wconf 88' lang='lat' dir='ltr'><strong>debere</strong></span> <span class='ocrx_word' id='word_1_210' title='bbox 469 3106 605 3171; x_wconf 88' lang='lat' dir='ltr'><strong>arbitror</strong></span> <span class='ocrx_word' id='word_1_211' title='bbox 639 3113 670 3171; x_wconf 88' lang='lat' dir='ltr'><strong>et</strong></span> <span class='ocrx_word' id='word_1_212' title='bbox 705 3127 760 3191; x_wconf 89' lang='lat' dir='ltr'><strong>pro</strong></span> <span class='ocrx_word' id='word_1_213' title='bbox 791 3106 929 3184; x_wconf 79' lang='grc' dir='ltr'><em>νεώτερον</em></span> <span class='ocrx_word' id='word_1_214' title='bbox 960 3106 1009 3170; x_wconf 90' lang='lat' dir='ltr'><strong>bis</strong></span> <span class='ocrx_word' id='word_1_215' title='bbox 1040 3103 1209 3183; x_wconf 83' lang='grc' dir='ltr'><em>καινότερον</em></span> <span class='ocrx_word' id='word_1_216' title='bbox 1240 3104 1380 3169; x_wconf 81' lang='lat' dir='ltr'><strong>rescribi.</strong></span> <span class='ocrx_word' id='word_1_217' title='bbox 1427 3104 1512 3168; x_wconf 89' lang='lat' dir='ltr'><strong>Nam</strong></span> 
     </span>
     <span class='ocr_line' id='line_1_26' title="bbox 323 3208 1512 3296; baseline -0.003 -21"><span class='ocrx_word' id='word_1_218' title='bbox 323 3213 394 3296; x_wconf 86' lang='lat' dir='ltr'><strong>quis</strong></span> <span class='ocrx_word' id='word_1_219' title='bbox 428 3213 530 3275; x_wconf 82' lang='lat' dir='ltr'><strong>nescit</strong></span> <span class='ocrx_word' id='word_1_220' title='bbox 564 3211 642 3296; x_wconf 91' lang='lat' dir='ltr'><strong>quid</strong></span> <span class='ocrx_word' id='word_1_221' title='bbox 675 3213 759 3276; x_wconf 87' lang='lat' dir='ltr'><strong>inter</strong></span> <span class='ocrx_word' id='word_1_222' title='bbox 793 3208 961 3291; x_wconf 83' lang='grc' dir='ltr'><em>καινότερον</em></span> <span class='ocrx_word' id='word_1_223' title='bbox 996 3215 1028 3275; x_wconf 88' lang='lat' dir='ltr'><strong>et</strong></span> <span class='ocrx_word' id='word_1_224' title='bbox 1062 3210 1217 3290; x_wconf 79' lang='grc' dir='ltr'><em>νεώτερον,</em></span> <span class='ocrx_word' id='word_1_225' title='bbox 1255 3217 1444 3287; x_wconf 83' lang='grc' dir='ltr'><em>καινοτομεῖν</em></span> <span class='ocrx_word' id='word_1_226' title='bbox 1479 3213 1512 3274; x_wconf 90' lang='lat' dir='ltr'><strong>et</strong></span> 
     </span>
     <span class='ocr_line' id='line_1_27' title="bbox 248 3314 673 3398; baseline -0.007 -14"><span class='ocrx_word' id='word_1_227' title='bbox 248 3377 255 3384; x_wconf 94' lang='lat'><strong>.</strong></span> <span class='ocrx_word' id='word_1_228' title='bbox 323 3317 502 3398; x_wconf 68' lang='grc' dir='ltr'><em>νεωτερίζειν</em></span> <span class='ocrx_word' id='word_1_229' title='bbox 525 3314 673 3382; x_wconf 81' lang='lat' dir='ltr'><strong>intersit?</strong></span> 
     </span>
    </p>
   </div>
   <div class='ocr_carea' id='block_1_4' title="bbox 321 3527 1512 4567">
    <p class='ocr_par' dir='ltr' id='par_1_4' title="bbox 321 3527 1512 4567">
     <span class='ocr_line' id='line_1_28' title="bbox 367 3527 1510 3613; baseline -0.003 -19"><span class='ocrx_word' id='word_1_230' title='bbox 367 3528 430 3595; x_wconf 79' lang='lat' dir='ltr'><strong>Sed</strong></span> <span class='ocrx_word' id='word_1_231' title='bbox 453 3529 513 3594; x_wconf 90' lang='lat' dir='ltr'><strong>hoc</strong></span> <span class='ocrx_word' id='word_1_232' title='bbox 535 3527 606 3594; x_wconf 85' lang='lat' dir='ltr'><strong>leve</strong></span> <span class='ocrx_word' id='word_1_233' title='bbox 626 3530 745 3593; x_wconf 84' lang='lat' dir='ltr'><strong>vitium</strong></span> <span class='ocrx_word' id='word_1_234' title='bbox 765 3533 813 3594; x_wconf 89' lang='lat' dir='ltr'><strong>cst</strong></span> <span class='ocrx_word' id='word_1_235' title='bbox 831 3548 905 3613; x_wconf 91' lang='lat' dir='ltr'><strong>prae</strong></span> <span class='ocrx_word' id='word_1_236' title='bbox 925 3529 1111 3612; x_wconf 85' lang='lat' dir='ltr'><strong>turpissimo</strong></span> <span class='ocrx_word' id='word_1_237' title='bbox 1131 3527 1264 3605; x_wconf 89' lang='lat' dir='ltr'><strong>mendo,</strong></span> <span class='ocrx_word' id='word_1_238' title='bbox 1286 3549 1348 3613; x_wconf 91' lang='lat' dir='ltr'><strong>quo</strong></span> <span class='ocrx_word' id='word_1_239' title='bbox 1366 3527 1510 3593; x_wconf 88' lang='lat' dir='ltr'><strong>laborant</strong></span> 
     </span>
     <span class='ocr_line' id='line_1_29' title="bbox 321 3631 1509 3716; baseline -0.004 -15"><span class='ocrx_word' id='word_1_240' title='bbox 321 3637 429 3701; x_wconf 84' lang='lat' dir='ltr'><strong>vicina</strong></span> <span class='ocrx_word' id='word_1_241' title='bbox 460 3635 556 3700; x_wconf 86' lang='lat' dir='ltr'><strong>haec:</strong></span> <span class='ocrx_word' id='word_1_242' title='bbox 587 3634 639 3699; x_wconf 76' lang='grc' dir='ltr'><strong>καὶ</strong></span> <span class='ocrx_word' id='word_1_243' title='bbox 671 3637 713 3716; x_wconf 74' lang='grc' dir='ltr'><strong>τῷ</strong></span> <span class='ocrx_word' id='word_1_244' title='bbox 745 3636 801 3712; x_wconf 84' lang='grc' dir='ltr'><strong>μέν</strong></span> <span class='ocrx_word' id='word_1_245' title='bbox 835 3633 1007 3713; x_wconf 78' lang='grc' dir='ltr'><em>ὑπάρχοντι</em></span> <span class='ocrx_word' id='word_1_246' title='bbox 1041 3671 1082 3682; x_wconf 87' lang='grc'>-</span> <span class='ocrx_word' id='word_1_247' title='bbox 1107 3635 1166 3697; x_wconf 81' lang='grc' dir='ltr'><strong>τῶν</strong></span> <span class='ocrx_word' id='word_1_248' title='bbox 1190 3636 1262 3712; x_wconf 81' lang='grc' dir='ltr'><em>παρ’</em></span> <span class='ocrx_word' id='word_1_249' title='bbox 1288 3636 1359 3711; x_wconf 73' lang='grc' dir='ltr'><em>ἡμῖν</em></span> <span class='ocrx_word' id='word_1_250' title='bbox 1384 3631 1509 3714; x_wconf 72' lang='grc' dir='ltr'><em>ρ’ντόρωιι</em></span> 
     </span>
     <span class='ocr_line' id='line_1_30' title="bbox 322 3738 1510 3820; baseline -0.003 -14"><span class='ocrx_word' id='word_1_251' title='bbox 322 3743 399 3812; x_wconf 78' lang='grc' dir='ltr'><em>τινὲς</em></span> <span class='ocrx_word' id='word_1_252' title='bbox 425 3743 450 3806; x_wconf 80' lang='lat' dir='ltr'><strong>ci</strong></span> <span class='ocrx_word' id='word_1_253' title='bbox 474 3742 533 3812; x_wconf 80' lang='grc' dir='ltr'><strong>τάς</strong></span> <span class='ocrx_word' id='word_1_254' title='bbox 557 3743 632 3820; x_wconf 88' lang='grc' dir='ltr'><em>παρ’</em></span> <span class='ocrx_word' id='word_1_255' title='bbox 657 3741 768 3806; x_wconf 78' lang='grc' dir='ltr'><em>ἐκείνου</em></span> <span class='ocrx_word' id='word_1_256' title='bbox 792 3741 903 3819; x_wconf 77' lang='grc' dir='ltr'><em>δωρεάς</em></span> <span class='ocrx_word' id='word_1_257' title='bbox 928 3739 1030 3804; x_wconf 67' lang='lat' dir='ltr'><strong>atacis</strong></span> <span class='ocrx_word' id='word_1_258' title='bbox 1062 3739 1302 3818; x_wconf 71' lang='grc' dir='ltr'><em>λαμβάνειν</em></span> <span class='ocrx_word' id='word_1_259' title='bbox 1337 3738 1510 3819; x_wconf 77' lang='grc' dir='ltr'><em>νομίζον-</em></span> 
     </span>
     <span class='ocr_line' id='line_1_31' title="bbox 321 3832 1507 3928; baseline -0.003 -15"><span class='ocrx_word' id='word_1_260' title='bbox 321 3873 387 3920; x_wconf 81' lang='grc' dir='ltr'><em>τες</em></span> <span class='ocrx_word' id='word_1_261' title='bbox 411 3849 463 3912; x_wconf 82' lang='grc' dir='ltr'><strong>οὐκ</strong></span> <span class='ocrx_word' id='word_1_262' title='bbox 488 3832 690 3928; x_wconf 76' lang='grc' dir='ltr'><em>αἰσχύνονται</em></span> <span class='ocrx_word' id='word_1_263' title='bbox 717 3847 861 3926; x_wconf 74' lang='grc' dir='ltr'><em>Φιλίππῳ</em></span> <span class='ocrx_word' id='word_1_264' title='bbox 885 3846 995 3928; x_wconf 81' lang='grc' dir='ltr'><em>ζῶντες</em></span> <span class='ocrx_word' id='word_1_265' title='bbox 1021 3845 1081 3910; x_wconf 74' lang='grc' dir='ltr'><em>οὐδ’</em></span> <span class='ocrx_word' id='word_1_266' title='bbox 1106 3845 1301 3910; x_wconf 72' lang='grc' dir='ltr'><em>αἰσθάνονται</em></span> <span class='ocrx_word' id='word_1_267' title='bbox 1326 3844 1433 3910; x_wconf 87' lang='grc' dir='ltr'><em>πάντα</em></span> <span class='ocrx_word' id='word_1_268' title='bbox 1455 3847 1507 3910; x_wconf 78' lang='grc' dir='ltr'><em>καὶ</em></span> 
     </span>
     <span class='ocr_line' id='line_1_32' title="bbox 321 3953 1509 4034; baseline -0.004 -16"><span class='ocrx_word' id='word_1_269' title='bbox 321 3955 364 4020; x_wconf 83' lang='grc' dir='ltr'><strong>τά</strong></span> <span class='ocrx_word' id='word_1_270' title='bbox 395 3963 450 4029; x_wconf 77' lang='grc' dir='ltr'><strong>τῆς</strong></span> <span class='ocrx_word' id='word_1_271' title='bbox 482 3953 600 4027; x_wconf 88' lang='grc' dir='ltr'><em>πόλεως</em></span> <span class='ocrx_word' id='word_1_272' title='bbox 624 3953 676 4018; x_wconf 77' lang='grc' dir='ltr'><strong>καὶ</strong></span> <span class='ocrx_word' id='word_1_273' title='bbox 702 3953 744 4017; x_wconf 84' lang='grc' dir='ltr'><strong>τά</strong></span> <span class='ocrx_word' id='word_1_274' title='bbox 768 3961 853 4034; x_wconf 80' lang='grc' dir='ltr'><em>σφῶν</em></span> <span class='ocrx_word' id='word_1_275' title='bbox 878 3953 978 4016; x_wconf 81' lang='grc' dir='ltr'><em>αὐτῶν</em></span> <span class='ocrx_word' id='word_1_276' title='bbox 1002 3955 1109 4029; x_wconf 83' lang='grc' dir='ltr'><em>μικροῦ</em></span> <span class='ocrx_word' id='word_1_277' title='bbox 1133 3955 1301 4028; x_wconf 71' lang='grc' dir='ltr'><em>λήμματος</em></span> <span class='ocrx_word' id='word_1_278' title='bbox 1327 3955 1509 4022; x_wconf 77' lang='grc' dir='ltr'><em>πωλοῦντες,</em></span> 
     </span>
     <span class='ocr_line' id='line_1_33' title="bbox 323 4054 1510 4142; baseline -0.003 -16"><span class='ocrx_word' id='word_1_279' title='bbox 323 4061 401 4141; x_wconf 80' lang='lat' dir='ltr'><strong>Quis</strong></span> <span class='ocrx_word' id='word_1_280' title='bbox 423 4081 486 4125; x_wconf 90' lang='lat' dir='ltr'><strong>non</strong></span> <span class='ocrx_word' id='word_1_281' title='bbox 508 4061 651 4126; x_wconf 79' lang='lat' dir='ltr'><strong>haerebit</strong></span> <span class='ocrx_word' id='word_1_282' title='bbox 671 4063 705 4124; x_wconf 93' lang='lat' dir='ltr'><strong>in</strong></span> <span class='ocrx_word' id='word_1_283' title='bbox 725 4059 902 4137; x_wconf 73' lang='grc' dir='ltr'><em>λαμβάνειν</em></span> <span class='ocrx_word' id='word_1_284' title='bbox 925 4054 1120 4139; x_wconf 75' lang='grc' dir='ltr'><em>νομίζοντεςθ</em></span> <span class='ocrx_word' id='word_1_285' title='bbox 1138 4057 1211 4124; x_wconf 90' lang='lat' dir='ltr'><strong>Non</strong></span> <span class='ocrx_word' id='word_1_286' title='bbox 1231 4060 1317 4122; x_wconf 89' lang='lat' dir='ltr'><strong>enim</strong></span> <span class='ocrx_word' id='word_1_287' title='bbox 1336 4058 1510 4142; x_wconf 82' lang='lat' dir='ltr'><strong>proditores</strong></span> 
     </span>
     <span class='ocr_line' id='line_1_34' title="bbox 321 4161 1510 4252; baseline -0.004 -21"><span class='ocrx_word' id='word_1_288' title='bbox 321 4189 354 4231; x_wconf 90' lang='lat' dir='ltr'><strong>se</strong></span> <span class='ocrx_word' id='word_1_289' title='bbox 379 4167 459 4232; x_wconf 90' lang='lat' dir='ltr'><strong>dona</strong></span> <span class='ocrx_word' id='word_1_290' title='bbox 482 4169 621 4251; x_wconf 87' lang='lat' dir='ltr'><strong>accipere</strong></span> <span class='ocrx_word' id='word_1_291' title='bbox 645 4166 870 4252; x_wconf 79' lang='lat' dir='ltr'><strong>opinabantur,</strong></span> <span class='ocrx_word' id='word_1_292' title='bbox 893 4165 948 4230; x_wconf 88' lang='lat' dir='ltr'><strong>sed</strong></span> <span class='ocrx_word' id='word_1_293' title='bbox 968 4167 1046 4228; x_wconf 90' lang='lat' dir='ltr'><strong>satis</strong></span> <span class='ocrx_word' id='word_1_294' title='bbox 1065 4163 1214 4228; x_wconf 83' lang='lat' dir='ltr'><strong>sciebant.</strong></span> <span class='ocrx_word' id='word_1_295' title='bbox 1251 4161 1363 4248; x_wconf 87' lang='lat' dir='ltr'><strong>Itaque</strong></span> <span class='ocrx_word' id='word_1_296' title='bbox 1383 4167 1510 4228; x_wconf 88' lang='lat' dir='ltr'><strong>exortus</strong></span> 
     </span>
     <span class='ocr_line' id='line_1_35' title="bbox 322 4268 1510 4357; baseline -0.004 -20"><span class='ocrx_word' id='word_1_297' title='bbox 322 4277 370 4337; x_wconf 88' lang='lat' dir='ltr'><strong>est</strong></span> <span class='ocrx_word' id='word_1_298' title='bbox 393 4271 470 4335; x_wconf 87' lang='lat' dir='ltr'><strong>olim</strong></span> <span class='ocrx_word' id='word_1_299' title='bbox 496 4277 666 4348; x_wconf 87' lang='lat' dir='ltr'><strong>corrector,</strong></span> <span class='ocrx_word' id='word_1_300' title='bbox 692 4275 747 4357; x_wconf 90' lang='lat' dir='ltr'><strong>qui</strong></span> <span class='ocrx_word' id='word_1_301' title='bbox 771 4272 919 4338; x_wconf 89' lang='lat' dir='ltr'><strong>audacter</strong></span> <span class='ocrx_word' id='word_1_302' title='bbox 942 4270 1061 4335; x_wconf 91' lang='lat' dir='ltr'><strong>nodum</strong></span> <span class='ocrx_word' id='word_1_303' title='bbox 1081 4270 1238 4335; x_wconf 82' lang='lat' dir='ltr'><strong>dissecans</strong></span> <span class='ocrx_word' id='word_1_304' title='bbox 1257 4290 1313 4355; x_wconf 90' lang='lat' dir='ltr'><strong>pro</strong></span> <span class='ocrx_word' id='word_1_305' title='bbox 1334 4268 1510 4346; x_wconf 82' lang='grc' dir='ltr'><em>λαμβάνειν</em></span> 
     </span>
     <span class='ocr_line' id='line_1_36' title="bbox 323 4373 1510 4462; baseline -0.003 -22"><span class='ocrx_word' id='word_1_306' title='bbox 323 4375 491 4456; x_wconf 80' lang='grc' dir='ltr'><em>νομίζοντες</em></span> <span class='ocrx_word' id='word_1_307' title='bbox 516 4377 683 4441; x_wconf 91' lang='lat' dir='ltr'><strong>substituit</strong></span> <span class='ocrx_word' id='word_1_308' title='bbox 706 4377 947 4455; x_wconf 68' lang='lat' dir='ltr'><strong>scattoimum,</strong></span> <span class='ocrx_word' id='word_1_309' title='bbox 972 4381 1004 4442; x_wconf 90' lang='lat' dir='ltr'><strong>et</strong></span> <span class='ocrx_word' id='word_1_310' title='bbox 1024 4379 1070 4441; x_wconf 87' lang='lat' dir='ltr'><strong>sio</strong></span> <span class='ocrx_word' id='word_1_311' title='bbox 1089 4397 1172 4440; x_wconf 89' lang='lat' dir='ltr'><strong>nunc</strong></span> <span class='ocrx_word' id='word_1_312' title='bbox 1192 4377 1226 4440; x_wconf 89' lang='lat' dir='ltr'><strong>in</strong></span> <span class='ocrx_word' id='word_1_313' title='bbox 1248 4374 1361 4440; x_wconf 85' lang='lat' dir='ltr'><strong>multis</strong></span> <span class='ocrx_word' id='word_1_314' title='bbox 1379 4373 1510 4462; x_wconf 80' lang='lat' dir='ltr'><strong>legitur.</strong></span> 
     </span>
     <span class='ocr_line' id='line_1_37' title="bbox 322 4480 1512 4567; baseline -0.004 -18"><span class='ocrx_word' id='word_1_315' title='bbox 322 4482 415 4549; x_wconf 89' lang='lat' dir='ltr'><strong>Nihil</strong></span> <span class='ocrx_word' id='word_1_316' title='bbox 445 4484 490 4546; x_wconf 90' lang='lat' dir='ltr'><strong>sic</strong></span> <span class='ocrx_word' id='word_1_317' title='bbox 520 4480 720 4566; x_wconf 89' lang='lat' dir='ltr'><strong>proficimus,</strong></span> <span class='ocrx_word' id='word_1_318' title='bbox 753 4483 807 4549; x_wconf 89' lang='lat' dir='ltr'><strong>sed</strong></span> <span class='ocrx_word' id='word_1_319' title='bbox 839 4483 992 4549; x_wconf 87' lang='lat' dir='ltr'><strong>elicienda</strong></span> <span class='ocrx_word' id='word_1_320' title='bbox 1015 4487 1082 4548; x_wconf 89' lang='lat' dir='ltr'><strong>crat</strong></span> <span class='ocrx_word' id='word_1_321' title='bbox 1105 4503 1181 4548; x_wconf 84' lang='lat' dir='ltr'><strong>vera</strong></span> <span class='ocrx_word' id='word_1_322' title='bbox 1203 4484 1359 4567; x_wconf 87' lang='lat' dir='ltr'><strong>scriptura</strong></span> <span class='ocrx_word' id='word_1_323' title='bbox 1381 4501 1419 4545; x_wconf 82' lang='lat' dir='ltr'><strong>er</strong></span> <span class='ocrx_word' id='word_1_324' title='bbox 1441 4480 1512 4545; x_wconf 87' lang='lat' dir='ltr'><strong>loco</strong></span> 
     </span>
    </p>
   </div>
   <div class='ocr_carea' id='block_1_5' title="bbox 0 0 1684 5200">
    <p class='ocr_par' dir='ltr' id='par_1_5' title="bbox 0 0 1684 5200">
     <span class='ocr_line' id='line_1_38' title="bbox 0 0 1684 5200; baseline 0 1"><span class='ocrx_word' id='word_1_325' title='bbox 0 0 1684 5200; x_wconf 95' lang='lat' dir='ltr'><strong> </strong></span> 
     </span>
    </p>
   </div>
  </div>
 </body>
</html>
