3358 5200
738 391 781 462 to

163 561 221 648 lei
266 587 335 648 erat
382 581 520 648 Eubuli:
568 583 621 651 ἐάν
667 609 713 658 τις
760 585 870 668 γράψει
913 586 956 652 τά
1002 585 1126 667 θεωρικά
1173 583 1359 666 ερατιυτιιιά

164 695 265 752 ποιεῖν
289 689 418 762 θάνατος
443 689 461 765 i
485 688 595 771 ζνμῖα.
643 690 754 776 Itoque
775 693 881 758 verbis
905 695 1089 759 cautissimo
1112 694 1270 776 eonoeptis
1291 710 1360 755 een-

165 796 237 858 suit
266 794 344 873 μίαν
376 796 521 872 σύνταξιν
552 797 613 864 δεῖν
647 794 723 864 εῖναι
756 798 810 872 τὴν
842 799 939 875 αὐτὴν
966 804 1021 864 τοῦ
1044 823 1081 863 τε
1103 797 1281 876 λαμβάνειν
1307 795 1359 860 καῖ

163 904 223 964 τοῦ
249 909 343 966 ποιεῖν
364 900 409 966 τά
431 899 553 980 δέοντα,
581 910 613 970 et
638 903 710 970 aliis
729 906 835 972 verbis
855 907 1066 985 συνταχθῆναι
1086 903 1146 968 δεῖν
1166 901 1203 967 τά
1221 927 1257 966 τε
1275 916 1360 980 λαμ-

162 1005 279 1084 βάνειν
302 1006 355 1071 καῖ
379 1009 414 1074 τὸ
437 1010 481 1073 τά
505 1009 610 1076 δέοντα
635 1019 741 1076 ποιεῖν.
786 1009 872 1076 Hine
892 1013 1048 1097 impostor
1062 1015 1169 1076 noster
1186 1030 1261 1096 pag.
1283 1005 1359 1072 168.

165 1111 227 1176 21.
260 1113 344 1196 φημὶ
374 1114 436 1180 δεῖν
469 1115 552 1192 ὑμᾶς
583 1117 795 1197 συντετάχθαι
827 1116 880 1180 καῖ
912 1117 966 1190 τῖον
990 1117 1088 1190 αὐτὴν
1109 1119 1163 1180 τοῦ
1187 1139 1222 1179 τε
1247 1115 1360 1193 λαβεῖν

164 1218 223 1282 nai
248 1223 302 1282 τοῦ
326 1225 421 1283 ποιεῖν
444 1215 466 1284 ά
491 1221 631 1300 προσήκει
659 1229 876 1289 erusteus
900 1219 988 1289 εῖναι.
1034 1222 1144 1289 Viden'
1164 1241 1231 1286 esse
1250 1217 1361 1284 eudem

165 1322 239 1388 fere
268 1325 431 1404 αὐτολεξεῖ
442 1374 450 1402 ,
484 1347 565 1411 quae
589 1330 624 1392 in
651 1327 828 1420 Οῖριιοῖῖυσα
851 1327 934 1394 dixit
955 1323 1205 1396 Demosthenesl
1250 1322 1362 1409 Itaque

166 1429 258 1514 quod
291 1430 399 1496 addit:
429 1431 588 1511 διελέχθην
618 1434 645 1500 δ’
670 1434 740 1511 ὑμῖν
764 1435 831 1514 περὶ
855 1435 968 1501 τούτων
990 1435 1042 1501 καῖ
1067 1433 1225 1515 πρότερον,
1251 1429 1361 1496 eodem

167 1541 315 1620 spectare
338 1537 544 1603 manifestum
569 1543 626 1604 est.
666 1539 805 1605 Minime
824 1539 995 1607 obscurum
1015 1547 1063 1607 est
1084 1539 1160 1626 quid
1178 1538 1240 1606 sibi
1259 1535 1363 1602 velint

167 1639 235 1707 hae
265 1642 415 1729 ambages
443 1645 521 1720 μίαν
553 1643 698 1723 σύνταξιν
731 1640 807 1710 εἶναι
838 1645 893 1720 τῖον
923 1645 1021 1720 αὐτὴν
1046 1651 1100 1712 τοῦ
1123 1671 1159 1711 τε
1183 1640 1362 1720 λαμβάνειν

167 1747 227 1812 sai
258 1753 313 1812 τοῦ
345 1756 440 1815 ποιεῖν
464 1751 507 1815 rei
532 1749 649 1816 δέοντα.
698 1750 871 1836 Perplexae
895 1753 982 1818 enim
1004 1755 1155 1819 orationis
1177 1750 1231 1815 bio
1253 1767 1362 1813 sensus

167 1859 240 1920 eet:
267 1857 300 1920 eri
326 1853 374 1921 δεῖ
393 1856 571 1936 λαμβάνειν
595 1857 665 1929 τοὺς
688 1856 771 1922 ostis
794 1863 974 1937 ποιοῦντας,
999 1861 1108 1944 itaque
1129 1855 1300 1924 malesanis
1323 1873 1362 1918 ex

167 1961 294 2026 aersrio
322 1959 548 2048 largitionibus
578 1961 674 2029 tinem
705 1965 828 2048 imponi
857 1968 1009 2050 oportere.
1056 1961 1268 2029 Militantium
1295 1979 1362 2024 esse

167 2066 352 2132 iunioribus
382 2073 459 2148 (τοῖς
484 2070 514 2132 έν
539 2070 674 2152 ιῖλιιιῖα),
697 2067 873 2134 senioribus
897 2067 972 2156 (τοῖο
997 2069 1069 2150 ὑπὲρ
1093 2068 1144 2133 τδν
1168 2063 1359 2152 κατάλογον)

165 2192 301 2257 operam
330 2171 472 2257 aliquam
501 2175 579 2260 reip.
613 2195 680 2240 esse
702 2175 925 2259 praestandam
947 2176 999 2239 καῖ
1025 2172 1116 2241 πάνθ’
1142 2171 1219 2250 ἕξειν
1243 2176 1359 2242 καλῶς.

164 2275 262 2344 Ηειεσ
292 2283 341 2342 est
369 2281 472 2366 igitur
502 2279 560 2346 ilia
590 2278 753 2358 σύνταξις,
784 2280 869 2346 unde
899 2278 991 2346 fictas
1013 2282 1149 2347 orationi
1171 2297 1288 2348 nomen
1311 2280 1359 2342 est

164 2382 324 2450 inditum.
380 2383 608 2452 Percurremus
648 2407 732 2452 nuno
775 2387 925 2452 orationis
966 2391 1093 2452 textum
1127 2384 1359 2450 mendosiorem

164 2489 278 2556 multo
308 2494 340 2554 et
368 2490 498 2556 insulsis
528 2491 754 2560 additamentis
783 2494 889 2579 magis
921 2494 1141 2577 inquinatum,
1165 2509 1262 2576 quam
1286 2491 1362 2554 sunt

165 2596 332 2682 reliquae,
356 2617 437 2682 quae
459 2596 682 2664 Demosthenis
704 2615 821 2664 nomen
844 2599 1054 2663 mentiuntur.

216 2807 296 2896 Peg.
331 2805 407 2873 166.
441 2806 471 2873 3.
501 2807 651 2889 οὐδέτερόν
674 2832 725 2887 μοι
749 2809 832 2874 δοκεῖ
851 2815 911 2875 τοῖν
932 2814 1084 2889 χαλεπῶν
1108 2805 1184 2874 εῖναι
1207 2805 1272 2874 οὔτ’
1297 2807 1361 2873 έπι·

167 2915 353 2992 τιμήσαντο
377 2922 440 2986 τοῖς
464 2912 585 2994 νέμουσι
604 2915 658 2980 καὶ
678 2914 790 2981 διδοῦσι
809 2915 853 2981 τά
872 2915 956 2982 κοινά
975 2916 1175 2992 εὐδοκιμῆσαι
1196 2913 1284 2995 παροδ
1296 2920 1360 2985 τοῖς

168 3021 376 3100 βλάπτεσθαι
411 3020 461 3087 διά
495 3021 609 3087 τούτοιν
643 3020 822 3100 νῖχουμένοις
854 3023 908 3096 τῖον
939 3020 1048 3096 πάλιν,
1079 3020 1149 3088 οὔτε
1179 3018 1362 3086 συνειπόντα

170 3125 243 3213 [sai
277 3125 508 3207 παραινέσαντα
532 3129 571 3200 ὣς
596 3126 642 3192 δεῖ
664 3125 856 3212 λαμβάνειν]
880 3128 1073 3209 χαρίσασθαι
1096 3136 1159 3198 τοῖς
1184 3123 1304 3207 σφόδρα
1328 3127 1359 3189 έν

168 3233 267 3316 χρεῖοι
296 3237 351 3296 τοῦ
382 3232 498 3310 λαβεῖν
528 3229 619 3298 οὖσιν.
666 3233 777 3319 Neque
808 3233 906 3311 νέμειν
935 3253 1037 3319 nequo
1068 3231 1179 3298 διδέναι
1209 3234 1304 3297 inea
1328 3251 1362 3296 re

169 3343 259 3404 reete
291 3343 453 3424 ponuntur
486 3343 519 3404 et
551 3337 634 3404 nibil
666 3341 751 3405 inter
781 3345 955 3424 utrumque
989 3340 1129 3404 interest.
1176 3335 1364 3422 Requiritur

169 3444 269 3510 leobio
303 3465 342 3512 ex
376 3450 511 3532 utroque
547 3445 697 3513 conflata:
732 3445 964 3525 lassiaisseras
995 3453 1058 3517 τοῖς
1091 3443 1288 3520 ΔΙΑυέμουσι
1320 3442 1363 3507 τά

170 3549 275 3628 ιιοινά,
308 3551 392 3618 unde
421 3554 629 3618 notissimum
659 3572 775 3618 nomen
804 3551 1015 3639 largitionum
1037 3551 1183 3615 omnium
1206 3544 1361 3624 διανομαί.

171 3656 298 3723 Deinde
328 3679 474 3746 expungo
507 3658 560 3722 ιιαῖ
593 3657 828 3738 παραινέσοντα
858 3660 898 3729 eie
929 3656 977 3724 δεῖ
1000 3653 1197 3734 λαμβάνειν,
1221 3655 1364 3739 primum

172 3766 251 3850 quia
280 3764 386 3849 inepte
417 3769 450 3830 et
473 3763 572 3830 stulte
595 3763 758 3830 abundant
782 3768 853 3849 post
875 3758 1060 3828 συνειπόντα
1083 3766 1146 3830 τοῖς
1169 3757 1363 3836 διανέμουσι,

172 3868 289 3936 deinde
307 3871 383 3955 quia
400 3889 475 3934 oum
496 3871 653 3936 sententia
668 3874 823 3956 pugnant.
858 3868 989 3934 Poterat
1007 3867 1111 3932 disere
1131 3865 1365 3946 ταραινέσαντα

173 3976 212 4048 ὥς
245 3975 294 4040 δεῖ
324 3983 528 4040 ΔΙΔΟΝλΙτ
561 3995 676 4062 nempe
708 3976 733 4040 oi
764 3973 943 4053 λαμβάνειν
970 3970 1149 4052 βουλόμενοι
1172 3969 1255 4035 οὐδέν
1277 3966 1365 4046 οἶμαι

174 4081 384 4158 παραινέσεως
414 4080 539 4146 ε’δέιντο.
585 4079 816 4167 interpretetus
847 4086 895 4146 est
925 4079 1042 4164 aliquis
1065 4075 1143 4162 quid
1167 4081 1248 4142 esset
1271 4099 1366 4141 συνει-

173 4191 297 4267 πέντοι,
328 4190 419 4273 quasi
442 4207 505 4254 nou
528 4189 701 4254 sexoenties
725 4187 956 4266 συναγορεύειν,
981 4189 1128 4261 συνερεῖν,
1153 4191 1305 4248 συνειπεῖν
1330 4201 1366 4247 οο

173 4313 270 4362 sensu
300 4293 478 4381 legeretur:
503 4293 557 4359 sed
580 4291 766 4359 incredibile
789 4293 878 4359 dieto
904 4295 952 4357 est
975 4309 1071 4375 quam
1093 4287 1231 4374 puerilia
1252 4293 1366 4354 traete

173 4404 246 4466 rent
268 4398 338 4478 illi,
362 4401 418 4484 qui
441 4393 716 4484 Constantinopoli
738 4402 948 4464 monuments
965 4395 1133 4462 literarum
1153 4403 1301 4460 veterum
1321 4393 1364 4464 lo-

174 4507 295 4595 gebant
318 4509 351 4570 et
375 4504 571 4570 enarrabant.
