3410 5180
731 381 798 450 495
894 442 902 458 .

171 569 354 668 Dindortius
376 571 511 654 διρίρηκεν
534 571 716 648 substituit,
741 574 869 637 secutus
894 571 1092 651 Debrueum,
1118 576 1173 660 qui
1191 596 1277 641 nune
1297 576 1366 662 qui-

173 675 247 741 dem
270 675 405 743 fallitur.

220 769 355 863 mirapeis
379 789 411 850 et
435 782 568 864 διορίζειν
591 783 630 849 de
652 783 725 870 lege
744 785 925 869 promiscue
949 790 981 852 et
1008 785 1118 852 eodem
1140 807 1233 852 sensu
1252 787 1370 852 dieitur
1486 785 1488 788 ’

174 888 259 974 apud
282 909 409 964 omnes,
434 890 491 954 ubi
514 912 561 954 ree
584 889 720 954 ἀίυστοιιο
739 890 967 973 delinquuntur
987 897 1020 958 et
1040 895 1168 958 omnino
1187 893 1244 958 ubi
1262 892 1367 957 ώνόονθ-

174 1017 239 1060 τοοκ
267 996 392 1081 aliquod
421 995 629 1073 constituitur,
662 994 850 1075 διαχορειίειν
880 1002 989 1064 contre
1021 1004 1070 1064 est
1095 999 1223 1075 diserte,
1248 998 1369 1063 disertis

174 1102 271 1165 verbis
301 1103 409 1167 dicere.
454 1099 525 1168 Ηοο
556 1104 585 1166 si
616 1101 738 1167 tenebis
768 1102 945 1168 scribarum
974 1124 1092 1170 errores
1115 1105 1234 1188 ubique
1256 1106 1368 1168 stetim

176 1207 387 1293 deprehendes
418 1206 521 1275 veluti
550 1209 585 1272 in
614 1207 684 1274 loeo
713 1214 838 1273 nostro:
872 1209 886 1273 θ
918 1207 1008 1287 νθμος
1040 1209 1219 1290 διείρηκε
1249 1209 1367 1288 μηδένα

177 1310 252 1379 εἶναι
288 1316 489 1395 τριηραρχίας
512 1315 628 1390 ἀτελῆ,
653 1315 728 1396 quia
748 1314 917 1382 manifesto
940 1316 1059 1382 dicitur
1087 1315 1140 1381 lex
1163 1315 1285 1380 disertis
1305 1338 1369 1378 νοτ-

177 1411 221 1484 bis
252 1420 286 1484 id
316 1420 443 1496 iubere,
472 1417 643 1507 vulgatam
673 1439 802 1485 movere
833 1440 897 1486 non
931 1424 1082 1507 oportuit.
1141 1421 1301 1488 Similiter
1334 1423 1369 1485 iu

178 1525 277 1592 altero
306 1525 376 1592 1οοο
399 1527 443 1605 μὴ
467 1527 628 1605 διειρησθαι
653 1519 721 1590 θτου
746 1525 862 1610 ἀτελῆ,
887 1529 1038 1611 quoniam
1062 1525 1173 1594 nulius
1195 1533 1243 1594 est
1265 1526 1369 1607 διορισ-

177 1631 251 1710 μίς,
276 1631 332 1697 sed
354 1633 414 1697 hoc
437 1631 517 1696 dicit
540 1628 653 1696 Orator
675 1649 738 1695 non
762 1651 829 1697 esse
847 1632 883 1697 id
903 1635 938 1697 in
956 1631 1029 1721 lege
1048 1656 1181 1719 represso
1198 1635 1370 1718 seriptum,

177 1739 277 1804 setius
300 1744 368 1802 erut
390 1736 559 1825 vulgatam
582 1755 646 1801 non
668 1741 809 1824 tangere.

220 1842 368 1909 Eximius
396 1845 433 1908 in
461 1843 544 1908 hune
574 1862 643 1908 rem
675 1847 708 1907 et
738 1843 954 1916 διδασκαλικθς
986 1844 1076 1910 locus
1098 1851 1146 1910 est
1168 1845 1202 1908 in
1224 1844 1369 1911 Platonis

176 1949 304 2032 Leptine
332 1969 407 2036 pag.
437 1945 513 2013 933.
527 1967 556 2014 n.
588 1947 632 2012 τά
658 1947 715 2026 μὲν
746 1948 904 2028 θανάσιμα
928 1951 1028 2015 αώτῖον
1059 1949 1280 2030 διείρηται,
1311 1955 1370 2015 τῶν

177 2054 204 2119 δ’
234 2053 339 2119 ἀλλων
370 2054 500 2132 πέρι-
522 2053 605 2119 οὐδέν
638 2076 685 2118 ποι
719 2054 924 2135 δίερρηθη,
958 2060 990 2120 et
1019 2075 1094 2121 mox
1126 2055 1289 2136 ε’πίσχουσι
1316 2057 1371 2130 την

178 2143 389 2240 διάρρησιν
423 2164 456 2223 et
489 2160 533 2225 τά
569 2165 619 2225 νῦν
654 2159 871 2240 διαρρήδην
906 2159 1047 2240 εθπομεν,
1083 2167 1115 2227 et
1145 2182 1220 2248 pag.
1244 2160 1369 2227 813.Δ.

178 2266 323 2346 διείρηται
347 2255 463 2330 πάντα.
487 2266 646 2340 -ἀληθῆ
669 2265 721 2329 καί
746 2270 852 2331 ταῦτα
877 2265 1038 2348 διείρηκας.
1074 2266 1193 2333 Eadem
1219 2273 1267 2333 est
1288 2269 1370 2334 ustio

177 2374 212 2436 in
243 2371 341 2437 verbo
370 2370 546 2451 ἀναγορεύει
579 2371 617 2437 de
643 2392 792 2454 ροτοοοονιο
822 2372 922 2457 (idem
957 2372 1041 2458 quod
1075 2373 1246 2453 κηρύττω),
1278 2375 1369 2440 euius

177 2477 297 2544 formes
327 2482 403 2543 suut
432 2477 544 2558 ἀνερῶ,
573 2478 714 2552 ἀνεῖπον,
738 2477 902 2562 ἀνείρηοια,
927 2479 1108 2560 ἀνείρημαι,
1134 2480 1311 2560 ἀνερροίθην,
1336 2487 1369 2547 et

178 2583 355 2664 ἀντίρρησις,
387 2581 562 2663 ἀνάρρημα.
610 2583 674 2651 Hie
706 2605 830 2671 quoque
860 2584 1006 2665 ἀνείρηκα
1037 2589 1070 2650 et
1093 2585 1228 2668 ἀνῄρηκα
1252 2590 1368 2672 permi-

177 2695 311 2756 scentur.
344 2709 417 2776 pag.
452 2687 529 2754 436.
554 2687 607 2755 25.
634 2691 672 2756 de
696 2691 841 2775 oraculo,
865 2691 889 2755 εί
914 2689 971 2769 μὲν
995 2690 1092 2757 τοίνυν
1118 2690 1155 2778 (οἱ
1180 2692 1250 2778 θεοί)
1276 2708 1368 2758 πολε-

178 2796 314 2875 μοώντυν
347 2795 429 2871 ὑμῶν
458 2797 553 2859 ταῦτ’
583 2797 777 2878 ἀνηρώκασιν.
802 2801 908 2874 recte,
933 2799 1067 2877 ἀναιρεῖν
1090 2799 1179 2863 enim
1203 2801 1369 2885 proprium

179 2904 214 2966 in
238 2921 274 2967 ee
295 2921 330 2966 re
352 2899 489 2966 verbum
513 2904 579 2983 est,
603 2902 714 2967 sedin
737 2901 761 2968 6
784 2906 833 2967 est
856 2902 1081 2987 ἀνείρηκοισιν,
1106 2905 1173 2968 sine
1196 2925 1299 2970 sensu.

224 3005 333 3072 Simili
355 3004 450 3070 modo
474 3010 623 3090 peccetur
644 3027 720 3094 peg.
746 3005 822 3072 644.
849 3005 880 3072 2.
906 3003 981 3071 ἀλλ’
1005 3005 1092 3072 ἀττα
1117 3008 1324 3089 διείρηκεν
1347 3004 1370 3078 ἀ

178 3113 240 3194 χρη
264 3119 405 3187 ποιησαι,
430 3109 576 3175 Diudorf.
600 3110 783 3178 Dubreeum
805 3117 933 3178 secutus
953 3132 1119 3198 perperam
1145 3113 1280 3197 διῄρηκεν
1300 3137 1371 3204 sup-

178 3221 295 3305 posuit.
341 3215 422 3303 Peg.
456 3212 532 3280 666.
562 3214 614 3281 13.
640 3217 682 3298 τῷ
707 3220 852 3298 τρατηχῷ
877 3219 910 3282 οὐ
935 3217 1141 3299 διείρηται
1166 3224 1198 3286 τί
1222 3221 1371 3302 πρακτέον

182 3324 198 3397 ἢ
232 3323 294 3401 μοί,
326 3320 469 3387 Diudori.
502 3342 541 3387 ex
570 3321 663 3388 libris
693 3322 900 3389 deterioribus
923 3322 1009 3388 male
1032 3324 1201 3391 substituit
1224 3326 1371 3409 διῄρηται.

177 3426 257 3514 Peg.
290 3423 368 3492 976.
402 3423 458 3492 28.
481 3423 558 3492 οὕτω
583 3433 692 3510 σαφῶς
717 3429 730 3493 θ
755 3429 844 3507 νθμος
884 3428 1105 3510 διείρηκεν,
1134 3430 1279 3499 Dindorf.
1301 3453 1372 3519 per·

178 3551 268 3598 verse
298 3531 435 3614 διςίρηκεν
465 3530 555 3598 dedit
577 3535 767 3601 auctoritate
789 3533 967 3622 magistelli
990 3537 1046 3621 qui
1069 3539 1251 3605 annotavit:
1276 3538 1306 3604 is
1329 3541 1372 3622 τῷ

180 3633 241 3710 ἦτα
284 3637 353 3702 ἀντί
396 3641 449 3702 τοῖο
490 3636 733 3719 διεχώρισεν
768 3643 843 3721 (uisi
879 3639 960 3708 forte
994 3640 1124 3723 διώρισεν
1158 3641 1260 3722 dixit,
1296 3665 1372 3711 nem

178 3742 350 3823 διεχώρισεν
381 3741 475 3827 plene
505 3745 651 3828 ineptum
679 3745 752 3832 eet).
799 3744 899 3813 Reete
923 3751 957 3812 et
980 3766 1037 3813 suo
1062 3746 1131 3815 loeo
1154 3748 1276 3837 legitur
1298 3771 1373 3839 pag.

182 3847 279 3914 1115.
305 3847 357 3942 li.
383 3848 398 3912 ἀ
421 3848 509 3926 νθμος
543 3848 712 3926 διεῖλεν,

225 4061 301 4146 Peg.
333 4054 411 4122 470.
443 4053 494 4121 19.
528 4057 676 4139 θεωρεῖτε,
707 4053 729 4122 ὦ
762 4056 866 4138 ἀνδρες
897 4061 1071 4138 Ἀθηναῖοι,
1104 4057 1163 4128 θ’σα
1186 4067 1373 4147 ψηφίσματ’

180 4162 279 4244 ἄκυρα
311 4171 393 4228 ποιεῖ
420 4163 434 4228 θ
465 4160 553 4239 νθμος
585 4164 639 4229 καί
670 4159 762 4235 icore
794 4166 963 4247 ἀνθρώπους
995 4167 1098 4233 ἀδικεῖ
1124 4168 1178 4234 καί
1208 4171 1238 4234 ἐν
1261 4172 1371 4246 θποίοις

181 4277 294 4350 καιροῖς
318 4267 489 4350 χρησίμους
514 4270 587 4347 ὑμῖν
610 4269 836 4352 παρασχόντας
862 4270 1001 4342 ἑαυτούς.
1038 4272 1221 4342 Dobreeus:
1247 4280 1374 4357 ,,νοσίι“νο

180 4373 254 4448 οίους
286 4373 464 4456 ἀνθρώπους.
513 4374 665 4440 Numerus
695 4376 772 4441 eatis
802 4377 957 4442 indicatur
982 4401 1040 4462 per
1063 4375 1122 4444 ὅσα
1144 4384 1373 4466 ψηφίσματα.”

178 4481 381 4550 Rectissime.
