3232 5176
657 398 719 466 133

103 593 170 678 quid
192 590 309 680 igitur?
342 589 506 656 Sententia
524 589 644 655 elamet
663 590 736 655 eddi
757 591 886 656 debere:
911 615 970 656 που
985 591 1143 676 placebant
1162 593 1190 658 ei
1206 613 1281 681 quae

102 701 200 763 caeteri
229 699 438 771 moliebantur,
471 695 522 760 vel
553 719 611 758 αοιι
636 699 780 778 probabat
807 699 987 782 reliquorum
1011 701 1147 765 οοιοιίθίιι.
1196 701 1281 780 Quid

101 805 171 869 latet
191 808 291 893 igitur
313 806 364 868 in:
389 807 442 868 οὐκ
462 805 601 880 ῆρέσκεπο
614 811 709 874 -ποίς
734 805 799 880 περί
822 814 876 877 τῆς
898 806 917 844 i*
930 806 1045 882 βουλῆς
1068 809 1280 872 ’οΝΟΜΑΕ·

102 909 201 976 trien?
224 911 322 976 Recte
345 907 458 975 Oorees
481 909 547 985 περί
571 915 626 979 τῆς
651 910 859 986 ἘΠΙβουλῆς.
898 909 957 976 Sed
981 914 1175 988 νσμισθεῖσιν,
1197 913 1280 996 quod

101 1017 176 1081 idem
199 1020 348 1092 coniecit,
372 1023 428 1079 aut
451 1016 681 1092 ὁμολογηθεῖσιν
709 1015 763 1079 vel
787 1015 1027 1090 ἓτοιμοισθείσιν,
1052 1017 1136 1102 quod
1159 1017 1282 1082 Meine·

101 1122 148 1186 irie
169 1127 199 1186 in
219 1128 361 1187 mentem
385 1123 491 1194 venit,
515 1119 617 1184 nihilo
639 1119 772 1185 meliora
795 1128 869 1185 sunt
893 1143 988 1207 quem
1010 1123 1093 1207 quod
1116 1121 1280 1210 vulgetur.

101 1227 238 1293 Rescribe
260 1236 323 1299 τοῖς
346 1227 412 1307 περί
445 1233 499 1298 πῆς
532 1226 700 1301 ἐπιβουλῆς
734 1230 1021 1293 ΕΤΝΟΜΟθεῑσιν.
1073 1231 1280 1307 Συνομοθῆναι

103 1333 208 1398 dicitur
230 1340 267 1399 nt
290 1334 374 1419 apud
397 1333 642 1417 Aristophanem
666 1334 701 1396 in
724 1333 908 1418 Lyrirtrata:

294 1439 436 1504 reuniri
460 1443 598 1516 πρᾶγμα
623 1439 821 1516 πανταχόθεν
845 1440 1058 1519 ξυνομώμοται

295 1545 352 1610 ὑπθ
374 1550 433 1610 πῶν
456 1545 617 1622 γυναικῶν.

103 1658 131 1718 et
149 1653 189 1716 τά
211 1653 414 1730 συνσμοθέντα
437 1656 511 1715 sunt
534 1651 660 1714 coneilio
682 1651 911 1717 σοιιίυνυθοιαικ.

141 1757 303 1824 Praeterea
332 1777 389 1842 pro
420 1756 547 1832 άπλιῖιι,
580 1757 664 1842 quod
694 1778 788 1822 sensu
819 1765 920 1836 earet,
953 1757 1057 1831 ἄλλοις
1082 1760 1284 1826 scribendum

104 1865 226 1930 videtur.

142 1971 228 2036 Nune
261 1973 370 2034 omnie
396 1967 490 2052 piene
522 1973 596 2031 eunt
626 1971 658 2032 et
689 1967 813 2054 relique
843 1968 932 2034 nullo
962 1973 1091 2057 negotio
1123 1971 1284 2037 emendari

104 2085 230 2160 possunt
281 2074 450 2159 Sequitur:
476 2073 628 2137 συνέκειτο
652 2075 708 2148 μὲν
731 2073 766 2146 δῆ
790 2081 852 2144 reio
877 2077 1054 2146 ’Ὑακινθίοις
1075 2077 1104 2138 ἕν
1125 2079 1166 2155 τῷ
1187 2079 1285 2154 Ἀμυ-

105 2184 190 2261 ιιλαίῳ
221 2181 461 2255 συντελουμένου
493 2184 546 2242 ποῦ
578 2179 694 2255 άγῶνσς
726 2181 815 2254 ῆνίκα
840 2187 936 2258 (reete
959 2181 1109 2246 Meineke
1133 2185 1209 2255 ῆυίκ’
1232 2183 1283 2268 άν)

104 2289 150 2358 τῆν
171 2299 259 2362 κυνῆν
290 2290 446 2364 περίθῆπαι
482 2286 496 2349 ά
529 2286 686 2355 Φάλανθος
718 2287 867 2350 ποιεῖσθαι
898 2288 954 2360 τῆν
978 2287 1118 2352 ἐπίθεσιν.
1143 2290 1285 2365 γνώριμοι

105 2393 127 2458 θ’
147 2393 219 2468 ῆσαν
244 2394 308 2458 άπὸ
332 2401 387 2467 τῆς
412 2391 508 2468 κάμνε
535 2392 560 2454 σί
584 2395 637 2454 τοῦ
662 2391 767 2464 δῆμον.
815 2391 903 2456 Haec·
926 2395 1034 2457 omnia
1057 2414 1133 2458 eene
1155 2399 1230 2458 sunt
1253 2399 1286 2460 et

105 2500 232 2588 integra,
264 2499 319 2564 sed
347 2497 498 2562 mendose
528 2503 602 2561 sunt
633 2517 711 2580 quee
736 2503 926 2582 sequnntur:
953 2498 1220 2576 ἐξαγγείλανπεο
1253 2500 1283 2563 δὲ

105 2609 192 2686 λάθρα
214 2607 259 2670 πά
278 2607 471 2682 συγκείμενα
495 2610 553 2666 πῶν
578 2604 643 2682 περί
670 2603 829 2668 Φάλανθον
858 2603 938 2690 [καί]
962 2609 1014 2668 τοῦ
1039 2607 1152 2682 άγῶνος
1180 2607 1284 2674 ἐνεςῶ·

105 2735 147 2783 ποι
176 2713 324 2790 προελθὼν
355 2711 369 2773 θ
401 2706 494 2788 κῆρυξ
525 2705 611 2772 εἶπε·
645 2712 689 2784 μῆ
722 2708 759 2772 άν
796 2711 957 2787 περιθεῖναι
990 2719 1078 2784 κυνῆν
1113 2711 1283 2779 Φάλανθον.

105 2819 250 2902 Apertum
274 2825 323 2882 eet
340 2837 408 2881 rem
430 2837 489 2881 eeu
507 2818 652 2902 tetigisse
672 2811 792 2880 Coruin
810 2816 1052 2880 rescribentem:
1076 2817 1284 2895 ἐξαγγειλάν·

106 2933 182 2988 πΩΝ
206 2927 237 2990 δὲ
262 2923 361 3004 λάθρᾳ
384 2923 426 2986 πά
451 2925 641 2999 συγκείμενα
666 2928 723 2994 τῶν
751 2919 818 2998 περὶ
844 2919 1019 2997 Φάλανθον,
1044 2942 1140 3006 quam
1165 2921 1284 2990 eertum

106 3032 348 3096 emendationem
368 3027 513 3092 Editeres
532 3029 681 3091 reiieiunt
698 3029 773 3110 quie
788 3029 949 3113 superiore
968 3047 1030 3092 non
1050 3028 1284 3116 intelligebant.

106 3132 294 3201 Phelenthne
317 3137 401 3199 enim
425 3135 492 3217 ipse
516 3135 751 3197 coniuratorum
776 3132 907 3197 consilia
933 3139 965 3198 et
988 3138 1199 3200 constitutum
1221 3139 1287 3224 eig-

106 3261 172 3304 num
195 3241 279 3307 clem
302 3238 419 3325 populo
443 3242 581 3323 aperuit,
609 3240 634 3303 σί
660 3238 691 3302 δὲ
718 3239 886 3314 αίσθθμενοι
911 3241 949 3309 ὥς
973 3240 1167 3315 μεμηνιίκασι
1193 3241 1286 3328 (adde

106 3349 187 3432 τινες)
211 3352 266 3420 πῆν
292 3345 458 3420 ε’πιβουλῆν
482 3345 506 3409 oi
530 3345 585 3419 μὲν
611 3343 830 3421 διεδίδρασκον,
856 3346 881 3408 oi
905 3346 931 3407 θ’
956 3345 1096 3410 ἱκέτευον.

145 3451 274 3519 Restant
296 3454 378 3517 vitia
401 3453 435 3515 in
458 3449 600 3514 ultimis:
625 3451 774 3527 προελθὼν
797 3451 810 3514 θ
835 3448 927 3528 κῆρυξ
948 3447 1016 3514 εἶπε
1040 3453 1084 3528 μῆ
1103 3448 1179 3514 ”AN
1204 3475 1285 3531 περι-

107 3559 188 3622 θεῖναι
212 3567 302 3632 κυνῆν
322 3559 488 3621 Φάλανθον.
524 3555 561 3619 ln
582 3556 688 3620 verbis
707 3560 868 3640 praeconis
888 3555 925 3620 άν
950 3557 1094 3621 additum
1112 3557 1285 3622 absurdum

107 3670 199 3730 estet
221 3669 385 3742 περιθεῖναι
409 3685 464 3748 pro
488 3665 658 3741 περιθέσθαι
682 3666 837 3747 peninon
859 3669 970 3747 potest.
1008 3663 1118 3747 Neque
1138 3663 1175 3727 de
1198 3684 1289 3748 prae·

107 3789 174 3836 cene
196 3773 312 3837 dieitur
335 3771 437 3847 λέγειν
457 3770 511 3834 sed
535 3769 740 3848 ἀναγορεύειν.
790 3769 900 3853 Itaque
922 3789 1037 3852 repone
1062 3778 1120 3833 AN
1139 3788 1197 3833 suo
1216 3767 1285 3833 loeo

108 3881 136 3938 et
156 3879 271 3943 scribe:
295 3880 309 3942 ί
335 3876 428 3956 κῆρυξ
451 3876 591 3941 ἈΝεῖπε
615 3878 658 3953 μῆ
683 3875 851 3952 περιθέσθαι
876 3883 965 3949 κυνῆν
990 3875 1157 3940 Φάλανθον.

147 4087 221 4176 Peg.
247 4087 323 4153 280.
348 4089 387 4172 (σί
412 4088 662 4164 Λακεδαιμόνιοι)
694 4087 913 4156 ἐπανελθόντες
948 4087 1049 4151 oteres
1079 4088 1149 4156 ποὺς
1174 4089 1286 4166 Παρθε-

109 4195 165 4256 νίοι
196 4199 255 4277 οὐχ
288 4197 395 4270 ὁμοίως
427 4200 494 4258 ποῖά
514 4193 619 4265 ἄλλοις
645 4195 766 4271 ε’πίμυν.
793 4231 833 4243 -
859 4197 885 4258 σί
909 4195 1002 4269 (adde
1025 4195 1070 4273 δὲ)
1093 4193 1287 4268 συνιςάμενσι

109 4301 185 4374 μετά
208 4309 264 4364 τῶν
289 4301 432 4366 Είλάπων
456 4301 695 4376 ἐπεβούλευσαν,
713 4307 824 4364 -τῶν
850 4301 880 4364 δὲ
903 4303 1045 4365 Είλάπων
1068 4311 1168 4365 τινΕΟ
1191 4300 1288 4378 ἑξαγ-

110 4409 283 4479 γείλαντΕΕ
307 4408 342 4471 πὸ
367 4409 423 4481 μὲν
446 4409 691 4472 άντεπιτίθεσθαι
715 4410 860 4485 χαλεπὸν
885 4404 1022 4483 ἔγνωσαν
1047 4413 1174 4492 (nempe
1193 4405 1288 4472 Lace·

111 4508 289 4602 deemonii),
304 4549 347 4564 -
360 4513 430 4582 τοὺς
450 4512 625 4590 μέλλοντας
649 4513 677 4579 δ’
701 4511 793 4592 αίρειν
813 4512 847 4577 πθ
868 4514 1024 4590 σύσσημον
1044 4513 1078 4576 ix
1094 4518 1149 4584 τῆς
1171 4513 1288 4591 άγοράρ
