3208 5158
890 369 955 444 ito

372 559 569 628 Putemusne
603 561 744 629 codicem
779 561 977 650 Thucydidis
1010 581 1029 627 a
1062 558 1198 625 Libanio
1230 559 1265 624 in
1296 559 1386 622 tanto
1415 558 1513 642 pretio

327 668 475 734 habitum
498 668 596 735 fuisse
618 667 713 735 valde
736 669 985 735 emendatiorem
1008 686 1106 752 qnam
1129 665 1245 750 quibus
1261 663 1357 729 hodie
1372 659 1515 728 utimurl

325 773 434 840 Multa
457 780 532 840 sunt
554 794 634 860 quae
656 774 739 840 mihi
762 774 916 840 suadeant
937 777 976 837 ut
998 793 1061 838 non
1079 769 1185 836 multo
1204 769 1371 836 meliorem
1393 769 1514 835 credam

324 879 432 946 fuisse.
467 880 622 946 Libanius
652 885 685 946 et
714 879 879 965 aequales,
903 877 1065 955 Iulianus,
1088 876 1307 952 Themistius,
1334 875 1409 953 alii,
1432 895 1514 960 prae·

325 984 426 1050 claros
448 986 602 1070 quosdam
625 988 792 1070 scriptores
813 982 882 1050 stili
901 983 1060 1049 formandi
1081 1003 1176 1048 causa
1195 983 1320 1048 msidue
1339 980 1514 1046 lectitantes

326 1110 454 1156 omnam
481 1090 555 1156 inde
584 1089 710 1156 dicendi
741 1091 885 1176 copiam,
913 1094 1135 1166 venustatem,
1160 1086 1373 1176 elegantiam,
1397 1086 1513 1170 lepores

323 1217 515 1281 veneresque
538 1199 572 1261 in
595 1216 653 1261 sua
676 1199 794 1282 scripta
817 1195 1046 1262 transferebant
1066 1199 1097 1259 et
1115 1199 1282 1278 tamquam
1302 1191 1435 1258 floribus
1445 1190 1513 1256 inde

324 1302 480 1388 decerptis
499 1322 572 1368 suos
593 1301 736 1368 hortulos
755 1301 958 1367 exornabant.
993 1298 1192 1366 Themistius
1208 1296 1377 1364 Platonem
1389 1298 1512 1364 tenebat

324 1409 525 1484 memoriter,
551 1407 705 1472 Libanius
727 1406 992 1481 Demosthenem,
1016 1405 1221 1481 Aeschinem,
1240 1401 1432 1479 Isocratem,
1451 1401 1511 1468 He

323 1513 473 1578 rodotum
507 1518 539 1578 at
573 1510 808 1599 Thucydidem.
857 1510 1108 1576 Innumerabiles
1139 1510 1223 1596 apud
1251 1509 1426 1575 libanium
1452 1507 1511 1575 loci

324 1622 412 1692 sunt,
429 1618 485 1683 ubi
503 1623 670 1703 tamquam
688 1638 838 1705 gemmae
856 1616 1024 1703 splendent
1044 1618 1142 1697 ῥήσεις
1162 1617 1396 1701 Antiquomm,
1420 1615 1508 1682 modo

324 1722 515 1807 simpliciter
538 1720 699 1798 οὐσιοιεξεὶ
724 1723 916 1808 descriptae,
940 1721 1036 1787 modo
1060 1720 1218 1786 imitando
1241 1740 1406 1806 expressae
1425 1727 1456 1787 et
1474 1721 1511 1786 ad

324 1826 413 1894 aliud
431 1834 659 1916 argumentum
675 1829 941 1896 accommodatae.
971 1825 1040 1893 Has
1060 1847 1170 1892 omues
1189 1827 1390 1893 imitationes
1410 1829 1508 1915 cogni-

323 1938 372 1998 tas
395 1937 428 1998 et
451 1935 631 2000 observatas
653 1934 770 2001 habeas
786 1954 912 2000 neeesse
930 1935 1042 2010 est,si
1064 1934 1115 1998 vis
1137 1929 1300 1997 Iulianum
1323 1940 1355 1999 at
1377 1933 1509 2020 reliquos

321 2037 417 2124 plane
449 2037 640 2126 intelligere.
688 2037 750 2106 Sed
784 2039 956 2128 diligenter
991 2037 1169 2105 cavendum
1203 2042 1252 2103 est
1280 2059 1321 2104 ne
1351 2041 1387 2102 iu
1417 2059 1454 2105 aa
1478 2060 1508 2104 re

321 2145 457 2210 modum
491 2145 639 2222 excedas,
673 2165 751 2210 nam
782 2164 975 2233 magnorum
1004 2147 1148 2210 virorum
1183 2132 1350 2232 naufragio
1383 2143 1523 2235 infame

321 2250 374 2316 hic
405 2249 553 2336 scopulus
585 2257 643 2316 est.
687 2249 971 2338 wyttenbachius,
1000 2252 1056 2336 qui
1085 2251 1194 2316 omnia
1222 2250 1347 2337 legerat
1369 2256 1403 2315 et
1424 2249 1508 2336 quid·

322 2355 401 2440 quid
422 2355 555 2444 legisset
576 2356 714 2422 habebat
737 2358 771 2421 in
794 2361 942 2441 promtu,
966 2355 1142 2442 permultae
1164 2355 1386 2421 huiuscemodi
1408 2357 1508 2420 imita

321 2463 424 2528 tiones
451 2465 576 2547 primus
606 2462 833 2528 animadvertit
864 2465 896 2526 at
923 2464 969 2528 sic
991 2460 1106 2526 multis
1129 2460 1207 2526 locis
1226 2468 1284 2528 aut
1306 2467 1427 2527 certam
1449 2483 1508 2528 eor

322 2569 496 2632 rectionem
532 2572 588 2632 aut
622 2565 742 2632 claram
776 2567 884 2633 lucem
917 2567 1046 2644 attulit,
1082 2566 1137 2633 sed
1161 2569 1285 2653 saepius
1307 2567 1394 2632 idem
1416 2569 1451 2632 in
1478 2587 1508 2632 re

322 2671 446 2737 lubrica
467 2671 577 2764 lapsus
598 2673 794 2739 imitationes
816 2673 878 2738 sibi
901 2673 1069 2739 videbatur
1090 2673 1214 2750 videre,
1240 2673 1297 2738 ubi
1318 2693 1358 2738 ne
1376 2675 1508 2738 minima

323 2776 454 2863 quidem
499 2777 627 2842 suberat
666 2777 817 2843 imitandi
858 2781 1012 2864 suspicio;
1041 2778 1125 2843 uude
1159 2798 1221 2844 non
1257 2779 1420 2844 immerito
1453 2777 1507 2842 hcc

319 2882 633 2948 animadversionum
652 2904 753 2971 genus
763 2886 842 2952 viris
854 2905 907 2949 em
920 2889 1037 2948 unctae
1050 2885 1135 2948 naris
1147 2883 1296 2968 praebuit
1306 2885 1410 2948 risum
1421 2903 1504 2969 prae·

323 2987 450 3072 batque.
485 2987 686 3073 Ubicumque
716 3010 792 3055 vera
821 2991 963 3054 imitatio
986 2989 1095 3054 subest
1117 2993 1255 3054 certast
1278 3008 1423 3074 expressa
1444 2991 1506 3053 eius

321 3095 368 3158 rei
402 3096 539 3182 vestigia
574 3099 607 3159 et
637 3093 756 3160 iudicia
786 3101 948 3180 apparent.
984 3093 1156 3160 Ostendam
1188 3097 1224 3160 in
1256 3114 1321 3159 uno
1352 3092 1505 3178 alteroque

322 3198 486 3285 exemplo,
518 3199 576 3265 ubi
605 3202 723 3265 votens
754 3203 838 3280 ῥῆσις
868 3221 887 3267 a
917 3198 1066 3287 Sophiste
1095 3200 1135 3265 ad
1163 3198 1255 3265 aliud
1284 3203 1505 3286 argumentum

321 3304 468 3370 traducta
502 3309 560 3370 est.
606 3304 837 3372 Demosthenes
869 3305 992 3371 dixerat
1021 3325 1095 3392 pag.
1127 3303 1205 3371 296.
1239 3304 1293 3370 lb.
1319 3307 1426 3381 ἡγεῖτο
1448 3303 1504 3383 νιὶρ

323 3410 424 3475 αὐτῶν
446 3405 556 3482 lxma
579 3411 647 3490 οὐχὶ
672 3411 714 3491 τῷ
739 3409 831 3487 πατρὶ
856 3411 909 3475 acl
934 3420 972 3494 σῇ
996 3415 1089 3491 μητρὶ
1108 3409 1198 3488 μόνον
1217 3411 1406 3489 γεγενῆσθαι
1424 3408 1505 3474 ἀλλὰ

323 3516 376 3581 acl
412 3525 451 3597 τῇ
487 3513 628 3595 πατριδι.
668 3515 804 3596 διοοφέρει
839 3516 870 3580 δὲ
905 3517 954 3592 τίς
989 3511 1035 3581 ὅτι
1065 3516 1079 3581 d
1110 3517 1167 3594 μὲν
1190 3523 1253 3588 τοῖς
1277 3518 1400 3594 γονεῦσι
1424 3515 1505 3594 μόνον

323 3623 510 3700 γεγενῆσθαι
535 3617 659 3699 νομίζων
683 3620 734 3685 τὸν
758 3629 813 3696 τῆς
838 3623 1024 3702 εἱμαρμένης
1045 3621 1098 3685 act
1119 3620 1171 3686 νδν
1191 3621 1371 3699 αὐτόματον
1383 3623 1506 3686 tiuare

204 3727 206 3730 ’
324 3727 495 3811 περιμένει,
527 3726 541 3790 d
572 3725 604 3792 δὲ
632 3727 686 3792 acl
716 3736 756 3808 τῇ
782 3727 905 3807 ποισρίδι
930 3727 1004 3805 ὑπὲρ
1028 3733 1081 3792 τοῦ
1106 3729 1150 3804 μὴ
1173 3727 1291 3801 ταύτην
1314 3727 1428 3792 ἐπιδεῖν
1450 3726 1506 3790 δον-

323 3833 471 3899 acicam
493 3832 692 3906 ἀποθνήσκειν
715 3833 862 3907 ἐθελήσει.
890 3832 976 3899 Audi
998 3853 1082 3898 nune
1105 3832 1279 3897 Libanium
1297 3831 1352 3898 lv.
1368 3828 1504 3898 780.10.

323 3939 370 4004 δεῖ
395 3940 459 4018 γὰρ
490 3937 560 4010 τοὺς
591 3937 729 4015 ἀγαθοὺς
759 3937 870 4018 σἰνδροις
895 3975 936 3988 --
962 3939 994 4002 οὐ
1026 3937 1115 4012 μόνον
1139 3939 1247 4019 σφίσιν
1271 3939 1376 4010 αὐτοῖς
1399 3937 1505 4003 clerica

322 4045 483 4123 γεγονέναι
511 4043 582 4116 τοὺς
606 4043 725 4116 scidae
751 4044 840 4109 enat
864 4043 917 4108 xci
941 4053 980 4125 cti
1005 4043 1146 4122 πατρίδι.
1172 4042 1310 4124 διαφέρει
1333 4041 1366 4107 δὲ
1390 4042 1441 4120 rl;
1464 4035 1505 4105 tc

323 4149 336 4212 d
361 4151 418 4227 μὲν
441 4150 523 4228 adad
547 4147 627 4230 μόνῳ
650 4147 693 4214 νδ
716 4148 811 4214 τέκνοι
834 4150 1022 4228 γεγενῆσθαι
1047 4147 1172 4229 νομίζων
1195 4149 1250 4223 τὴν
1275 4149 1310 4212 ἐκ
1332 4154 1388 4222 τῆς
1406 4149 1504 4224 εἷμοιρ

323 4255 415 4332 μένης
449 4255 593 4320 ἐπιοῦσιν
626 4257 730 4325 αὐτοῖς
760 4255 909 4328 censorio
939 4257 1108 4337 ὑφορᾶται,
1142 4255 1155 4318 d
1187 4255 1218 4319 δὲ
1247 4255 1298 4320 acl
1324 4264 1363 4336 τῇ
1387 4250 1502 4330 carpto

325 4357 397 4438 ὑπὲρ
422 4364 475 4424 τοῦ
499 4361 544 4436 μὴ
567 4358 684 4435 ταύτην
707 4361 907 4426 δουλωθεῖσοιν
930 4361 1003 4427 ἰδεῖν
1027 4363 1059 4426 οὐ
1082 4361 1232 4444 φαίνεται
1256 4359 1334 4450 (leg.
1357 4357 1505 4444 φείδεται)

324 4463 457 4532 κινδύνου
482 4469 646 4539 ιιιιλοῦνσος
670 4472 728 4532 τῶν
753 4465 879 4534 παίδων.
