3232 5176
859 349 903 420 80

330 539 453 606 Iterum
485 539 569 606 fallit
599 540 624 606 S
653 542 688 607 in
718 543 837 608 vicinia
865 563 939 631 pag.
972 541 1049 608 206.
1078 541 1110 608 9.
1133 541 1190 620 ύψὲ
1214 541 1278 622 γάρ
1300 539 1340 607 ἀι
1363 538 1487 622 φιλάν-

288 645 393 724 θρωποι
414 647 554 722 γένοιντο.
591 647 807 736 incongruum
828 655 876 714 est
896 648 1048 726 γένοιντο;
1069 647 1175 713 ridens
1194 650 1279 712 enim
1301 648 1359 713 hoc
1377 646 1484 711 dicit:

286 774 354 814 νιοοι
382 774 446 816 cero
477 753 594 838 quidem
625 755 697 818 όαοο
727 771 825 821 ussus
855 771 938 818 unus
963 753 1148 835 ὁοιιὸριιέίαο,
1173 773 1236 818 non
1258 769 1483 818 ulscuuurua.

285 854 396 941 Itaque
436 859 651 924 revocandum
693 859 776 944 quod
810 864 858 924 est
888 858 924 923 in
958 858 1031 924 aliis
1066 859 1232 924 omnibus:
1268 856 1483 940 Φιλύνθρωποι

286 962 509 1040 γεγονότες
535 960 627 1029 εἷεν.

332 1174 507 1262 Postquam
532 1179 733 1243 enumeravit
756 1179 903 1242 civitates
926 1174 1081 1256 ltrecoas,
1101 1179 1218 1263 quibus
1237 1176 1385 1264 spartani
1404 1199 1484 1264 grn-

286 1280 400 1346 tificati
432 1287 550 1359 essent,
582 1285 628 1348 ita
658 1285 765 1369 pergit
795 1302 870 1370 pag.
903 1281 980 1348 206.
1013 1282 1065 1348 12.
1097 1278 1133 1347 ἐν’
1165 1285 1289 1349 ἐπειδάν
1318 1283 1398 1348 ίωσιν
1421 1284 1481 1348 ἐτι-1

285 1388 451 1462 Μεσσήνην
481 1389 568 1452 αὐτοὶ
594 1391 840 1466 σνςροιτεύωντοιι
865 1387 980 1460 πάντεε
1004 1387 1136 1474 [αὐτοῖς]
1164 1384 1243 1454 ούτυι
1267 1388 1320 1453 κοι1
1344 1388 1480 1466 βοηθῶσι

285 1491 452 1570 προθύμως.
489 1491 622 1558 Rcsccto
650 1495 755 1567 ιιύτοῖς
777 1493 866 1560 locus
889 1500 937 1560 est
960 1515 1055 1559 sanus
1078 1499 1110 1560 ct
1132 1497 1268 1582 integer.

332 1701 484 1789 Sequitur
510 1703 527 1778 ὁ
551 1703 673 1770 δοκῶσιν
698 1705 813 1771 ἀδικεῖν
837 1706 904 1785 περί
929 1702 966 1770 ὧν
991 1703 1115 1786 ἐφοισοιν
1139 1702 1243 1774 ἐκοιςοι
1267 1711 1353 1788 σφῶν
1373 1709 1481 1772 ἀύτῶν

260 1801 362 1874 ἐἶναι
396 1811 586 1892 συμψήφους
612 1811 766 1889 λαβόντες
792 1813 919 1882 ἐκείνους
944 1812 988 1888 μη
1011 1813 1066 1886 την
1089 1812 1196 1888 ὁμοίιον
1219 1815 1324 1885 οιύτοῑς
1353 1811 1477 1900 [χάριν]

285 1915 491 1987 ἀποδιδόντες.
537 1915 596 1982 Est
618 1916 739 2002 aliquid
763 1919 846 1982 inter
862 1939 967 2000 parem
986 1917 1118 1998 μοοόὸοοι
1139 1919 1259 2003 referre
1281 1931 1313 1983 et
1325 1942 1387 2002 por
1399 1920 1482 2002 pari

284 2024 410 2107 referre
456 2021 543 2087 Illud
574 2020 693 2089 Graece
724 2023 842 2087 dicitur
876 2023 1145 2104 ἀντιχωρίζεσθωι,
1180 2023 1241 2089 hoc
1276 2026 1331 2096 την
1366 2023 1480 2100 ὁμοίων

284 2126 476 2203 ἀποδιδόνιιι,
495 2129 592 2213 ·qu0d
625 2130 700 2213 quia
730 2130 763 2192 in
795 2133 964 2212 utramque
993 2135 1118 2213 partem
1149 2129 1234 2194 trahi
1257 2133 1363 2214 potest
1385 2127 1481 2195 aliud

283 2234 360 2318 quid
382 2253 479 2318 quam
496 2233 589 2314 χάριν
608 2241 656 2299 est
675 2233 843 2320 cogitando
862 2233 1085 2319 supplendum.
1121 2233 1302 2300 Herodotus
1324 2231 1379 2298 IV.
1395 2232 1478 2299 119.

284 2339 371 2416 ὑμεῖς
395 2339 598 2418 ἐπεκρατέετε
621 2341 757 2416 Περσέων
781 2338 833 2402 nol
857 2341 961 2404 ἐκεῖνοι
984 2341 1039 2413 την
1062 2340 1166 2416 ὁμοίην
1190 2340 1260 2416 ύμῖν
1286 2339 1478 2406 ἀποδιδοῦσι.

284 2443 337 2508 Vl.
362 2443 416 2508 21.
445 2445 574 2509 πορθοῦσι
597 2445 628 2508 δέ
651 2451 757 2508 τοιῦτοι
782 2447 958 2517 Μιλησίοισι
983 2446 1053 2525 πρός
1080 2444 1216 2524 Περσέων
1240 2447 1294 2509 ούκ
1318 2446 1479 2510 ἀπέδοσοιν

282 2552 338 2623 την
362 2551 464 2626 ὁμοίην
488 2551 675 2631 Συβοιρΐτοιι.
700 2549 752 2615 Vl.
779 2548 832 2616 62.
857 2552 912 2625 την
937 2553 1039 2628 ὁμοίην
1058 2550 1192 2628 διδόνοιι,
1213 2555 1336 2636 etpost
1355 2571 1478 2636 pauca:

283 2657 337 2720 τὸιν
369 2655 473 2732 ὁμοίην
503 2655 614 2737 ζητέων
645 2655 790 2736 φέρεσθαι
822 2660 895 2735 παρ’
924 2657 1046 2722 ἐκείνου.
1094 2655 1215 2722 Eodem
1238 2657 1333 2722 modo
1356 2657 1480 2722 dicitur

281 2762 447 2826 οοοόεόοόοιοι
468 2763 590 2843 ιὐιιροτο
609 2763 658 2825 ἐπ’
677 2761 726 2842 ίση
745 2785 780 2826 τε
801 2762 853 2826 nal
867 2763 970 2843 ὁμοίη,
983 2768 1015 2828 et
1027 2763 1172 2847 frequens
1183 2765 1218 2826 in
1229 2765 1338 2830 Attica
1350 2783 1479 2848 quoquo

283 2868 333 2931 ἐπ’
356 2866 433 2942 ίσηι.
481 2865 667 2932 Iubebimus
690 2870 793 2956 igitur
815 2868 951 2934 sciolum
973 2889 1069 2934 suum
1091 2868 1184 2948 χάριν
1209 2868 1270 2934 sibi
1293 2869 1420 2936 habero.

326 3080 426 3146 Plane
459 3083 611 3146 assentior
642 3081 785 3146 Dobraeo
815 3102 890 3167 pag.
922 3078 1000 3146 206.
1035 3076 1086 3144 16.
1123 3079 1183 3158 ἐγὼ
1215 3079 1247 3144 δὲ
1278 3078 1387 3160 νομίζω
1418 3083 1476 3156 τὴν

283 3187 370 3252 πόλιν
404 3187 455 3251 acl
487 3188 579 3267 χωρίς
612 3191 666 3251 τού
695 3187 880 3268 univocae!
899 3209 984 3256 τινοος
1010 3185 1263 3262 Λοοκεδοιιμουίοις
1288 3185 1472 3276 [Ἀρκάδων]

280 3293 424 3374 Ὠρωπὸν
457 3291 495 3358 ἀν
524 3294 728 3370 κομίσμσθοιι.
753 3292 883 3358 evidens
907 3291 1162 3357 additamentum
1186 3291 1368 3377 expellenti.
1395 3293 1475 3368 ,ιἰκο

280 3402 316 3464 de
346 3400 507 3464 Messeniis
538 3397 666 3481 offitcr’l
699 3400 813 3483 inquit.
861 3397 941 3462 Vide
965 3402 997 3462 et
1028 3397 1177 3462 absonam
1209 3401 1474 3482 compositionem

279 3506 365 3579 τινάς
390 3508 644 3583 Λοοκεδιιιμονίοις
670 3503 835 3584 Ἀρκάδων.

324 3719 397 3784 Non
426 3717 542 3783 inutile
573 3721 621 3782 est
651 3716 903 3781 animadvertere
936 3713 1106 3779 sciolorum
1133 3714 1328 3781 emblemate
1350 3718 1472 3800 passim

280 3824 451 3890 meliorum
475 3823 632 3896 librorum
655 3822 848 3887 testimoniis
872 3819 1030 3885 damoeta.
1067 3821 1125 3885 uso
1145 3819 1346 3886 luculentum
1366 3843 1472 3888 erem-

278 3930 369 4016 plum
402 3933 438 3995 in
467 3931 587 3994 vicinia
618 3911 693 4015 ¹pag.
723 3925 800 3992 206.
827 3923 878 3991 18.
904 3925 955 3990 nal
980 3927 1052 4003 μετ’
1077 3927 1211 4005 ἐκείνων,
1237 3927 1275 3992 ἀν
1297 3928 1341 3990 τά
1365 3927 1472 3992 δίκοιιοι

278 4044 372 4100 ποιεῖν
404 4035 544 4111 ἐθέλωσι,
576 4033 628 4098 aa}
662 4033 747 4110 μετά
782 4038 840 4096 τῶν
873 4029 988 4096 ἀλλων.
1039 4034 1255 4098 Annotaverat
1284 4031 1403 4116 aliquis
1436 4036 1471 4098 in

278 4143 424 4228 margine
454 4146 527 4217 μετ’
559 4141 675 4204 ἐκείνων
705 4159 772 4204 esse
803 4136 989 4214 βοηθούντων
1013 4137 1168 4216 (ἐκείνων).
1217 4137 1316 4203 Recte
1339 4138 1469 4222 quidam

278 4249 422 4331 quisquis
453 4252 517 4322 est,
549 4247 604 4310 sed
636 4247 707 4329 quis
731 4243 860 4307 tandem
885 4241 963 4307 talia
985 4240 1103 4308 nascit?
1148 4243 1241 4308 Nunc
1263 4246 1297 4308 in
1320 4245 1470 4308 omnibus

277 4351 369 4415 libris
399 4357 523 4436 practer
552 4349 574 4415 S
605 4350 742 4437 legitur:
773 4347 825 4414 κιι1
850 4350 923 4425 μετ’
949 4348 1086 4426 ἐκείνων,
1113 4348 1153 4412 ἀν
1177 4350 1220 4414 τὸι
1242 4348 1349 4414 δίκοιιοι
1374 4359 1470 4415 ποιεῖν

279 4457 400 4522 ἐθέλωσι
424 4457 679 4537 βοηθούντων
702 4455 754 4520 nal
779 4454 865 4533 μετά
888 4459 946 4519 τῶν
971 4451 1085 4520 ἀλλων.
