3404 5192
783 407 847 480 ael

225 605 296 667 tum
314 599 441 687 posteat
473 602 585 668 Nonne
607 601 745 688 pendent
766 602 924 668 librorum
948 605 1121 687 scripturae
1145 603 1185 668 ab
1208 599 1408 688 opinionibus

225 705 539 775 Grammaticorum?
574 707 611 772 In
634 709 865 792 antiquissimis
887 707 1031 774 Platonis
1054 714 1086 772 et
1109 707 1263 774 Herodoti
1286 705 1408 775 (lodici-

224 814 284 878 bus
308 815 349 884 εἷς
374 811 489 886 καλλος
514 813 742 893 γεγραμμένοις
767 815 874 899 abique
895 813 1054 880 adverbiis
1076 816 1110 878 in
1129 815 1224 894 -τέρα
1245 819 1277 880 et
1301 812 1407 878 -sdror

223 922 445 1005 importunum
475 917 492 983 I
521 919 668 985 additum
697 919 860 1012 videmus,
884 925 921 984 ut
944 919 1120 998 ῶνωτιὶτωι,
1144 918 1315 1004 inserirur,
1340 944 1409 1001 πιρ-

224 1023 375 1109 peraret,
398 1025 581 1091 κατατατωι
606 1028 678 1091 sim
725 1023 789 1090 Sed
811 1047 860 1090 res
882 1027 981 1090 etiam
1003 1025 1132 1112 longius
1156 1026 1324 1111 repetenda
1350 1031 1407 1091 est.

224 1129 379 1195 Plurimis
403 1137 435 1196 et
457 1133 657 1219 gravissimis
680 1130 805 1196 indiciis
828 1133 905 1196 satis
929 1135 1051 1196 constat
1068 1132 1103 1194 in
1123 1134 1258 1197 vetustis
1274 1131 1410 1198 Homeri

224 1234 331 1321 libris,
351 1237 466 1320 quibus
486 1234 598 1303 Oritioi
618 1236 825 1302 Alexandrini
843 1236 1029 1320 utebantur,
1049 1235 1083 1298 rt
1100 1237 1408 1316 παραγεγραμμένου

226 1343 302 1407 ἰῶτα
325 1343 388 1408 fere
411 1344 592 1427 adscriptam
615 1367 673 1408 noo
687 1343 808 1429 furiae,
833 1347 865 1408 et
888 1341 927 1406 de
950 1344 1103 1425 cuiusque
1121 1337 1234 1407 (tritici
1253 1347 1409 1409 sententia

226 1449 364 1514 crumnis
385 1446 463 1514 loeis
485 1451 683 1533 pronuntiari
704 1448 851 1514 rIdemus
874 1446 1061 1513 utrumuis
1085 1448 1126 1527 τῷ
1151 1457 1182 1525 1,
1206 1449 1291 1525 μετὰ
1315 1454 1367 1513 rori
1393 1459 1407 1513 1

225 1552 426 1619 scribendum
455 1557 498 1618 sit
529 1575 569 1619 an
599 1554 691 1635 χωρὶς
722 1557 775 1618 τοῦ
807 1563 838 1628 1.
873 1552 945 1617 ἄνευ
976 1557 1029 1617 τοῦ
1062 1562 1087 1618 1.
1134 1550 1283 1619 Indicabo
1307 1575 1410 1618 uuum

224 1657 332 1724 locum
355 1662 393 1722 ut
415 1657 563 1725 lacunam
586 1658 761 1745 suppleam.
787 1658 827 1724 ad
850 1657 940 1723 iliad.
966 1667 1012 1723 Ω.
1037 1656 1068 1722 8.
1094 1678 1133 1723 ex
1155 1659 1338 1724 Aristarcho
1365 1660 1410 1725 af·

225 1763 341 1829 fertur:
370 1762 432 1832 ἓςιν
464 1760 511 1830 οὖν
544 1766 645 1830 διττὸν
667 1765 702 1829 τὸ
725 1768 808 1847 ρ’ἥμα
835 1763 981 1852 (ΠΕΙΡΩ
1006 1769 1038 1830 01
1061 1767 1193 1848 ΠΕΡΩ)
1218 1764 1270 1828 καὶ
1296 1765 1330 1830 τὸ
1353 1766 1410 1845 μὲν

225 1869 280 1934 σὺν
310 1870 351 1950 τῷ
383 1879 395 1933 l
428 1872 724 1950 resurrectiones,
757 1873 824 1936 imo
854 1889 947 1937 vero:
973 1871 1026 1935 σὺν
1049 1873 1091 1951 τῷ
1116 1879 1129 1934 I
1153 1871 1409 1950 (βαρυνθιὶσεται,

225 1974 260 2039 τὸ
279 1974 310 2039 tr
331 1971 403 2038 ἄνευ
423 1980 477 2041 τοῦ
498 1977 524 2064 1)
546 1977 843 2058 τεριττατῶὶτεται.
880 1975 988 2062 Multa
1006 1979 1109 2063 igItur
1128 1974 1212 2061 apud
1230 1975 1410 2042 Homerum

225 2080 381 2146 vocabula
411 2102 447 2146 ea
478 2083 516 2147 de
542 2104 637 2149 causa
658 2083 753 2148 hodie
777 2084 978 2168 primitivam
1001 2080 1137 2147 formam
1161 2083 1337 2146 amiserunt
1359 2105 1412 2148 ne-

225 2185 331 2273 glecto
362 2191 394 2252 et
425 2191 542 2254 omisso
571 2191 746 2255 necessario
774 2189 861 2253 ἰῶτα.
909 2187 998 2253 Dabo
1028 2208 1129 2272 pauca
1158 2187 1196 2251 de
1226 2185 1353 2264 multis,
1378 2191 1412 2253 in

227 2292 341 2374 quibus
370 2292 553 2360 Beklrerum
583 2315 685 2361 errare
715 2294 817 2380 video.
865 2293 915 2358 Hx
944 2293 1029 2373 Τρώς
1054 2293 1207 2357 formatur
1230 2292 1348 2372 Τριιΐη,
1374 2315 1413 2359 ex

226 2394 307 2474 δμῶι
341 2396 457 2478 luein,
490 2421 570 2485 quae
600 2404 634 2466 in
665 2403 753 2481 Trai
785 2404 817 2464 et
847 2400 931 2479 1μοιὶ
963 2398 1202 2464 contrahuntur.
1248 2397 1413 2463 Beklrerus

225 2501 345 2588 ubique
372 2504 481 2584 Τρωαί
511 2504 599 2570 dedit
621 2504 788 2584 01δριωα1.
815 2503 880 2570 vid.
906 2504 1063 2570 Mnemos.
1090 2502 1187 2570 1873.
1214 2524 1288 2591 pag.
1315 2502 1357 2567 54
1382 2509 1414 2569 et

228 2605 281 2672 56.
327 2609 544 2675 Admouuerat
572 2610 774 2676 Aristarchus
799 2613 838 2675 ad
862 2607 974 2696 Odyss.
1000 2617 1038 2672 T.
1067 2608 1142 2674 121.
1176 2608 1330 2686 baside
1359 2610 1413 2676 σὺν

223 2713 269 2794 ,τῷ
301 2715 377 2779 ἰῶτα
409 2714 461 2779 καὶ
493 2716 738 2795 περισπωμένως.
766 2716 891 2789 θηλυκὸν
915 2713 977 2795 γάρ
1003 2717 1076 2784 terr.
1102 2713 1194 2788 οὕτως
1218 2715 1412 2796 Ἀρίςαρχις.

226 2839 320 2884 nemo
349 2820 479 2904 praebet
509 2840 627 2886 aurem.
658 2820 761 2899 Πρῶιν
792 2824 840 2885 est
868 2818 959 2884 Hiad.
987 2817 1413 2887 0470010611.οιῶο

227 2926 282 3010 gia
304 2929 337 2989 et
358 2925 561 2991 Aristarchus
585 2923 682 3006 πρῴην
706 2925 802 2991 scribi
824 2925 947 2990 iubent.
983 2925 1070 2999 Θωήι
1092 2923 1233 3012 legimus
1252 2925 1343 2991 Iliad.
1370 2936 1412 2994 N.

229 3027 304 3094 669.
331 3035 364 3095 01
386 3029 499 3118 Odyss.
525 3042 559 3096 Β.
583 3030 645 3095 lae
666 3033 749 3096 ratio
770 3037 801 3095 ct
821 3051 897 3095 usus
915 3029 988 3111 ῶῳιὶν
1007 3029 1179 3115 postulant.
1204 3031 1414 3097 Archilochus

227 3136 311 3219 apud
332 3136 443 3223 thm.
468 3145 513 3200 M.
538 3158 612 3224 pag.
637 3135 700 3221 26,
727 3135 777 3201 19.

610 3245 648 3316 ῶς
674 3239 711 3322 ῶν
734 3266 768 3306 τε
794 3241 862 3314 dein
887 3240 993 3306 aritia.

272 3343 362 3410 Iliad.
384 3355 422 3411 A.
446 3345 509 3412 199
530 3349 634 3412 rident
652 3347 832 3414 Homerum
850 3347 958 3413 Zoilus
978 3353 1010 3413 et
1033 3343 1231 3434 Chrysippus
1254 3347 1413 3414 dicentem

227 3448 256 3514 si
277 3451 311 3516 κέ
335 3452 401 3516 ποθι
426 3454 503 3526 Ζεὺς
527 3462 635 3517 ΔΩΟΙ
662 3456 750 3519 πόλιν
774 3455 883 3534 ΤριΙιρν
907 3451 1120 3532 ἐξαλαπάξαι.
1157 3453 1323 3520 Soloeoum
1346 3475 1414 3519 esse

227 3558 410 3641 opinantur:
436 3556 471 3622 τὸ
494 3559 557 3638 γαρ
581 3560 680 3637 δῶσι,
704 3559 805 3641 φατὶ,
829 3558 1040 3633 πληθυντικόν.
1082 3559 1283 3624 Aristarchus
1306 3558 1415 3623 docuit

227 3661 423 3748 singularem
446 3684 514 3729 esse
538 3666 732 3731 coniunctiri
755 3673 888 3729 Amet.
912 3663 1122 3749 Perspicuum
1145 3669 1193 3729 est
1214 3663 1286 3729 Illos
1306 3671 1414 3728 ancl

226 3765 353 3854 legisse.
399 3767 464 3835 Ubi
489 3774 537 3835 est
561 3765 638 3845 ἦσαν
661 3769 751 3836 Iliad.
776 3781 818 3836 A.
842 3768 895 3836 63,
918 3771 1120 3835 Aristarchus
1142 3770 1291 3836 emendat
1314 3771 1414 3847 ibant,

228 3867 316 3954 ἦσαν.

271 3977 363 4045 Iliad.
389 3990 427 4046 Σ.
454 3977 531 4047 407.
555 3981 692 4047 Bsklrer.
717 3981 855 4063 ζωάγρια
880 3982 980 4046 τίνειν.
1005 3980 1060 4046 sed
1082 3980 1168 4059 μετὰ
1187 3981 1221 4046 τὸ
1243 3992 1256 4045 1
1275 3979 1414 4063 ζῳάγρια

227 4082 242 4146 ὅ
265 4084 465 4170 ’Λρίςαρχις,
484 4107 599 4172 nempe
623 4085 693 4168 ζῷιι
716 4085 876 4154 Gracornn
900 4091 948 4151 est
971 4091 1003 4152 et
1026 4084 1115 4170 ζῳός,
1140 4107 1203 4152 non
1228 4085 1278 4175 (ut
1301 4085 1412 4174 vulgo)

228 4185 298 4268 ζῶον
321 4194 353 4255 01
376 4188 459 4271 ζωός.
506 4192 555 4258 Ex
579 4191 743 4258 Simonide
767 4192 909 4258 affertur:

378 4339 382 4344 -
497 4294 554 4364 olor
578 4298 641 4362 rsa·
666 4300 737 4375 ἡμῖν
761 4299 856 4378 θηρίον
880 4295 1082 4377 ταρέττατι,

499 4405 533 4470 τὸ
558 4401 649 4484 {eius
672 4403 797 4498 κῶκιτιν
822 4401 949 4478 ἔκτηται
972 4401 1051 4481 βίον.
