3208 5158
655 366 717 446 iil

101 569 238 653 ineptum
275 564 434 633 emblema
472 572 543 654 post
582 565 615 644 ἦν
658 592 696 635 ex
730 573 875 658 margine
908 567 1036 654 irrepsit
1069 573 1277 636 intextum.

101 674 266 739 Notissima
296 675 426 737 nomina
457 678 530 738 sunt
561 677 595 738 in
617 676 750 741 historia
773 677 797 740 οί
823 675 959 752 διάδοχοι
983 680 1146 740 eteorum
1170 675 1231 740 filii
1254 677 1279 739 οί

101 781 243 855 ἐπίγονοι,
274 779 544 863 quemadmodum
576 783 609 843 in
641 785 776 846 vetustis
806 780 922 845 tabulis
953 781 991 844 de
1021 779 1104 846 bello
1130 781 1279 846 Thebano

103 886 124 947 oi
155 886 301 960 ἐπίγονοι,
333 889 371 947 ut
395 884 477 967 apud
501 881 686 951 Strabonem
711 907 783 972 pag.
810 885 886 950 325.
911 885 995 962 μετὰ
1019 887 1073 958 τὴν
1099 887 1168 971 (τῶν
1192 886 1277 971 add.)

103 989 240 1065 ἐπιγόνων
272 989 321 1051 ἐπί
353 989 411 1058 τοὶς
448 990 559 1066 Θήβας
595 995 749 1070 ςροιτείαν.
809 991 957 1056 Suboluit
991 993 1076 1057 fraus
1105 993 1279 1074 Kramero,

103 1097 151 1160 sed
179 1090 336 1180 extirpare
368 1097 488 1159 vitium
520 1117 615 1161 ausus
644 1117 707 1162 non
738 1104 795 1162 est.
843 1099 961 1184 Arguit
983 1098 1143 1162 emblema
1166 1100 1281 1162 vitiosa

102 1201 262 1266 verborum
294 1203 491 1284 oompositio.
539 1201 610 1266 Diei
633 1208 771 1287 poterat:
798 1203 882 1266 aerei
907 1204 976 1273 τοὺς
999 1207 1053 1267 τοῦ
1077 1203 1280 1282 Ἀλεξάνδρου

103 1306 254 1385 διαδόχους
279 1303 313 1382 ἦν
336 1312 436 1370 Γετῶν
460 1306 634 1385 βασιλεύς,
660 1308 714 1373 sed
738 1308 872 1395 vulgata
895 1309 1003 1393 inepta
1027 1314 1085 1373 est.

142 1515 219 1603 Peg.
244 1514 319 1580 308.
369 1513 556 1580 ’ΘΚπλέοντι
581 1518 607 1581 δ’
632 1517 661 1580 ἕν
685 1519 808 1599 οίριςερρῖ
830 1517 963 1598 πολίχνη
986 1519 1038 1582 καί
1061 1516 1280 1595 teineritatis.

103 1619 251 1687 Mundum
281 1624 315 1685 in
345 1619 508 1686 Strabonis
541 1620 633 1686 libris
666 1623 868 1707 perfrequens
902 1623 986 1687 huno
1020 1633 1143 1709 quoque
1174 1624 1282 1689 locum

104 1730 280 1812 corrumpit.
328 1725 477 1791 Rescribe
511 1726 700 1791 ΕΙΕπλέοντι
732 1727 772 1792 δέ.
798 1735 836 1792 ut
858 1747 930 1815 pag.
956 1727 1031 1793 310.
1057 1731 1087 1792 ἐν
1111 1731 1234 1812 οίριςερρῖ
1256 1729 1283 1793 δ’

105 1835 334 1897 εἰσπλέοντι
370 1831 528 1910 πολίχνιόν
565 1833 608 1901 έςι
641 1835 829 1912 Μυρμιίκιον.
861 1839 894 1897 et
924 1854 999 1920 pag.
1035 1833 1110 1898 325.
1144 1836 1173 1897 έν
1197 1833 1281 1917 δεξιᾷ

104 1938 132 2001 εί
140 1939 358 2003 οπλέουοιν
381 1940 585 2021 Ἀκαρνᾶνες,
606 1943 638 2002 et
657 1943 702 2003 sio
720 1941 840 2023 passim
862 1938 950 2003 olibi.
975 1939 1047 2004 Vid.
1067 1940 1106 2004 ad
1118 1961 1191 2027 pag.
1205 1939 1282 2005 252.

144 2147 220 2235 Peg.
247 2145 324 2214 317.
350 2147 505 2212 οέποίείσιυ
525 2146 640 2227 ἡμέρας
661 2149 752 2212 πέντε
773 2147 977 2225 έξεπιίγνυντο
997 2149 1022 2210 οί
1042 2143 1129 2218 ίίλες.
1162 2147 1284 2212 Vitiosa

106 2251 238 2318 adhaesit
270 2254 367 2319 verbo
397 2252 521 2317 inutilis
552 2255 741 2338 praepositio
775 2260 807 2318 et
837 2273 930 2318 sensu
961 2273 1047 2317 cassa
1077 2252 1120 2329 ἐξ.
1168 2251 1283 2316 Veram

105 2355 265 2424 lectionem
295 2361 435 2444 repperit
465 2365 557 2424 vetus
588 2364 743 2424 corrector
770 2357 895 2425 Oodiois
925 2368 964 2424 E.
991 2357 1105 2438 ἡμέροις
1129 2357 1222 2422 πέντε
1238 2355 1283 2421 Ἣ

107 2461 136 2538 ἐξ
157 2464 342 2542 ἐτιίγνυντο,
367 2465 422 2530 sed
445 2485 539 2530 nemo
562 2468 692 2550 recepit.

146 2667 270 2737 bruelio
293 2692 366 2759 pag.
395 2670 470 2736 350.
496 2673 546 2736 ἐπὶ
569 2672 640 2743 τοὺς
664 2671 861 2753 Τιρλεμοίχου
884 2674 1018 2752 ἑταίρους
1039 2671 1181 2750 ίίγγελος
1202 2671 1242 2737 πέ
1271 2709 1281 2724 ·

108 2799 192 2840 πεται
215 2777 290 2854 πρὸς
311 2778 346 2840 τὸ
371 2787 474 2841 πλοῖον
499 2784 600 2842 καλῶν
624 2779 674 2841 ε’πί
699 2776 834 2853 ξενίΑΝ.
881 2778 967 2866 Lege
990 2779 1042 2843 έπί
1066 2777 1169 2853 ξένιΑ.
1210 2776 1284 2843 Per-

108 2889 211 2964 petuus
234 2885 290 2947 hio
313 2883 487 2948 scribarum
511 2904 596 2948 error
617 2889 674 2949 est.
702 2885 788 2949 eoa
810 2891 963 2950 vocantur
987 2886 1035 2948 ἐπί
1061 2886 1196 2953 δείπνου.
1221 2886 1285 2947 ἐοι-

103 2989 174 3068 pico
204 2989 254 3052 ε’πί
287 2986 391 3065 ξένιον,
424 2988 479 3052 sed
512 2988 634 3053 librarii
659 2990 709 3052 ἐπὶ
734 2990 835 3067 ξενίαν
855 2996 887 3055 et
910 2990 960 3054 ἐπί
985 2987 1069 3073 ξενίρι
1093 2991 1284 3055 substituere

108 3095 209 3160 solent.
258 3097 347 3162 Ξενία
385 3100 418 3158 et
452 3093 552 3170 ξενίας
582 3103 697 3174 ’τυχεῖν
733 3095 771 3160 de
804 3096 929 3178 hospitio
962 3093 1098 3174 dieitur,
1135 3095 1218 3172 ξένια
1254 3101 1286 3159 et

109 3209 206 3264 καλεῖν
230 3201 282 3265 ἐπὶ
307 3201 391 3277 ξένιον
416 3200 453 3266 de
476 3222 565 3264 αοοινυ
587 3200 640 3266 ve]
664 3202 768 3284 οριιίίο.

149 3305 260 3372 Haesit
291 3307 350 3370 hoo
375 3308 494 3370 vitium
518 3308 553 3369 in
567 3306 770 3372 editionibus
793 3306 922 3373 Diodori
946 3305 1066 3383 Siculi,
1092 3307 1285 3382 Pausaniae,

112 3409 206 3476 Flavii
226 3399 354 3497 Idsephi
377 3416 409 3476 et
430 3409 577 3477 aliorum.

151 3617 275 3687 emano
298 3641 370 3707 pag.
397 3618 472 3687 362.
498 3619 536 3686 de
552 3619 652 3704 ρτίιιιο
676 3626 708 3686 et
725 3622 852 3684 ιοαιιιοέο
872 3619 956 3686 bello
975 3621 1170 3687 Messaniaoo
1191 3639 1288 3705 agens

113 3724 154 3788 ita
177 3727 303 3792 scribit:
328 3729 383 3802 τὴν
405 3727 461 3804 μὲν
485 3724 532 3792 οὗν
557 3727 676 3807 πρώτην
698 3726 889 3801 κατοίκτνιοιν
913 3729 1012 3792 αὐτῶν
1034 3726 1112 3808 Φησὶ
1136 3731 1288 3806 Τυρταῖος

114 3827 140 3890 έν
165 3840 224 3904 τοῖς
256 3835 409 3909 ποινίμαοι
439 3833 525 3898 κατὰ
548 3833 619 3904 τοὺς
642 3839 700 3897 τῶν
725 3835 863 3913 πατέριον
886 3833 1024 3914 ποτέροις
1048 3830 1206 3910 γενέσθαι·
1232 3832 1286 3904 τέρν

114 3931 142 3997 tt
180 3937 337 4017 δευτέραν,
380 3941 448 4002 καθ’
492 3929 526 4010 ἣν
569 3937 702 4014 ἑλόμενοι
744 3937 933 4016 τυμροοίχους
971 3936 1129 4016 Ἀργείους
1165 3959 1198 4000 τε
1237 3936 1289 4000 καί

116 4037 307 4109 ’bnerorc
338 4047 388 4108 καί
420 4044 564 4115 Πιοοίταρ
592 4045 774 4119 οίπέςησαν,
807 4043 961 4123 Ἀρκοίδυν
992 4044 1048 4119 μὲν
1074 4041 1290 4122 Ἀριςοκροίτιρν

115 4147 160 4209 τὸν
197 4151 402 4230 Ὀρχομενίων
445 4149 584 4226 βασιλέα
619 4149 837 4230 παρεχομένων
870 4147 1044 4225 ςρατιργδν,
1080 4154 1223 4214 Πισατῶν
1259 4148 1290 4210 δὲ

116 4257 327 4320 Πανταλέοντα
359 4258 410 4321 τὸν
442 4257 684 4334 Ὀμφαλίωνος,
717 4257 806 4331 ἡνίκα
835 4254 930 4336 <barb
955 4255 1047 4325 αὐτὸς
1073 4255 1100 4341 (ὃ
1125 4253 1289 4339 Τυρταῖος)

116 4371 303 4438 ἐμπαγῆναι
326 4365 377 4427 riv
401 4360 535 4440 πόλεμον
558 4370 622 4433 τοῖς
646 4361 912 4437 Λακεδαιμονίοις.
958 4359 1005 4424 De
1029 4366 1116 4424 tortio
1136 4367 1168 4426 et
1186 4366 1291 4445 quarte

117 4460 193 4530 bello
220 4475 290 4552 post
312 4486 414 4553 pausa
436 4469 563 4533 soribit:
589 4467 645 4532 ἐπὶ·
663 4469 720 4545 μίν
743 4464 792 4532 οὖν
817 4467 911 4531 αὐτοῦ
934 4471 988 4530 τοῦ
1012 4465 1165 4548 Τυρταίου
1189 4466 1203 4530 ί
1226 4463 1290 4532 δεκί-
