3232 5176
863 381 928 450 148

670 571 864 652 ἈρτοΠέτος
887 611 929 623 -
953 569 1136 655 οἰρτοΚέτος.

352 780 478 846 Passim
507 779 583 846 libri
611 784 645 845 et
674 779 757 865 apud
781 778 954 844 Libaninm
977 786 1009 845 et
1031 779 1117 865 apud
1139 777 1341 847 Herodotum
1365 787 1396 849 et
1417 781 1487 848 alies

306 888 390 951 inter
412 886 470 950 has
493 885 571 950 duas
594 885 712 951 formes
735 884 909 960 fluctuant,
933 891 971 950 ut
993 890 1066 950 utre
1087 887 1129 950 sit
1152 887 1256 971 potior
1279 907 1342 952 non
1365 909 1402 952 ex
1423 907 1486 952 aue

306 994 434 1056 toritets
464 994 596 1056 testium
623 991 678 1057 sed
708 1012 748 1056 ex
768 988 882 1057 Graeci
906 993 1059 1056 sermonis
1083 993 1204 1056 ratione
1227 997 1259 1056 et
1281 1013 1340 1057 usu
1367 993 1408 1057 s‘it
1424 1013 1487 1058 eon·

304 1096 515 1162 stituendum.
559 1095 651 1162 Tem.
686 1095 710 1162 Ι.
744 1094 821 1161 219.
852 1094 883 1160 8.
918 1097 1062 1178 δνςοχείς
1090 1095 1177 1168 τινοίς
1202 1097 1393 1178 οἰρτοπὸτους
1426 1097 1488 1182 (alii

306 1199 497 1288 οἰρτοτοιοίις)
529 1201 724 1280 εἰσπράττειν
755 1202 888 1282 χρντίον.
921 1201 963 1268 Π.
996 1200 1072 1268 333.
1105 1201 1160 1267 24.
1189 1203 1260 1274 τοὺς
1288 1201 1486 1283 οἰρτοτέτονο.

306 1305 362 1372 alii
389 1307 576 1387 οἰρτοτοιούς.
610 1306 687 1374 335.
712 1307 743 1372 4.
767 1313 826 1373 τῶν
849 1306 1040 1388 οἰρτοτέτον.
1075 1306 1192 1372 Multis
1215 1307 1289 1373 aliis
1311 1308 1389 1374 loeis
1411 1311 1489 1387 οἰρτο-
1588 1357 1589 1376 .

306 1411 393 1478 κότον
425 1413 643 1499 appellantur,
680 1412 735 1478 sed
769 1415 845 1498 quia
875 1414 926 1478 τὸν
957 1412 1048 1492 ἄρτον
1079 1413 1204 1478 νέττειν
1233 1413 1317 1480 nihil
1345 1419 1411 1498 est,
1441 1411 1489 1478 sed

305 1523 484 1584 substantes
514 1539 624 1586 omnes
649 1541 760 1602 ροαονν
790 1541 928 1604 coquere,
961 1519 1014 1584 τίν
1046 1517 1136 1599 οἰρτον
1171 1516 1316 1595 τέττειν,
1353 1519 1489 1585 dicebant

305 1623 379 1690 bine
409 1630 484 1690 nata
514 1629 562 1690 est
592 1623 696 1689 forma
725 1624 914 1703 οἰρτοτέπορ,
940 1644 959 1689 6
982 1629 1109 1690 vetusto
1133 1631 1257 1689 1161111
1280 1625 1366 1690 unde
1389 1623 1487 1702 πέψιν,

306 1727 430 1808 ἕτεψα,
465 1727 554 1810 ἄρτοο
588 1724 623 1793 εὖ
659 1729 858 1808 τετεμμένοο
889 1729 1085 1813 formantur,
1119 1733 1153 1795 et
1183 1730 1339 1809 τέτανον,
1371 1734 1409 1794 ut
1437 1727 1487 1806 ξέο

305 1833 427 1913 ξέανον,
447 1833 553 1918 Ἔργον
576 1833 701 1916 έρρανον
725 1840 758 1900 61
780 1833 900 1900 similia
921 1835 1008 1901 haud
1031 1854 1142 1922 pausa.

564 2091 686 2141 LIBANH
708 2089 816 2140 DIO'HO
837 2091 872 2138 ns
893 2089 1075 2140 sompnum
1097 2091 1237 2142 imese.

351 2257 504 2323 libanius
534 2274 732 2342 quamquam
761 2256 795 2319 in
826 2253 980 2320 Veterum
1008 2254 1145 2321 lectione
1176 2256 1322 2321 assiduus
1356 2261 1389 2323 et
1420 2275 1488 2322 snm

305 2361 535 2448 discipulorum
564 2359 759 2427 soloecismis
788 2362 902 2426 aeriter
932 2360 1054 2426 bellum
1087 2382 1201 2449 gerens
1231 2367 1342 2428 tamen
1370 2364 1488 2448 ipsein

305 2467 420 2534 multis
443 2469 590 2551 antiquae
614 2465 744 2554 linguae
764 2467 890 2533 Atticae
910 2468 1124 2533 sinceritatem
1142 2469 1330 2554 imprudens
1348 2469 1486 2552 eorrupit.

305 2571 491 2640 Cavendum
521 2572 651 2657 quidem
681 2590 800 2659 magno
832 2592 925 2657 opere
952 2578 1000 2639 est
1032 2594 1072 2640 ne
1095 2575 1272 2640 scribarum
1296 2595 1413 2640 errores
1432 2575 1489 2658 ipsi

304 2681 522 2765 imputentur,
553 2677 609 2742 sed
638 2677 803 2762 complura
832 2679 1036 2763 reperiuntur
1068 2679 1108 2744 ab
1138 2682 1207 2764 ipso
1235 2679 1432 2768 negligenter
1461 2682 1490 2742 et
1591 2765 1592 2770 ἵ

304 2787 420 2852 vitiose
450 2783 551 2858 dieta,
584 2803 720 2868 quorum
750 2787 874 2868 partem
907 2783 1049 2869 aliquem
1072 2805 1157 2850 nuno
1179 2784 1381 2872 redarguam.
1415 2781 1489 2848 Gon-

305 2889 413 2956 fundit
436 2890 507 2967 ταρ’
533 2888 647 2968 ἡμέραν
671 2893 704 2954 61
725 2889 795 2953 aad*
820 2887 935 2970 ἡμέραν
960 2892 1051 2976 quasi
1076 2890 1157 2956 nihil
1180 2893 1360 2957 interesset:
1384 2908 1489 2975 nempe

306 2995 376 3062 καθ’
401 2994 517 3073 ἡμέραν
540 2997 588 3060 661
609 2994 757 3080 quotidie,
777 2996 907 3059 111ιιατ’
926 2993 1010 3073 ἔτος,
1031 2999 1103 3061 κατ’
1124 2996 1278 3080 ἐνιαυτόν,
1297 3020 1381 3061 κατα
1394 2989 1496 3076 μὴναζ

304 3105 337 3168 et
370 3099 536 3181 ὅσιρμέραι,
561 3099 666 3175 deiru,
691 3093 752 3164 inor
776 3106 890 3176 μὴνες,
916 3100 1034 3182 ὁτῶραι.
1071 3099 1188 3168 Contra
1211 3101 1286 3182 παρ’
1312 3101 1425 3182 ἡμέραν
1448 3103 1490 3166 661

303 3229 363 3272 ano
393 3207 444 3272 die
474 3205 664 3289 ιἰιίενροιίἰο,
698 3206 826 3270 mmsis
855 3207 981 3283 diebu,
1009 3208 1097 3272 tertio
1126 3230 1239 3296 quoque
1269 3209 1335 3287 die,
1365 3207 1489 3284 111τοιρ’

303 3313 441 3379 ένιαντίν
470 3318 637 3391 τρατιργεῖν
667 3315 699 3377 61
733 3312 806 3390 παρ’
838 3309 954 3390 ἡμέραν
985 3313 1143 3394 πυρέττειν
1174 3313 1214 3379 de
1243 3313 1324 3379 febri
1353 3315 1488 3380 tertiana

301 3418 401 3485 Recte
431 3417 514 3482 dixit
543 3416 697 3483 libanius
726 3415 753 3481 I.
782 3413 836 3480 82.
862 3415 892 3481 4.
918 3418 957 3483 de
979 3417 1118 3484 iuliano:
1142 3419 1157 3482 ὁ
1179 3420 1332 3499 βασιλεὺς
1359 3456 1400 3468 -
1424 3413 1487 3483 καθ’

304 3524 418 3599 έκοίςὴν
441 3525 571 3589 έτοιεῖτο
595 3523 650 3596 τὴν
675 3521 790 3602 ἡμέραν
814 3523 920 3594 terias
942 3523 1000 3588 ιίτί
1023 3531 1085 3595 τοῖς
1110 3524 1140 3588 έν
1163 3525 1206 3605 τῷ
1226 3524 1313 3606 ιιὴτῳ
1331 3528 1386 3590 τοῦ
1404 3524 1489 3603 βατι-

302 3631 385 3697 λείον
408 3628 548 3710 δένδροις.
576 3627 667 3694 etde
691 3627 802 3693 eadem
825 3649 860 3693 re
882 3628 908 3693 Ι.
934 3627 1010 3694 564.
1034 3628 1087 3694 12.
1108 3630 1141 3693 οιί
1162 3628 1261 3714 ρρἰδιον
1279 3630 1413 3709 βασιλεῖ
1427 3627 1489 3692 καθ’

303 3736 417 3811 ἑκοίτιρν
449 3734 566 3815 ἡμέραν
598 3729 654 3808 ἔξω
686 3733 855 3810 βασιλείαν
885 3733 939 3815 ἐφ’
971 3734 1036 3814 ἰεροί
1067 3732 1224 3815 βαδίζειν.
1248 3736 1303 3801 sed
1327 3735 1488 3802 vitioseiu

302 3843 414 3909 eedem
446 3844 637 3928 argumento
672 3841 797 3925 scripsit
820 3838 844 3906 I.
874 3837 951 3918 394,
977 3837 1030 3905 19.
1052 3840 1117 3905 έτεί
1143 3840 1187 3917 μὴ
1207 3840 1328 3921 τρέχειν
1351 3841 1393 3912 εἰς
1420 3838 1489 3918 ἱερίν

302 3951 397 4016 ΠΑΡ’
428 3949 544 4028 ἡμέραν
576 3943 689 4020 ἓνεςιν,
722 3946 797 4022 ἰερέν
820 3953 952 4010 ποιεῖται
979 3945 1057 4034 (leg.
1083 3945 1175 4030 τοιεί)
1200 3945 1242 4010 τοί
1265 3945 1417 4026 βασίλεια
1440 3941 1487 4008 καί

299 4054 350 4119 τδν
383 4060 490 4128 κὴτον.
525 4051 700 4116 Fluctuant
729 4048 804 4114 libri
828 4050 853 4114 Ι.
881 4047 957 4117 337.
984 4049 1037 4115 12.
1060 4053 1094 4115 in
1118 4050 1191 4116 aliis
1214 4055 1262 4116 est
1284 4052 1357 4133 παρ’
1382 4047 1488 4127 ἡμέραν

299 4157 451 4237 αὔξεται,
484 4161 518 4222 in
551 4155 623 4222 aliis
651 4156 721 4220 καθ’
753 4154 878 4236 ἡμέραν.
922 4154 985 4221 sed
1016 4159 1084 4222 sine
1111 4159 1265 4222 varietate
1287 4157 1313 4222 1.
1339 4154 1413 4220 419.
1439 4149 1487 4217 le.

297 4266 458 4346 χαίροντες
489 4272 529 4343 τῇ
560 4267 642 4345 φορᾷ
666 4268 722 4335 τῆς
745 4266 872 4340 ψυχῆς,
898 4251 932 4333 ἡν
956 4262 1030 4341 παρ’
1055 4261 1170 4342 ἡμέραν
1194 4263 1341 4342 ἐκφέρεις.
1379 4257 1488 4326 Ountra

298 4371 323 4440 Ι.
350 4369 427 4436 360.
452 4368 485 4434 2.
523 4367 608 4447 σωροί
633 4369 707 4447 παρ’
732 4368 847 4448 ἡμέραν
871 4365 974 4440 oraim
998 4366 1081 4440 ἰδέας
1106 4367 1219 4449 ἰχθύων
1242 4367 1486 4448 έτειοέρχονται,

297 4484 345 4548 611
368 4476 548 4558 discrepans
570 4470 667 4537 lectio
691 4473 760 4536 καθ’
785 4469 899 4546 iudeus
920 4473 1036 4553 ἡμέραν
1056 4473 1095 4538 ab
1115 4473 1222 4561 aliquo
1241 4484 1412 4541 correctore
1423 4488 1486 4557 pre
