3410 5180
764 379 830 448 459

242 569 320 662 Pag.
346 569 401 636 54.
425 567 477 634 12.
502 570 536 636 ού
560 569 663 650 μέντοι
687 578 740 636 ΓΕ
763 573 811 648 μα
830 575 881 640 Δί’
899 571 977 638 οὕτω
998 576 1202 655 προαιρεῖσθαι
1225 573 1383 651 πράττειν,

197 677 278 744 Boni
307 680 474 763 scriptores
503 677 581 743 haec
611 679 658 742 ita
687 677 823 743 formare
853 678 956 744 solent
978 681 1011 744 ού
1035 677 1137 756 μέντοι
1162 678 1211 757 μοὶ
1235 678 1285 744 Δί’
1310 675 1385 745 ούτοι

197 792 257 850 ΓΘ.
283 783 338 850 sed
356 782 487 847 turbant
504 784 539 847 in
556 782 608 847 his
625 781 760 848 librarii.
796 781 849 848 Sic
872 805 947 872 pag.
964 781 1107 852 187.13.
1129 781 1253 860 μύλιςα
1270 785 1327 863 μὲν
1340 823 1382 834 -

198 890 223 954 ε1
247 890 278 956 δὲ
301 892 345 968 μὴ
375 897 428 953 ΓΕ
454 892 513 952 τῶν
543 887 742 968 ὑπαρχόντων
774 891 914 978 corrige:
946 891 972 956 εἰ
1003 890 1034 955 δὲ
1058 892 1102 967 μὴ
1126 897 1184 955 τῶν
1207 899 1259 957 ΓΘ
1288 891 1387 971 ύπαρ-

197 995 324 1078 χθντιον.
362 995 443 1083 Peg.
458 993 555 1060 1195.
582 993 632 1062 12.
659 995 782 1061 editur:
807 996 840 1060 ού
859 995 963 1073 μέντοι
983 999 1018 1062 Γ’
1037 995 1106 1062 otte
1130 1000 1220 1062 τοῦτο
1243 996 1386 1079 ἔφασαν,

199 1102 254 1171 sed
277 1101 301 1168 S
322 1121 435 1169 verum
459 1103 615 1192 samarit:
640 1101 674 1166 ού
697 1098 802 1178 μέντοι
826 1100 893 1167 otte
918 1101 1010 1168 τοῦτθ
1032 1099 1069 1165 Γ’
1094 1099 1231 1184 ἔφασαν.

245 1206 366 1275 Eadem
390 1211 437 1273 est
459 1208 541 1272 ratio
564 1208 597 1270 in'
621 1204 721 1272 καίτοι
736 1243 778 1256 --
792 1230 850 1285 γε,
877 1206 930 1272 nal
949 1209 1011 1284 uiis
1024 1243 1068 1256 -
1081 1232 1139 1292 γε,
1156 1209 1189 1274 ού
1201 1209 1262 1285 μύιν
1274 1246 1316 1257 -
1329 1233 1387 1287 γε,

201 1314 277 1380 αλλ’
300 1308 349 1379 σύν
363 1351 405 1362 -
417 1337 474 1397 γε,
496 1313 669 1398 inquibus
692 1316 725 1378 et
747 1313 826 1398 ipsis
846 1318 955 1380 contra
974 1319 1098 1380 eertum
1121 1313 1274 1381 Vetemm
1293 1336 1389 1381 usum

201 1441 293 1508 saepe
315 1424 473 1506 peccetur.

246 1662 328 1750 Peg.
349 1657 402 1727 57.
429 1657 483 1724 15.
510 1659 543 1722 ἐκ
568 1657 599 1723 δὲ
622 1655 730 1725 τούτου
758 1657 927 1737 συμβαίνει
951 1697 992 1708 -
1013 1658 1055 1724 τθι
1079 1656 1276 1743 [πράγματα
1301 1661 1388 1744 ΚΑΙ]

202 1768 269 1851 περὶ
292 1763 330 1831 ὦν
358 1765 544 1844 βουλεύεσθε
571 1765 738 1846 ἐκφεύγειν
770 1766 865 1843 ύμοῖς.
913 1765 1035 1851 Ecquid
1062 1767 1194 1832 interest
1215 1765 1283 1831 h.l.
1306 1767 1391 1832 inter

201 1876 244 1942 τύ
266 1871 447 1956 πράγματα
472 1869 593 1951 51περ1
618 1867 656 1936 ὧν
679 1867 884 1949 βουλεύεσθε1
907 1870 1001 1938 Nihil
1023 1890 1160 1957 prorsus.
1205 1872 1278 1939 Non
1297 1871 1389 1938 credo

201 2003 267 2050 esse
289 1981 367 2046 satis
386 1978 608 2065 importunum
631 1975 687 2041 ιιαθ
710 1976 814 2043 delere
837 1977 892 2043 se'd
914 1975 1026 2043 eadem
1055 1997 1149 2063 opera
1171 1978 1319 2043 Atticum
1343 1977 1390 2042 di·

201 2085 292 2155 cendi
310 2104 412 2174 genus
431 2084 613 2168 saepissime
633 2103 652 2148 a
669 2081 781 2148 scribis
799 2081 936 2148 indoctis
953 2081 1162 2148 obliteratum
1181 2082 1390 2150 Demostheni

200 2193 291 2261 reddi
319 2194 461 2277 oportere
491 2187 671 2254 scribendo:
704 2187 747 2253 πθι
779 2188 845 2269 περὶ
869 2183 907 2252 ὧν
937 2187 1131 2266 βουλεύεσθε.
1179 2187 1390 2258 Memorabile

201 2297 385 2384 exemplum
409 2299 458 2361 est
479 2314 553 2381 pag.
568 2292 621 2359 50.
644 2292 699 2359 24.
725 2295 756 2359 ἒν
779 2291 837 2375 ύσιρ
860 2298 966 2359 ταῦτα
989 2293 1144 2372 μέλλεται
1169 2295 1389 2375 προαπύλιολεν

202 2405 255 2488 ἐφ’
278 2396 300 2470 t
324 2401 362 2469 θιν
386 2397 573 2478 ἐκπλέωμεν.
621 2397 674 2465 Sic
695 2399 773 2465 libri
796 2420 919 2466 omnes:
944 2399 1030 2466 solus
1054 2398 1078 2466 S
1100 2399 1239 2467 salutem
1263 2400 1389 2488 attulit:
1483 2439 1485 2444 ,

201 2510 403 2594 manuducit
426 2515 486 2575 ΤΟ
516 2505 570 2588 ἐφ’
596 2503 609 2571 i
633 2505 672 2571 θον
695 2505 884 2584 ἐκπλέωμεν.
931 2505 1056 2572 Multos
1079 2507 1119 2572 ad
1141 2505 1317 2594 Hyperidis
1339 2505 1390 2573 λθ-

201 2644 256 2699 γον
288 2618 452 2699 ἐπιτάφιον
483 2612 568 2681 locos
599 2633 636 2679 5ο
666 2615 747 2679 vitio
776 2611 902 2679 affectos
931 2612 1162 2688 indicavimus,
1194 2613 1301 2698 plures
1332 2613 1390 2680 alii

201 2723 380 2813 corrigendi
400 2723 588 2807 supersunt,
612 2720 651 2786 de
674 2720 790 2805 quibus
811 2720 895 2785 inira
916 2719 1068 2785 dicemus.

246 2962 328 3050 Peg.
353 2958 407 3027 58.
436 2957 489 3026 16.
521 2959 651 3024 ιιασιθθιν
682 2957 902 3037 Νεοπτόλεμον
933 2958 985 3024 τὸν
1018 2957 1290 3040 ὑποκριτὴν-τοὶ
1313 2960 1389 3042 παρ’

203 3070 275 3149 ύμῖν
299 3067 493 3154 [διοικοῦντα]
514 3066 660 3146 Φιλίππῳ
680 3065 761 3150 [καὶ]
781 3065 1020 3146 πρυτανεύοντα.
1056 3065 1285 3132 Demosthenes
1304 3066 1391 3132 dixe·

202 3180 269 3241 rat:
293 3173 336 3239 τοὶ
360 3174 434 3252 παρ’
466 3172 537 3251 ύμῖν
569 3171 715 3251 Φιλίστῳ
738 3173 977 3251 πρυτανεύοντα.
1023 3168 1147 3256 Inspice
1168 3168 1390 3258 Harpocratio-

202 3302 277 3347 nem
300 3301 334 3346 v.
359 3277 694 3361 llpvravariovra:
720 3313 762 3326 -
781 3277 851 3341 ούντὶ
871 3281 925 3343 τοῦ
949 3275 1195 3342 διοικοῦντα.
1231 3277 1392 3354 Δημοσθέ-

203 3411 253 3462 νης
285 3387 315 3450 ἐν
348 3393 564 3462 Φιλιππικοῖς,
593 3405 674 3470 quae
705 3381 745 3450 ad
766 3389 911 3449 nostrum
934 3382 1043 3448 locum
1064 3385 1234 3468 pertinent.
1280 3381 1392 3448 Viden'

204 3492 281 3579 quid
301 3494 336 3557 in
359 3494 425 3558 suis
447 3489 538 3557 libris
560 3489 794 3576 Harpocration
814 3485 987 3576 repererit?

249 3730 330 3819 Pag.
362 3725 416 3796 59.
453 3729 485 3797 4.
520 3729 762 3818 (Neoptolemus
798 3729 925 3816 histrio)
957 3729 1063 3805 ἒπειθύι
1100 3731 1153 3797 θοοὶ
1188 3733 1244 3807 τύιν
1277 3731 1392 3814 cipiunt

183 3835 311 3924 ,ύθεύοις
335 3833 446 3917 ἔτυχεν
472 3831 506 3910 ἣν
529 3836 634 3903 ἐνθύθε
658 3837 803 3912 ἐκέκτητο
828 3837 933 3902 ούσθαν
956 3837 1095 3918 Φανερύυ
1118 3834 1237 3912 ταύτην
1259 3835 1392 3917 ἐξαργυ-

203 3943 290 4023 ρθσαι
333 3943 404 4023 πρὸς
447 3943 556 4008 ἐκεῖνον
596 3940 813 4029 (Philippum)
847 3941 1021 4008 ύπΛΙῺΝ
1053 3940 1187 4023 οἴχεται.
1240 3941 1394 4022 Ἀπούγοιν

205 4043 303 4137 quidi
348 4049 400 4116 An
433 4048 488 4123 τ1ρν
522 4048 661 4130 Φανερθον
692 4043 820 4113 calciavi
862 4047 1047 4114 Absurdum
1080 4048 1140 4115 hoc
1174 4046 1304 4133 quidem
1334 4053 1394 4115 esi.

204 4153 452 4241 simplicissima
470 4156 662 4221 correctione
681 4151 896 4239 reponendum
917 4155 990 4232 πρὸς
1011 4153 1120 4218 ἐκεῖνον
1139 4153 1292 4220 'Animi
1313 4152 1395 4235 οἶχε·

203 4285 268 4329 ται.
317 4259 459 4341 Οἵχομαι
483 4261 581 4326 ιέπιθν
603 4259 723 4346 passim
747 4257 886 4346 legitur,
911 4257 1013 4324 veluti
1037 4259 1122 4344 apud
1144 4258 1393 4328 Demosthenem

203 4389 278 4458 pag.
301 4365 355 4434 81.
379 4363 433 4433 22.
457 4375 555 4451 σιυπρῑ
579 4361 723 4439 ούπιθντεο
748 4361 875 4448 ᾤχοντο.
897 4359 1061 4451 pagum.
1084 4361 1137 4430 18.
1164 4363 1257 4450 ᾤχετ’
1275 4367 1390 4451 ύπιιθν,

205 4480 238 4544 et
259 4472 349 4542 alibi.
