3208 5158
896 393 961 462 162

333 587 495 652 contextae
517 589 606 661 sunt,
632 590 663 648 et
686 587 719 648 in
741 585 793 650 his
815 584 964 648 omnihus
986 605 1048 645 aaa
1070 588 1197 648 tantum
1222 584 1380 666 scriptura
1403 585 1521 665 reperta

332 695 380 756 est
403 689 553 776 vulgatae
577 689 807 774 anteponenda,
831 691 865 752 in
893 689 1047 752 Theaeteto
1069 709 1143 776 pag.
1169 686 1294 752 1711.
1319 688 1377 750 ubi
1401 687 1522 764 βαρβα·

332 794 417 874 ρι’ζων
449 800 575 860 servunt
598 794 741 860 Platonis
766 791 910 869 Codices,
935 793 989 858 sed
1013 791 1209 872 βατταρίζων
1231 791 1432 857 Themistius
1456 813 1521 875 sup

333 900 456 986 peditat
477 920 550 986 pag.
578 897 655 964 278.
770 959 775 972 ,

377 1005 414 1068 ln
444 1003 579 1069 Libanio
609 1009 732 1081 autem,
763 1007 818 1088 qui
843 1005 998 1070 sexcentis
1020 1002 1099 1069 loeis
1123 1006 1228 1068 utitur
1251 1024 1290 1068 ex
1313 1002 1522 1068 Demosthene

334 1114 366 1176 et
395 1109 551 1176 Aeschine
581 1111 714 1184 sumtis,
738 1111 794 1192 qui
817 1112 935 1194 passim
958 1102 1179 1194 Thucydidem
1204 1114 1236 1173 at
1259 1107 1434 1174 Isocratem
1456 1111 1521 1172 imi-

333 1221 438 1291 tatur,
457 1234 634 1298 numquam
653 1234 693 1276 ne
710 1234 812 1276 unum
824 1214 961 1297 ¹quidem
980 1213 1087 1278 locum
1107 1217 1227 1298 reperi,
1246 1214 1331 1278 unde
1351 1213 1521 1299 quidquam

333 1323 367 1384 in
390 1339 500 1383 eorum
523 1321 649 1402 scriptis
671 1323 728 1382 aut
751 1318 866 1384 mendo
886 1317 1014 1382 liberari
1034 1324 1091 1384 aut
1110 1319 1218 1403 paullo
1237 1318 1356 1384 melius
1376 1322 1522 1383 constitui

332 1427 441 1509 possit.
486 1422 574 1486 Vitia
608 1430 640 1488 et
670 1443 788 1488 errores
816 1423 871 1486 diu
904 1429 975 1488 ante
1006 1423 1133 1488 Libanii
1166 1429 1303 1490 aetatem
1336 1426 1406 1488 nati
1437 1433 1524 1506 sunt,

333 1550 434 1613 neque
466 1533 538 1612 post
565 1527 736 1591 Libanium
762 1525 893 1592 Codices
916 1527 1020 1592 multo
1044 1529 1213 1595 deteriores
1236 1535 1312 1594 sunt
1333 1530 1421 1594 facti.
1468 1529 1523 1593 Per

333 1657 388 1699 sex
418 1637 524 1718 prima
556 1631 681 1698 saecula
710 1633 859 1716 pleraque
891 1636 1064 1717 scripturae
1095 1636 1177 1698 vitia
1207 1641 1276 1698 orta
1297 1641 1329 1698 et
1352 1645 1521 1722 propagata

333 1745 422 1816 sunt,
448 1739 483 1802 id
506 1737 589 1821 quod
612 1743 644 1802 et
666 1743 737 1802 ante
760 1738 875 1802 multis
897 1739 1052 1823 exemplis
1074 1739 1380 1814 demonstrauimus,
1401 1747 1434 1804 et
1452 1741 1522 1805 alias

334 1848 369 1910 in
399 1844 546 1919 Platone,
576 1842 805 1918 Demosthene,
830 1843 1035 1929 Thucydide,
1060 1844 1150 1920 aliis,
1175 1846 1333 1928 copiosius
1355 1848 1455 1910 etiam
1477 1847 1523 1910 de

335 1955 510 2016 monstrare
541 1948 710 2014 consilium
741 1953 798 2012 est.
847 1949 940 2012 Nunc
972 1969 1034 2014 uno
1058 1953 1186 2013 tantum
1207 1955 1280 2013 utar
1304 1951 1468 2036 exemplo,
1491 1957 1522 2014 ut

334 2056 497 2124 ostendam
515 2055 687 2119 Libanium
707 2056 823 2119 vitiosa
839 2055 922 2138 apud
942 2054 1109 2118 Platonem
1122 2055 1256 2120 lectione
1269 2076 1336 2121 esse
1348 2057 1521 2141 deceptum.

333 2161 453 2226 Scribit
487 2159 579 2224 Tom.
614 2157 655 2222 ΙΙ.
693 2179 765 2246 pag.
804 2157 879 2222 533.
919 2159 970 2222 19.
996 2160 1139 2236 μονονοὺκ
1163 2161 1212 2224 ἐπὶ
1238 2168 1296 2224 τῶν
1321 2171 1469 2238 κεφαλῶν
1491 2165 1521 2224 τὸ

334 2267 479 2345 συνέδριον
504 2265 656 2346 φέροντες.
694 2263 818 2328 Sumsit
841 2265 918 2329 haec
942 2265 1113 2330 elisione
1135 2267 1172 2328 eie
1195 2266 1270 2349 Jeep.
1296 2287 1370 2354 pag.
1395 2267 1461 2332 600
1492 2287 1520 2332 u.

333 2375 425 2437 cuius
444 2371 551 2437 locum
570 2381 676 2436 vetere
695 2371 1031 2455 mendodepravatum
1044 2391 1185 2436 essenon
1197 2371 1368 2437 intellexit.
1394 2375 1520 2438 Editur:

334 2476 408 2542 οὕτω
440 2476 561 2556 σφόδρα
592 2481 756 2557 φιλοῦνται
780 2474 837 2544 dice
861 2477 949 2553 μόνον
974 2482 1025 2542 οὐκ
1050 2479 1098 2540 ἐπὶ
1123 2485 1195 2548 ταῖς
1219 2485 1380 2556 κεφαλαῖς
1406 2481 1522 2559 espici-

332 2604 429 2662 ρουσνν
452 2583 564 2652 αὐτοὺς
589 2583 614 2645 oi
639 2582 768 2660 ἑταῖρον.
792 2583 849 2646 ubi
868 2580 1101 2646 Stallbaumius
1121 2582 1292 2648 Themistii
1312 2585 1521 2650 imitationem

332 2687 487 2752 indicavit
509 2686 596 2750 XXI.
622 2707 696 2772 pag.
724 2687 800 2750 254.
827 2707 858 2752 A.
887 2683 917 2750 ts
944 2689 1032 2764 ἡμεῖς
1057 2689 1107 2751 διὰ
1132 2687 1249 2759 ταύτην
1271 2689 1326 2762 τὴν
1347 2692 1523 2768 φαντασίαν

219 2811 220 2815 ’
333 2793 475 2870 μονονοὺκ
508 2792 558 2854 ἐπὶ
590 2799 661 2862 ταῖς
692 2798 851 2871 κεφαλαῖς
884 2791 1095 2872 περιφέρομεν.
1128 2791 1333 2858 Ostendimus
1362 2795 1404 2859 ad
1428 2797 1523 2862 Xeno

333 2898 461 2984 phontis
496 2897 703 2982 Cyropaediem
732 2897 877 2962 Platonis
899 2919 1032 2962 manum
1056 2899 1138 2962 hanc
1162 2917 1246 2964 esse:
1271 2898 1360 2975 μόνον
1386 2901 1440 2964 οὐκ
1463 2905 1522 2964 ἘΝ

332 3011 404 3074 ταῖς
428 3002 615 3074 ’ΛΓΚάλαις
641 3005 848 3082 περιφέρουσιν
874 3004 898 3068 oi
925 3003 1055 3082 ἑταῖροι,
1081 3009 1119 3067 ut
1141 3003 1255 3068 Latine
1271 3012 1390 3084 pestere
1404 3030 1523 3090 pueram

326 3110 490 3194 parvulum
520 3109 554 3170 νά
585 3108 721 3171 manitus
747 3117 779 3175 et
802 3109 835 3170 ν’νν
857 3109 928 3171 aina
947 3117 1065 3189 pestere
1088 3114 1120 3174 et
1139 3117 1255 3189 pectore
1278 3111 1312 3172 in
1335 3113 1432 3175 oculis
1455 3113 1523 3176 dioi-

338 3220 399 3279 1111.
437 3213 591 3279 libanius
623 3216 721 3278 sensit
750 3217 869 3279 vitium
902 3216 1003 3280 inesse
1026 3217 1059 3278 in
1083 3215 1132 3278 aa
1158 3223 1228 3288 ταῖς
1253 3223 1414 3295 aeduensis
1439 3223 1471 3282 et
1491 3217 1524 3280 de

334 3340 391 3385 suo
424 3319 472 3382 ἐπὶ
501 3326 560 3383 τῶν
588 3325 735 3399 κεφαλῶν
757 3320 926 3384 substituit
944 3339 1060 3400 augens
1083 3322 1182 3386 etiam
1203 3319 1340 3384 malum.
1378 3320 1523 3388 Reishins

334 3424 491 3509 explicare
523 3431 652 3490 conatus
683 3425 822 3510 perdidit
853 3443 999 3508 operam:
1034 3425 1082 3502 „si
1112 3431 1179 3510 qaia
1209 3427 1340 3510 (inquit)
1372 3432 1408 3489 ia
1436 3429 1523 3513 eapite

332 3531 407 3616 qaid
429 3537 550 3612 portet,
583 3530 619 3592 id
648 3531 682 3593 e'n
706 3537 853 3614 potestate
882 3553 938 3593 sae
968 3531 1074 3606 teta,-
1086 3553 1178 3613 penes
1201 3553 1266 3592 eum
1289 3531 1388 3594 estid
1410 3535 1523 3618 deserte

333 3659 510 3722 quocumque
537 3633 635 3698 velit.''
657 3635 740 3718 quod
763 3639 869 3720 aperte
893 3641 1021 3700 etcum
1045 3644 1159 3700 natura
1181 3637 1228 3700 rei
1252 3643 1377 3722 pugnat
1401 3647 1523 3704 etcum

332 3745 418 3806 vitae
450 3761 519 3806 usu.
557 3739 665 3805 Satius
694 3746 743 3805 eet
764 3739 898 3806 Libanio
922 3762 1016 3805 suum
1041 3761 1177 3806 errorem
1199 3741 1379 3825 ¹relinquere
1406 3766 1442 3810 ac
1463 3764 1524 3810 me·

333 3849 465 3912 minisse
496 3849 562 3910 iam
592 3845 670 3910 olim
693 3845 838 3911 Platonis
862 3845 993 3911 Codices
1016 3847 1140 3910 mendis
1164 3849 1262 3911 etiam
1286 3851 1460 3934 perineptis
1481 3853 1523 3914 in-

334 3955 481 4037 quinatos
516 3951 622 4015 fuisse.
670 3950 770 4018 Vetus
799 3950 882 4016 liber
911 3972 1056 4036 petrosus
1087 3952 1164 4017 haee
1199 3957 1327 4016 tantum
1362 3956 1520 4020 servabat:

334 4059 369 4119 Ἐ
381 4057 400 4096 ¹*
412 4065 514 4119 TAIC
527 4055 546 4094 ¹*
558 4055 578 4094 ⁴*
589 4055 609 4094 ⁴*
622 4066 770 4132 ΛΛΑΙΟ,
791 4057 874 4140 quod
894 4061 999 4122 neseio
1020 4059 1091 4141 quis
1110 4059 1258 4142 imperite
1272 4059 1413 4144 explevit
1426 4059 1520 4147 ’e(ai)

334 4171 436 4226 TAIC
460 4162 683 4247 (κεφ1ΑΛΑ1Ε
706 4181 763 4246 pro
787 4163 990 4242 'e(v)TA1c
1016 4163 1243 4248 (dyadlmitlc
1267 4165 1488 4246 περιφέρουσιν.

733 4326 839 4408 Ἄξιον
862 4345 1120 4393 1111111111111.

376 4474 527 4542 Sciebant
561 4475 640 4540 olim
673 4476 805 4544 lectores
837 4482 864 4544 si
895 4480 971 4565 qnid
1003 4483 1087 4545 inter
1115 4479 1291 4566 legendum
1324 4481 1522 4548 vehementer
