3358 5200
913 387 957 456 28

382 571 462 662 Pag.
488 571 540 641 38.
572 575 617 641 24
651 578 735 654 ὑμᾶς
767 577 842 654 άξιῶ
867 618 909 628 -
933 582 978 658 μὺ
1009 591 1206 665 παραχωρεῖν
1236 591 1291 658 τῆς
1322 580 1461 661 τάξεως,
1495 575 1534 656 ἣν

338 676 409 752 ὑμῖν
432 682 459 744 οἱ
482 681 620 760 πρόγονοι
657 683 725 770 [τῆς
756 687 880 768 άρετῆο]
910 688 995 764 μετά
1027 696 1148 754 πολλῶν
1178 689 1231 754 καὶ
1262 697 1365 754 καλῶν
1387 691 1536 755 κινδύνων

336 786 522 861 κτησάμενοι
542 789 720 854 κατέλιπον.
752 789 841 856 Haec
861 791 1029 878 aliquando
1046 797 1080 859 iu
1098 801 1226 861 vetusto
1244 794 1327 860 libro
1343 797 1388 860 sio
1408 789 1534 880 scripta

334 891 432 957 fuisse
445 896 599 978 suspicor:

1000 1009 1198 1083 παραχωρεῖν

601 1115 656 1181 τῆς
680 1105 797 1180 τάξεως
833 1099 866 1180 ἣν
903 1108 973 1183 ὑμῖν
1000 1109 1026 1171 οἱ
1057 1109 1193 1186 πρόγονοι
1240 1120 1287 1174 rte
1305 1115 1393 1177 tonse

601 1212 686 1289 μετά
712 1218 833 1276 πολλῶν
858 1213 909 1277 καθ
935 1215 1037 1277 καλῶν
1056 1213 1194 1278 κινδύνων

599 1317 786 1393 κτησάμενοι
809 1319 987 1384 κατέλιπον.

378 1419 608 1506 Interpretatus
639 1430 688 1487 est
716 1423 832 1508 aliquis
863 1426 896 1487 in
928 1445 981 1488 ora
1011 1423 1087 1488 libri
1117 1445 1197 1510 quae
1227 1433 1309 1491 esset
1333 1426 1350 1499 ἡ
1373 1424 1465 1502 τάξις
1491 1425 1529 1500 ἣν

333 1528 402 1604 ὑμῖν
427 1529 452 1590 oi
477 1527 614 1606 πρόγονοι
639 1528 823 1605 κατέλιπον,
856 1529 968 1593 deinde
997 1549 1034 1595 ea
1056 1531 1316 1596 adnotatiuncula
1338 1533 1467 1615 irrepsit
1489 1535 1527 1596 in

331 1637 466 1696 textum.
503 1633 596 1698 Nihil
618 1641 666 1699 est
690 1639 707 1711 ἡ
731 1634 820 1712 τάξις
844 1643 898 1709 τῆς
922 1637 1054 1713 άρετῆε,
1079 1641 1112 1700 et
1134 1638 1162 1700 si
1185 1639 1424 1720 quammaxime
1444 1637 1527 1702 haee

331 1741 482 1825 coniungi
504 1745 637 1824 possent,
663 1743 734 1824 quis
756 1744 837 1806 serio
860 1740 966 1806 eredat
986 1749 1043 1816 τῆς
1066 1742 1176 1819 άρετιῑς
1199 1742 1257 1808 illo
1282 1743 1351 1808 loco
1371 1745 1447 1828 poni
1466 1763 1525 1828 po-

331 1840 452 1907 tuisse?

374 2083 454 2172 Peg.
469 2084 522 2151 42.
538 2085 608 2152 δάν
625 2085 734 2160 ἕκαςος
748 2126 791 2136 -
805 2090 886 2165 ὑμῶν
900 2125 940 2136 -
956 2093 1062 2153 πάσαν
1075 2089 1170 2171 ὑφεὶς
1193 2090 1248 2162 τὴν
1271 2089 1419 2169 εἰρωνείαν
1444 2085 1522 2155 ἕτοι-

327 2215 384 2269 μος
408 2191 527 2272 ὑπάρξῃ
551 2191 564 2254 ὑ
589 2192 646 2266 μὲν
667 2192 811 2274 χρήματ’
837 2191 916 2272 ἔχων
942 2195 1108 2274 stupeno,
1133 2193 1147 2257 d
1173 2197 1199 2260 δ’
1213 2196 1243 2259 έν
1262 2196 1365 2278 ἡλικίᾳ
1389 2197 1521 2275 ςρατεύ·

327 2300 470 2362 εσθαι-
488 2299 530 2362 τά
551 2299 670 2378 ὑμέτερ’
691 2300 791 2362 αὐτῶν
816 2301 975 2374 κομιεῖσθε.
1009 2299 1098 2365 Haeo
1117 2303 1247 2386 antiqua
1268 2307 1300 2366 et
1322 2323 1398 2366 veru
1420 2301 1520 2369 lectio

327 2409 392 2480 est,
414 2423 510 2486 quam
528 2406 563 2466 in
582 2406 697 2468 nostris
720 2403 810 2468 libris
833 2407 933 2490 inepti
956 2407 1096 2471 hominis
1115 2407 1370 2473 additamentum
1381 2407 1520 2494 impedi-

327 2513 394 2572 tam
431 2515 463 2572 et
496 2508 665 2573 molestam
700 2509 846 2574 reddidit.
894 2510 1009 2576 Editur
1039 2513 1124 2577 enim
1149 2509 1266 2589 ἕτοιμος
1293 2521 1518 2578 ΠΡΑΤΤΕΙΝ

327 2614 457 2695 ὑπάρξῃ.
505 2612 592 2692 Quae
616 2619 663 2678 est
683 2617 769 2679 enim
792 2617 926 2680 istorum
950 2617 1107 2694 socordia,
1131 2638 1193 2682 non
1216 2618 1298 2683 vidit
1320 2619 1416 2684 homo
1439 2615 1519 2684 ἕτοι-

326 2745 383 2799 μος
409 2757 451 2768 -
476 2719 626 2799 εἰσφέρειν
650 2758 692 2768 -
717 2722 918 2799 πιστεύεσθαι
950 2725 1118 2787 coniuncta
1148 2743 1215 2788 esse
1242 2729 1275 2788 et
1297 2727 1442 2808 opinatus
1466 2733 1519 2790 est

326 2828 360 2890 in
382 2823 501 2903 ἕτοιμος
532 2823 651 2906 ὑπάρξρ
673 2825 870 2892 infinitivum
900 2827 1040 2912 aliquem
1064 2829 1172 2908 opeadi
1195 2827 1335 2914 suppleri
1359 2837 1516 2916 oportere.

372 3067 462 3147 Quod
478 3087 596 3154 magna
609 3069 642 3132 vi
655 3072 686 3131 et
698 3069 871 3132 acrimonia
881 3067 1052 3133 vehemens
1063 3073 1167 3132 orator
1178 3068 1300 3134 dixerat
1311 3091 1385 3158 pag.
1398 3069 1455 3137 48.
1469 3070 1515 3138 17

324 3173 440 3239 soiolus
462 3176 569 3259 inepto
601 3172 816 3237 additamento
840 3172 1021 3238 debilitavit
1044 3181 1076 3239 et
1099 3174 1207 3260 fregit.
1253 3174 1402 3242 Dixerat:
1426 3175 1452 3242 a
1473 3177 1515 3244 aa

325 3281 397 3356 ὑμῖν
428 3277 540 3361 άρέσκχ
570 3279 803 3357 χειροτονήσατε
835 3276 885 3341 ἵνα
916 3282 959 3354 μὴ
990 3287 1151 3343 MONON
1183 3282 1213 3343 ἐν
1235 3292 1299 3352 τοῖς
1322 3284 1513 3364 ψηφίσμασι

323 3387 376 3450 καὶ
400 3393 472 3454 ταῖς
501 3384 660 3455 έπιςολαῑς
690 3393 848 3460 πολεμῆτε
873 3386 1028 3465 Φιλίππῳ.
1077 3382 1226 3472 Corrupit
1249 3389 1356 3452 omnia
1379 3391 1434 3472 qui
1457 3388 1515 3453 fri-

322 3491 489 3578 gidissime
512 3489 651 3554 addidit:
676 3491 764 3554 άλλά
787 3489 923 3562 καὶτοῖς
946 3490 1054 3570 ἔργοις.

366 3731 446 3819 Peg.
473 3731 525 3797 49.
552 3732 573 3798 2
595 3731 825 3798 Demosthenes
854 3737 1022 3817 postquam
1047 3733 1171 3798 civibus
1194 3735 1295 3798 suasit
1317 3740 1355 3799 ut
1378 3735 1515 3800 classem

322 3843 354 3902 et
383 3840 488 3922 oopias
522 3842 740 3922 compararent
770 3857 849 3920 quae
880 3844 983 3902 essent
1013 3843 1165 3923 perpetuo
1194 3841 1229 3902 in
1260 3842 1358 3904 armis
1388 3846 1419 3904 et
1441 3843 1515 3906 sine

321 3941 389 4007 ulla
418 3945 653 4007 intermissione
684 3942 725 4006 ad
753 3941 875 4006 bellum
904 3964 979 4006 oum
1009 3943 1160 4029 Philippo
1187 3945 1362 4031 gerendum
1386 3952 1514 4031 praesto

321 4048 423 4112 forent
446 4053 479 4112 et
508 4047 713 4112 Macedoniae
746 4067 869 4132 semper
901 4047 1033 4113 infestae
1063 4052 1287 4128 imminerent,
1316 4052 1365 4114 ita
1386 4054 1513 4138 pergit:

322 4151 456 4233 ὑπάρχει
493 4153 518 4216 δ’
543 4155 613 4231 ὑμῖν
649 4154 803 4232 χειμαδίῳ
836 4153 893 4230 μὲν
923 4155 1058 4234 χρῆσθαι
1087 4163 1125 4235 τῇ
1158 4153 1285 4231 δυνάμει
1317 4157 1431 4234 Λήμνῳ
1455 4158 1513 4221 καὶ

323 4257 416 4338 Θάσῳ
440 4259 493 4321 καὶ
518 4258 638 4338 Σκιάθῳ
663 4260 714 4322 καὶ
738 4265 810 4330 ταῖς
835 4258 985 4338 ἐντούτῳ
1009 4260 1051 4338 τῷ
1075 4259 1157 4339 τύπῳ
1181 4261 1295 4337 νάσοις,
1326 4263 1355 4324 ἐν
1380 4257 1430 4332 αἷς
1456 4263 1512 4328 καὶ

320 4363 443 4441 λιμένες
475 4363 527 4428 καθ
560 4372 642 4435 σῖτος
673 4365 725 4428 καὶ
748 4357 770 4428 ὑ
793 4367 854 4444 χρὴ
884 4364 1076 4442 ςρατεύματι
1107 4364 1196 4429 πάνθ’
1228 4365 1381 4445 ὑπάρχει·
1405 4369 1460 4440 τὴν
1482 4369 1512 4432 δ’

321 4467 397 4549 ύραν
421 4473 474 4533 τοὺ
498 4465 602 4546 έτους,
635 4465 685 4533 ὑτε
718 4469 770 4533 καὶ
801 4469 873 4549 πρὸς
896 4480 934 4551 τῇ
959 4479 1001 4551 νῇ
1025 4470 1168 4548 γενέσθαι
1192 4472 1288 4555 ῥᾴδιον
1312 4473 1363 4536 καὶ
1390 4475 1426 4538 τὸ
1450 4481 1512 4539 τῶν
