3410 5180
894 293 960 369 472

326 481 479 563 τοσαύτην
503 487 595 568 ῖσχὺν
620 484 703 568 ἔχει,
729 485 805 563 ἦπου
827 487 898 554 πθπε
924 488 1077 570 ὑπερφυές
1101 513 1130 554 τι
1155 489 1206 554 καὶ
1232 490 1323 556 δεινδν
1346 498 1459 571 χρῖμα
1481 483 1520 564 ἦν

326 589 378 656 ἕπῖ
403 595 461 658 πῶν
485 593 596 659 εἰιεθνον
620 592 730 672 λόγων.
755 615 812 660 nec
834 597 943 660 minus
964 598 1093 684 egregie
1115 598 1149 661 in
1170 598 1302 662 eandem
1323 598 1517 663 sententiam

323 717 399 786 pag.
436 699 533 765 1118.
560 701 640 776 αὐτη
661 701 725 781 γὰρ
750 703 766 775 ἦ
790 700 872 776 λέξις
894 700 1029 767 διδοθσκει
1054 703 1124 774 τοὺς
1150 700 1280 782 ἔχοντας
1302 706 1410 783 ψυχὴν
1433 703 1520 767 eost-

344 828 413 879 ητον
436 806 505 883 μεθ’
529 805 595 878 οῖας
614 815 669 882 πῆς
694 807 875 888 ὑποκρίσεως
896 807 1074 888 ἐκφέρεσθαι
1096 808 1211 886 δεήσει,
1233 815 1265 874 et
1285 808 1392 875 allatis
1411 829 1521 874 exem·

327 909 390 994 plis
413 911 571 977 exclamat
593 933 666 1000 pag.
688 911 786 978 1121.
811 917 916 978 ταῦτα
937 917 968 978 οὐ
989 915 1139 997 κοπαβορῑ
1162 913 1238 1003 (leg.
1260 917 1312 980 οὑκ
1334 915 1418 980 αὐτοὶ
1438 913 1518 1000 βοᾷ)

327 1023 389 1088 πῶς
420 1018 505 1083 αὐτοὶ
536 1017 584 1082 δεῖ
610 1019 756 1095 λέγεσθαι
790 1017 878 1095 μόνον
901 1021 934 1084 οι)
959 1021 1061 1100 φωνην
1084 1019 1237 1098 οέφιέντας
1262 1025 1294 1085 et
1316 1020 1518 1085 inflammato

326 1124 434 1189 animo
452 1122 560 1190 locum
580 1123 631 1189 his
654 1125 760 1190 verbis
784 1124 963 1190 concludit:
988 1127 1041 1190 οὖν
1064 1123 1157 1192 ἔνεςιν
1178 1124 1296 1203 ἀλόγου
1315 1123 1388 1208 ζῴον
1408 1126 1520 1204 ψυχὴν

326 1225 461 1308 ἔχοντα,
486 1233 609 1306 μᾶλλον
628 1229 660 1294 δὲ
679 1229 762 1294 λίθον
783 1229 878 1310 Φύσιν
898 1230 1007 1309 νωθρθιν
1029 1230 1210 1304 ιθναῖσθητον
1230 1231 1371 1306 οῖκθνηπον
1390 1232 1518 1314 ιῖποοθῆ,

326 1335 381 1409 την
423 1335 631 1412 Δημοσθένους
671 1333 873 1416 προφέρεσθαι
906 1333 1000 1412 λέξιν.
1060 1334 1113 1401 Sic
1146 1337 1248 1424 igitur
1282 1335 1435 1424 legendus
1469 1341 1521 1400 est

325 1439 555 1506 Demosthenes
587 1435 649 1512 θςις
674 1438 741 1522 ἔχει
766 1441 873 1520 ψυχὴν
899 1440 1052 1514 εὐκίνητον
1075 1447 1108 1506 et
1131 1461 1225 1526 quam
1249 1443 1319 1506 vim
1343 1442 1378 1506 id
1399 1441 1519 1506 habeat

325 1545 364 1610 ad
386 1547 571 1611 interiorem
594 1544 735 1612 Oratoris
757 1545 1008 1634 intelligentiam
1032 1549 1103 1632 quis
1125 1566 1188 1612 non
1210 1543 1317 1612 videti

370 1650 543 1737 Postquam
565 1652 643 1718 haec
661 1651 836 1738 Dionysius
856 1653 982 1737 scripsit
1006 1652 1211 1740 undeviginti
1234 1650 1360 1718 saecula
1379 1656 1519 1738 praeter·

325 1758 449 1842 ierunt,
480 1763 512 1822 et
543 1763 651 1822 tamen
681 1759 759 1826 haec
788 1757 892 1823 veluti
922 1759 957 1821 in
978 1763 1085 1824 nostra
1107 1763 1252 1842 tempora
1275 1759 1392 1843 scripta
1416 1757 1518 1823 admi-

326 1863 462 1928 rabundi
484 1862 634 1952 legimus.

371 2070 450 2159 Peg.
485 2070 562 2137 138.
594 2070 649 2138 27.
681 2072 714 2136 οὐ
738 2073 799 2148 μην
822 2071 897 2134 ἀλλ’
920 2069 988 2150 ἔχει
1012 2069 1081 2134 πινῖι
1107 2070 1275 2151 πρθφασιν.
1323 2069 1450 2137 Revoca
1475 2092 1519 2137 ex

326 2179 475 2243 omnibus
496 2177 589 2243 libris
609 2183 733 2264 praeter
755 2197 859 2243 unum
882 2175 905 2241 S
928 2175 997 2258 ἔχει
1020 2185 1073 2241 re
1094 2199 1174 2241 τινα.
1221 2175 1322 2262 Saepe
1344 2178 1413 2243 vidi
1434 2180 1470 2242 in
1493 2176 1518 2242 S

325 2285 537 2348 necessarium
569 2307 608 2361 γε
640 2285 745 2350 nescio
777 2281 935 2368 quomodo
964 2281 1173 2347 intercidisse.
1221 2281 1268 2346 lix
1299 2281 1413 2348 multis
1437 2281 1518 2348 locis

324 2388 476 2473 pauculos
498 2389 655 2454 indicabo.
701 2387 774 2453 Vid.
798 2408 871 2475 pag.
896 2385 972 2452 602.
996 2385 1060 2472 26,
1085 2385 1161 2452 606.
1187 2385 1226 2471 6,
1251 2386 1327 2452 613.
1354 2387 1411 2465 10,
1437 2387 1517 2454 685.

324 2490 379 2558 27.
438 2493 523 2559 Satis
559 2500 668 2560 autem
706 2496 790 2558 inter
820 2513 930 2558 omnes
959 2499 1081 2559 constet
1113 2493 1213 2558 καίτοι
1247 2531 1266 2544 -
1279 2518 1339 2571 γε,
1373 2495 1426 2558 καὶ
1454 2497 1519 2572 μὴν

326 2624 415 2678 -γε,
448 2601 481 2665 ct
506 2602 567 2677 μην
600 2623 688 2677 -γε,
720 2599 796 2663 ἀλλ’
828 2593 876 2662 οὖν
908 2622 980 2676 -γε
1011 2605 1190 2665 constanter
1220 2599 1284 2665 dici
1314 2599 1441 2689 solere‚]
1461 2601 1518 2666 sed

325 2707 449 2790 saepius
472 2705 506 2769 in
528 2704 619 2770 libris
643 2729 682 2783 γε
706 2709 762 2769 aut
784 2708 1001 2791 transponitur
1023 2710 1079 2770 aut
1102 2704 1196 2789 plane
1219 2707 1389 2771 omittitur.

371 2913 452 3001 Pag.
488 2913 564 2980 142.
591 2911 623 2979 9.
647 2915 715 2986 τοὺς
740 2913 797 2991 μὲν
819 2912 916 2979 τοίνυν
940 2910 1082 2993 εὐπόρους
1107 2914 1172 2978 -cri
1196 2912 1285 2990 μθνον
1311 2915 1447 2993 ἡγοῦμαι
1471 2916 1518 2980 τὰ

325 3017 431 3084 δι’κοιια
463 3028 557 3084 ποιεῖν
589 3017 672 3104 [ῖον],
706 3018 795 3083 ἄλλα
826 3018 879 3083 καὶ
904 3017 946 3084 ποῖ
971 3025 1128 3091 λυσιτελῆ.
1175 3017 1329 3084 Voculam
1353 3019 1391 3084 θν
1411 3020 1518 3088 alieno

325 3123 394 3191 loco
416 3128 553 3211 positam
578 3123 601 3191 S
624 3128 758 3192 omittit.
807 3125 951 3192 Emenda
973 3125 1014 3190 τὰ
1038 3124 1130 3191 δίκαι’
1150 3123 1227 3191 ”AN
1252 3135 1357 3193 ποιεῖν.
1393 3125 1518 3192 Scribe-

323 3231 418 3296 batur
443 3219 818 3298 TAMKAIXIIOIGIN.
866 3231 966 3317 Saepe
999 3229 1037 3296 ἄν
1068 3231 1205 3316 excidit,
1237 3253 1329 3318 saepe
1357 3251 1517 3298 acorree

323 3341 391 3403 tore
422 3359 439 3404 e
469 3339 548 3424 suga
575 3337 769 3416 retrahitur,
803 3338 858 3403 scd
887 3338 1040 3423 recipitur
1069 3337 1134 3401 fere
1163 3338 1198 3400 in
1229 3337 1367 3403 alienam
1395 3338 1516 3402 sedem.

322 3441 401 3530 Peg.
429 3439 502 3508 136.
529 3443 581 3508 11.
604 3443 752 3508 inlibris
775 3447 840 3508 est:
866 3443 920 3508 οὐκ
943 3440 1176 3522 οῖνηρπασροθνος
1196 3440 1234 3506 ἂν
1251 3439 1295 3536 ,ἦν
1322 3442 1336 3506 6
1365 3441 1515 3523 wdetun

322 3547 421 3615 Recte
451 3547 490 3614 S:
524 3549 576 3614 οὐκ
608 3547 646 3613 ῖιι
675 3548 906 3628 ἀνηρπασμένος
932 3546 978 3626 ἦν,
1004 3569 1080 3615 nem
1103 3548 1157 3612 οὐκ
1180 3548 1328 3614 voculam
1352 3547 1391 3613 θν
1414 3549 1518 3614 trahit

323 3655 363 3720 ad
391 3676 467 3721 sese.
513 3655 593 3743 Peg.
629 3652 704 3719 130.
741 3651 794 3719 16.
826 3653 927 3732 οῖομαι
959 3655 1011 3720 καὶ
1037 3659 1088 3719 νῦν
1111 3652 1157 3718 ἔτι
1181 3655 1416 3735 ἐπανορθωθῆναι
1442 3653 1511 3742 [ἂν]

321 3759 364 3824 τοὶ
389 3760 580 3841 πράγματα.
626 3759 704 3848 Leg.
730 3759 802 3826 κᾶν
826 3766 878 3827 νῦν
903 3759 946 3827 ἔσο
971 3759 1142 3846 deletoeq.
1170 3758 1217 3825 ἄν.
1245 3807 1247 3810 -

366 3969 446 4060 Pag.
472 3969 546 4037 362.
573 3967 627 4036 23.
653 3977 716 4044 πῶς
741 3971 804 4051 γὰρ
828 3972 888 4051 οὐχ
911 3965 989 4035 οὗτοι
1015 3973 1141 4036 τοιοῦτοι
1165 3968 1288 4043 διιιαθοις
1308 3970 1514 4051 ὑποληφθεῖεν

322 4075 378 4163 θν;
402 4075 547 4163 Repons:
573 4083 635 4149 πῶς
659 4076 723 4157 γὰρ
748 4077 786 4143 tv
812 4115 853 4126 —
880 4076 1101 4161 6ποιιηφθεῖεν;
1125 4097 1201 4142 nam
1224 4075 1287 4155 γθρ
1311 4097 1434 4163 quoque
1457 4097 1516 4142 vo·

319 4183 410 4250 culae
440 4183 478 4249 οῖν
509 4189 557 4249 eet
587 4179 781 4266 ε’φελκπικθν.
828 4181 949 4247 Eadem
984 4187 1033 4247 est
1065 4184 1146 4248 ratio
1181 4184 1215 4246 in
1250 4181 1310 4248 κῖιν
1344 4181 1410 4270 (καὶ
1444 4179 1514 4268 ἄν),

320 4289 403 4375 quod
434 4310 525 4375 saepe
554 4292 663 4356 vitiari
695 4289 792 4366 solet,
826 4294 863 4352 ut
892 4308 966 4374 pag.
1002 4283 1080 4352 593.
1114 4287 1167 4353 10.
1201 4284 1223 4354 ἃ
1256 4288 1309 4354 καὶ
1340 4287 1444 4367 λέγειν
1474 4289 1515 4354 ῖιν

319 4394 452 4469 θκνιθσειέ
475 4419 543 4474 τις,
568 4417 624 4482 pro
647 4393 670 4460 ἃ
694 4395 753 4462 κᾶν
775 4393 880 4474 λέγειν
904 4392 1039 4469 θιινησειθ
1063 4417 1121 4466 τις.
