3208 5158
680 375 745 446 286

126 588 184 638 non
206 567 350 647 cedebat,
375 579 413 635 ut
436 575 497 633 ιιιοι
519 568 648 653 quidem
667 567 767 656 vulgo
788 570 1008 654 opinabantur.
1042 569 1079 634 In
1099 569 1306 656 simplicitate

125 680 253 762 antiqua
274 679 344 762 quis
368 674 495 740 tandem
519 676 553 739 in
577 673 635 740 tuli
657 695 691 739 re
715 672 915 741 offendisset?

167 783 275 848 Unum
298 803 336 847 ex
360 779 459 846 Iliade
482 779 587 846 locum
612 780 737 845 addam.
784 780 919 868 Legitur
941 789 981 846 Τ.
1008 778 1085 846 318.

258 887 399 963 κρείσσων
425 881 466 956 είς
492 885 595 963 ἐμέθεν
620 886 672 950 καί
698 885 840 964 Φέρτερος
864 888 918 952 οὐκ
941 887 1045 964 ίλίγον
1070 910 1127 965 περ

257 993 366 1072 ἔγχει,
392 993 452 1072 ἐγὼ
475 990 508 1056 δέ
532 1015 566 1056 κε
591 999 653 1056 σεῖο
677 992 810 1068 νοήματί
833 1017 872 1069 γε
896 993 1111 1072 προβαλοίμην

257 1096 388 1172 πολλάν,
411 1097 478 1162 έπεί
502 1097 641 1177 τρίτερος
665 1097 800 1173 γενίμιρν
821 1099 874 1163 καί
899 1099 1026 1164 πλείονα
1052 1093 1133 1162 οἶδα.

122 1202 253 1269 laudans
271 1204 357 1269 hunc
376 1223 506 1268 versum
525 1202 680 1268 Aristides
700 1203 768 1281 περί
789 1207 842 1268 τοῦ
863 1203 1139 1284 repensemus
1160 1200 1252 1266 Tom.
1265 1199 1306 1265 II.

122 1329 195 1397 pag.
227 1307 302 1375 499.
327 1308 421 1375 Dind.
447 1309 550 1375 addit:
575 1310 600 1374 σί
626 1313 744 1387 Φαΐιλοι
770 1316 827 1374 τῶν
851 1312 1082 1388 γραμματιςιῐν
1104 1306 1306 1384 λυμαίνονται

123 1418 163 1494 τῷ
194 1413 279 1488 έπει.
310 1407 337 1480 oi
364 1416 398 1480 τὸ
431 1421 617 1482 ΠΟΛΛΟΝ
642 1415 826 1480 ἀπολύουσιν
849 1418 911 1480 οίπὸ
936 1421 989 1482 τοῦ
1013 1415 1172 1493 προτέρου.
1196 1411 1308 1490 ἄγουσι

123 1521 148 1584 δ’
178 1521 229 1585 έπί
261 1521 304 1586 τοὶ
332 1519 421 1599 ἑξῆς,
445 1517 482 1584 ὦν
507 1522 630 1596 ἡγεῖται
655 1523 739 1585 κατὰ
762 1527 815 1593 τίιν
840 1527 893 1588 τοῦ
919 1520 1008 1594 έπουο
1031 1521 1142 1599 οίρχιίν.
1189 1517 1310 1584 Eadem

122 1647 169 1692 ree
199 1626 314 1692 multis
341 1641 609 1694 commemoratur
640 1630 674 1692 in
705 1625 860 1693 Scholiie:
884 1628 1046 1705 θαυμασία
1069 1627 1122 1691 καί
1147 1625 1308 1702 διαβάντος

122 1734 139 1804 ai
161 1734 263 1810 ςιγμίι
288 1735 305 1807 d
330 1735 372 1803 είς
396 1735 432 1798 τὸ
454 1733 744 1810 προβαλοίμην
768 1735 821 1797 καί
841 1733 1034 1815 ἀναφέρεται
1055 1736 1097 1804 είς
1117 1731 1309 1811 Ἀριτοκλ-έοι.

122 1836 202 1918 Quid
223 1839 353 1905 tandein
376 1841 536 1924 permovit
559 1837 751 1904 Aristoclem
774 1848 812 1905 nt
835 1847 901 1905 tam
922 1845 1063 1906 coactam
1083 1845 1115 1904 et
1134 1843 1310 1905 contortam

120 1945 289 2010 verborum
301 1947 563 2029 compositionem
575 1944 713 2011 naturali
727 1966 763 2011 ac
775 1945 917 2032 simplici
934 1948 1152 2031 anteponeret?
1187 1943 1311 2028 Nempe

120 2051 324 2117 ’Aneenec
355 2049 438 2115 δοκεῖ
466 2051 550 2130 αὐτῷ
575 2051 609 2114 τὸ
643 2050 774 2116 πολλί
783 2076 797 2116 ν
832 2060 895 2124 τοῖς
924 2050 1100 2129 ἡγουμένοις
1124 2053 1310 2126 συνάπτειν,

120 2163 304 2241 poteratque
334 2175 371 2222 ee
397 2177 446 2220 res
470 2155 590 2221 Achilli
613 2155 778 2241 displicere
803 2166 859 2223 sut
881 2156 983 2223 bilem
1008 2175 1146 2222 movere.
1196 2151 1310 2220 Grem-

120 2264 311 2328 maticerum
331 2245 539 2327 deliramenta
555 2262 633 2326 haec
651 2267 726 2327 sunt
742 2283 779 2328 eo
800 2266 942 2348 turpiora
961 2282 1024 2347 quo
1043 2261 1189 2348 pluribus
1205 2280 1311 2326 exem·

120 2366 181 2452 plis
198 2368 364 2434 constabat
381 2369 450 2438 rote
473 2367 569 2444 ίίρυας
588 2369 622 2432 in
641 2377 742 2434 semet
762 2371 840 2454 ipsis
858 2369 1025 2436 laedendis
1039 2375 1188 2432 naturam
1199 2369 1305 2456 magis

120 2481 242 2539 secutos
263 2494 359 2558 quam
383 2471 550 2539 artificiose
573 2473 758 2540 simulatam
781 2474 981 2541 modestiam.

163 2577 314 2645 Scholion
344 2579 384 2646 ad
416 2578 529 2667 Odyss.
561 2589 597 2645 Γ.
633 2578 711 2646 867.
742 2583 789 2646 ita
819 2579 1095 2647 constituendum:
1129 2580 1232 2660 χρεῖός
1257 2602 1307 2656 μοι

118 2685 290 2760 ὀφέλλεται
312 2685 378 2750 οὔτι
401 2683 463 2750 νέον
486 2709 525 2764 γε
549 2686 609 2751 οὐδ’
633 2685 753 2762 ίλίγον;
778 2693 962 2752 AlCXPON
988 2687 1050 2766 γίιρ
1073 2686 1108 2750 τί
1132 2687 1229 2752 δοκεῖν
1252 2685 1304 2750 διὰ

119 2789 227 2872 βραχὺ
260 2791 401 2871 ίιργιίριον
432 2791 712 2863 ἀπαλλάττεσθαι,
735 2795 859 2858 mirum
881 2794 916 2857 ui
940 2794 1109 2873 ἀργυρίδιον
1133 2794 1294 2878 scripserit

118 2904 153 2961 ut
175 2903 225 2963 est
248 2905 316 2962 tota
337 2897 612 2963 observetinncula
633 2897 761 2971 εὐτελὴς
786 2899 838 2962 καί
864 2898 1030 2976 νευτερικιί.

163 3001 277 3090 Odyss.
312 3012 348 3068 H.
381 3001 459 3068 238.
492 3005 539 3075 τίς
563 3025 609 3067 τοι
633 3004 710 3068 τοίὸε
734 3001 842 3078 εἵματ’
865 3003 991 3078 stenen
1018 3007 1205 3070 annotatur:
1232 3002 1315 3080 δοκεῖ

120 3110 180 3174 τισί
212 3108 490 3189 μικροπρεπὲς
523 3109 575 3174 καί
607 3109 802 3175 ταπεινὸν
832 3111 867 3175 τὸ
900 3112 955 3185 τίρν
986 3113 1117 3190 ’Λριίτιρο
1148 3110 1236 3190 παρὰ
1259 3112 1312 3176 τοῦ

120 3214 204 3294 ξένου
228 3222 343 3297 πρῶτον
367 3215 434 3293 περί
458 3223 514 3288 τῆς
540 3216 662 3290 έσίῆτοσ
688 3217 903 3280 πυνίοίνεσίαι.

165 3320 252 3402 Quid
283 3329 392 3388 eontra
421 3327 553 3388 naturae
585 3325 811 3411 congruentius
835 3339 898 3398 cst,
924 3322 1001 3407 quid
1024 3326 1243 3386 matronarum
1266 3322 1311 3384 in·

123 3431 217 3514 genio
241 3426 500 3494 convenientius?
533 3427 658 3516 Regina
683 3431 823 3516 Aegypti
846 3433 878 3493 et
901 3426 1068 3514 opulentae
1087 3425 1313 3491 Alexandrino·

122 3555 194 3602 rum
217 3557 331 3604 uxores
353 3537 432 3603 talia
449 3557 512 3603 non
531 3537 700 3603 curabant:
721 3535 814 3602 facile
836 3534 945 3609 credo,
967 3533 1022 3600 sed
1041 3533 1118 3619 quid
1137 3533 1177 3598 ad
1194 3531 1314 3597 Home·

123 3639 215 3707 rum?
261 3642 475 3724 Μικροπρεπές
518 3651 551 3709 et
592 3642 736 3708 ταπεινόν
782 3639 938 3709 vocabula
978 3645 1054 3706 sunt
1096 3640 1312 3726 arrogantium

124 3747 314 3815 aulicorum.

168 3853 283 3942 Odyss.
310 3861 348 3920 Η.
374 3853 451 3922 311.

238 3961 265 4024 εί
290 3961 368 4042 γοίρ,
394 3967 454 4026 Ζεῦ
478 3984 514 4025 τε
538 3959 638 4041 τοίπερ
662 3961 715 4026 καί
741 3960 887 4035 Ἀίιρναίιρ
912 3958 964 4024 καί
984 3962 1159 4030 Ἄπολλον,

239 4073 317 4138 τοίοε
342 4068 396 4131 tto
418 4062 476 4138 οίίς
500 4067 583 4142 ἐσσι,
608 4068 651 4132 τοί
674 4091 710 4132 τε
733 4068 863 4146 Φρονέων
887 4067 925 4135 τίς
945 4064 1006 4142 ε’γώ
1029 4087 1100 4142 περ.

240 4173 345 4238 παῖδα
368 4175 397 4236 τ’
422 4174 496 4249 έμίιν
520 4171 634 4251 ἐχέμεν
659 4173 710 4236 καί
735 4175 807 4248 έμὸς
831 4171 977 4248 γαμβρὸς
1002 4169 1180 4235 καλέεσθαι.

128 4280 195 4348 τοὺς
228 4274 264 4355 ss
295 4277 502 4362 (tlt-³16)
533 4281 717 4357 Ἀρίςαρχος
749 4277 866 4358 διετίζει
892 4277 1026 4354 Ὀμήρου
1049 4271 1136 4340 εἶναι.
1162 4275 1187 4339 εί
1209 4272 1240 4338 δέ
1263 4273 1314 4339 καί

129 4386 287 4464 Ὁμηρικοὶ
320 4386 366 4473 (id
396 4391 444 4451 est
475 4385 591 4449 οίίσιιιοί
612 4385 719 4471 formo
742 4391 771 4448 σέ
794 4382 890 4448 verbio
911 4382 1020 4446 ειόιίίίο
1041 4388 1111 4446 ναοί
1134 4381 1312 4460 Homericis,

130 4496 246 4562 άίοιιιοι·
275 4515 411 4560 corum
441 4491 663 4558 Ηοιιιοοίοοπιιιιν
690 4490 812 4575 metim
834 4490 985 4578 referant)
1009 4489 1132 4561 είκίτυο
1155 4487 1207 4573 (ίιν
1230 4487 1315 4576 add.)
