3358 5200
924 391 959 445 tr

348 595 411 663 hu'c
443 596 507 661 lere
537 614 591 661 ms
621 614 659 661 aa
681 615 752 682 spes
774 595 888 662 fefellit
911 599 1008 663 etiam
1032 599 1066 663 in
1088 599 1146 682 iis,
1169 618 1247 684 quos
1270 618 1397 664 mecum
1421 599 1538 664 sentire

349 721 427 786 satis
457 717 606 784 sciebam.
653 715 764 804 ltaque
795 718 899 784 adhuc
930 721 1047 805 scripta
1077 719 1301 786 Demosthenis
1332 723 1365 786 et
1395 719 1540 784 Platonis

350 840 483 907 trahunt
512 860 634 913 secum.
663 843 701 904 ut
724 844 833 918 autea,
857 843 1022 928 ingentem
1045 843 1225 927 ineptarum
1246 839 1421 907 lectionum
1444 839 1540 906 farra-

349 965 479 1052 ginem,
509 983 590 1048 quae
611 959 739 1027 nullum
762 983 858 1028 usum
880 961 999 1028 habent
1021 969 1078 1029 aut
1101 984 1242 1049 unquam
1265 963 1431 1029 habiturae
1454 965 1538 1027 sunt.

347 1083 439 1167 Quod
470 1085 498 1150 si
529 1104 623 1150 nemo
653 1081 802 1149 inducere
832 1085 866 1148 in
900 1085 1046 1148 animum
1075 1086 1192 1170 poterit
1222 1081 1391 1150 Platonem
1410 1104 1450 1148 ex
1472 1080 1539 1147 solo

348 1203 521 1272 Bodleiano
552 1209 585 1271 et
614 1203 759 1269 Parisino
790 1205 836 1282 A,
860 1203 1109 1271 Demosthenem
1133 1225 1172 1270 ex
1195 1202 1262 1270 salo
1285 1203 1430 1269 Parisino
1454 1201 1477 1268 S
1499 1202 1541 1268 ad

348 1325 521 1392 aditionem
550 1345 679 1412 parare.
712 1327 863 1390 assumtis
892 1346 931 1391 ex
953 1323 1076 1412 reliqua
1099 1321 1254 1392 Codicum
1278 1321 1471 1410 supellectili
1499 1323 1540 1387 iis

349 1453 476 1514 tantum
504 1446 712 1524 lectionibus,
745 1466 826 1531 quas
856 1451 913 1512 aut
934 1467 1028 1512 verae
1050 1449 1116 1512 sint
1137 1451 1194 1512 aut
1216 1445 1358 1531 aliquam
1380 1445 1450 1510 veri
1471 1463 1540 1529 spe·

349 1572 432 1636 ciem
461 1569 649 1656 praebeant,
683 1568 710 1632 si
738 1565 791 1643 id,
814 1568 964 1652 inquam,
988 1587 1082 1634 nemo
1103 1568 1205 1634 facere
1228 1565 1415 1642 sustinebit,
1440 1566 1539 1630 ctiam

348 1692 394 1756 sic
425 1710 501 1756 cum
530 1685 745 1754 celeberrimis
774 1687 980 1772 scriptoribus
1009 1687 1168 1773 praeclare
1198 1692 1306 1753 actum
1331 1688 1392 1752 erit
1415 1687 1443 1752 si
1465 1683 1540 1752 reli-

349 1830 485 1898 quorum
517 1810 663 1876 omnium
694 1803 850 1874 Codicum
882 1809 1055 1894 scripturas
1085 1809 1292 1886 abiicientur,
1323 1831 1399 1894 quoe
1422 1808 1540 1894 quidm

349 1932 510 2018 manifesto
531 1930 642 2016 salsae
671 1935 699 1994 es
729 1929 877 1996 ebrardus
906 1928 975 1994 aas.
1032 1929 1142 1995 Facito
1165 1929 1248 1994 mihi
1272 1931 1398 1996 iuvenis
1423 1928 1540 2014 aliquis

349 2033 462 2122 acutus
493 2055 525 2118 et
555 2052 738 2138 ingeniosus
758 2048 813 2115 vel
835 2051 870 2115 in
892 2048 1026 2116 Platone
1050 2049 1103 2116 vel
1124 2053 1158 2115 in
1181 2049 1393 2118 Demosthene
1415 2051 1540 2136 pericu·

348 2174 436 2240 lum:
467 2171 591 2241 ridebit
618 2172 664 2236 sic
686 2168 951 2235 innumerabilem
972 2172 1169 2236 vadantium
1191 2169 1364 2237 lectionum
1388 2171 1540 2237 multitu-

349 2295 457 2361 dinem
486 2299 653 2378 tamquam
684 2291 827 2356 tenebras
858 2289 923 2357 sole
945 2297 1054 2357 exorto
1077 2294 1226 2358 continuo
1249 2292 1373 2380 fugari,
1396 2313 1454 2359 nec
1476 2295 1539 2358 nisi

348 2418 557 2502 paucissimas
580 2412 732 2499 quasdem
755 2432 934 2491 remanere,
959 2432 1095 2498 quarum
1119 2413 1200 2479 bona
1222 2433 1295 2499 pars
1313 2434 1348 2480 re
1368 2413 1539 2501 diligenter
1635 2453 1636 2456 =

348 2537 545 2610 mnaseas
574 2539 607 2601 et
636 2537 707 2620 ipsa
735 2531 860 2600 inutilis
894 2554 964 2607 essa
996 2539 1158 2622 arguetur.
1212 2535 1364 2605 Primum
1392 2537 1537 2608 emnium
1635 2525 1636 2530 ’

347 2657 588 2746 repudiabimus
619 2674 739 2722 errores
767 2674 877 2720 omnes
899 2655 1167 2742 orthographioos.
1215 2657 1367 2737 Μυριάκις
1391 2654 1540 2722 inlibris

348 2780 498 2850 omnibns
529 2780 661 2866 optimis
689 2777 836 2863 pessimis
868 2778 952 2848 inter
983 2797 1015 2842 se
1042 2775 1157 2852 stolide
1180 2777 1416 2851 confunduntur
1439 2786 1482 2846 Al
1506 2783 1539 2845 et

351 2909 393 2978 e,
425 2909 453 2971 Η
485 2907 518 2968 et
544 2908 576 2984 1,
601 2907 644 2975 111
669 2903 702 2974 et
727 2906 765 2967 et
789 2903 823 2964 et
846 2907 879 2977 Ι,
904 2907 947 2970 01
971 2901 1004 2964 et
1027 2906 1053 2962 'r
1078 2903 1188 2969 contra
1209 2896 1273 2968 loci
1294 2900 1484 2970 sententiam
1507 2901 1540 2964 at

346 3027 471 3095 caum
501 3019 693 3090 Graecitatis
714 3040 821 3096 usum.
867 3018 1035 3104 Nusquam
1058 3025 1105 3088 est
1128 3019 1226 3086 dubia
1250 3022 1355 3104 optio,
1379 3025 1428 3088 est
1451 3021 1539 3088 enim

346 3143 470 3231 aliquid
499 3144 583 3210 inter
613 3139 748 3216 ἐπέτειος
781 3146 814 3208 at
844 3141 1002 3218 ἐπαίτιος,
1037 3143 1128 3214 κυνᾶς
1156 3145 1189 3208 et
1211 3141 1331 3226 κοινάς,
1357 3139 1483 3213 raalaio
1507 3147 1540 3206 et

349 3265 478 3352 castri,
510 3263 594 3333 tasas
625 3268 658 3338 el
689 3261 808 3342 ἔλαιον,
841 3261 947 3344 εἴρηκα
970 3267 1003 3330 et
1027 3262 1141 3344 ᾖρηκα,
1168 3262 1224 3328 sed
1246 3263 1423 3328 scribarum
1445 3283 1540 3330 nemo

346 3387 381 3462 id
413 3391 470 3460 ast
499 3387 591 3454 novit
621 3391 678 3454 aut
708 3391 808 3458 corat.
856 3383 942 3450 Satis
972 3383 1196 3456 huiuscemodi
1218 3403 1360 3452 errorum
1384 3385 1482 3450 etiam
1506 3386 1540 3449 in

345 3508 617 3597 prostantemo
640 3526 765 3592 quoque
786 3504 870 3577 libre
894 3508 1057 3590 comparet
1079 3509 1118 3570 ut
1139 3525 1234 3576 nemo
1256 3506 1376 3572 nesciat
1399 3506 1449 3570 sui
1472 3525 1539 3572 esse

346 3631 471 3701 arbitrii
502 3629 693 3698 constituere
723 3631 796 3692 utra
826 3628 869 3691 sit
896 3626 1015 3711 ubique
1036 3627 1194 3711 scriptura
1216 3627 1328 3711 potior.
1375 3625 1423 3694 De
1445 3626 1537 3694 indo

345 3754 424 3822 stria
446 3750 480 3822 id
503 3753 539 3822 iu
559 3747 725 3816 Strabonis
746 3746 839 3816 libris
862 3751 894 3811 et
916 3748 1042 3831 scriptis
1066 3751 1099 3812 et
1118 3745 1216 3812 editis
1240 3745 1537 3816 demonstravimus.

259 3917 260 3920 =
390 3871 600 3961 Expellsmus
621 3867 734 3939 deinde
754 3867 870 3942 menda
889 3869 997 3933 omnia
1017 3887 1037 3932 a
1054 3864 1224 3937 Graeculis
1242 3870 1414 3935 commissa
1432 3875 1540 3937 contre

346 4002 466 4066 cartam
496 3998 530 4068 et
556 3991 754 4078 exploratam
782 3989 909 4060 Atticas
932 3985 1061 4056 dialecti
1084 3989 1357 4064 consuetudinem.
1407 3987 1539 4060 Constat

344 4117 498 4188 secundas
526 4133 674 4200 personas
704 4112 877 4186 verborum
905 4113 940 4176 in
972 4146 992 4160 -
1006 4133 1080 4190 cuae
1103 4111 1138 4176 in
1162 4145 1182 4162 -
1197 4119 1236 4177 e1
1262 4112 1364 4182 exire.
1389 4109 1540 4183 Graeculi

343 4237 454 4308 sedulo
485 4257 581 4308 suum
613 4270 633 4290 ·-
646 4245 690 4304 lit
720 4234 774 4303 rel
804 4243 833 4300 il
863 4233 1044 4307 inferciunt.
1090 4231 1127 4301 ln
1157 4232 1302 4306 Platonis
1334 4233 1480 4308 Parisino
1509 4235 1539 4301 A

345 4361 414 4430 ridi
449 4361 590 4448 primam
624 4377 758 4426 manum
783 4357 861 4442 fere
894 4362 1064 4428 amicatur
1093 4355 1216 4426 dedisse
1247 4357 1416 4438 dcoxprssi,
1447 4355 1537 4434 aloes,

341 4483 562 4567 ἆκριβολογεΐ,
594 4483 681 4560 ἡγεῖ,
714 4477 841 4563 διανοεῖ,
871 4479 999 4560 χρήσει,
1029 4475 1213 4558 capeliis,
1245 4475 1300 4544 sed
1332 4478 1441 4563 atiquo
1471 4497 1540 4547 eor-
