3232 5176
881 317 945 387 140

314 505 392 577 base
418 513 525 577 omnia
545 510 678 578 barbara
701 514 790 576 sunt:
814 531 872 576 nec
894 510 1003 574 minus
1026 508 1079 574 IV.
1106 509 1181 577 476.
1206 511 1259 578 29.
1286 511 1325 577 ιἰν
1347 505 1396 576 οὖν
1420 511 1505 587 ὑμεῖς

315 619 476 694 calpiensis
505 617 748 696 πιλιορκεῑσύιιι,
773 637 829 700 pro
855 618 987 693 οιὶρῆτύε.
1036 614 1172 682 Perinde
1195 621 1310 684 vitiosa
1332 623 1407 682 sunt
1431 615 1506 680 talia

314 723 367 789 IV.
397 722 474 788 860.
503 727 650 800 μέλλουσι
674 723 865 801 βιώσκσύιιι.
890 729 922 786 et
946 719 997 784 IV.
1025 720 1101 786 930.
1126 721 1242 800 ἔμελλε
1267 721 1505 802 ὃικφεύξκσύιιι.

315 827 445 895 Scateut
468 829 699 895 eiusdemmodi
724 830 875 896 monstris
897 827 1072 892 lectionum
1097 825 1228 894 Codices
1251 833 1351 896 etiam
1374 831 1506 914 optimi,

314 932 558 1021 Demosthenis,
588 935 749 1011 Platonis,
782 932 957 1006 Herodoti,
988 931 1136 998 aliorum.
1184 932 1361 1014 Quominus
1385 935 1507 1000 dubita

315 1041 423 1106 bimus
450 1061 507 1126 pro
537 1043 663 1107 aoristis
694 1041 803 1104 futura
829 1058 992 1121 revocare,
1017 1039 1074 1102 ubi
1095 1042 1162 1105 sine
1183 1039 1381 1106 barbarismo
1405 1041 1507 1106 brevis

316 1146 434 1214 vocalis
455 1149 489 1212 in
511 1146 643 1234 longam
667 1165 817 1211 conversa
840 1150 898 1210 est.

402 1409 445 1457 nu
467 1407 529 1456 usu
551 1407 647 1455 mser
668 1385 841 1467 τυγχάνειν
863 1403 1073 1464 ruasosrurs,
1098 1403 1163 1452 ror
1185 1403 1430 1453 mruasousnrs.

361 1572 412 1639 Ad
433 1570 597 1656 Euripidis
622 1570 748 1634 Troades
770 1590 817 1634 vs.
843 1567 896 1633 63.

543 1685 645 1751 μισεῖς
668 1699 703 1740 τε
731 1676 803 1740 λύσιν
828 1676 880 1738 κκὶ
905 1681 1010 1755 Φιλεῖς
1035 1673 1065 1738 ἓν
1090 1675 1129 1740 ἂν
1151 1675 1270 1756 τύχχς.

318 1785 482 1849 annotavit
513 1781 688 1847 Matthiae:
722 1778 774 1859 „iv
804 1780 842 1846 ύν
872 1783 980 1859 τύχΗΙ
1006 1803 1064 1845 nors
1087 1783 1185 1845 minata
1208 1781 1365 1845 benedici
1381 1777 1505 1865 potuit.”

318 1889 376 1954 uss
394 1889 471 1954 haec
491 1895 582 1954 vetus
601 1889 903 1976 grammaticorum,
923 1889 1098 1952 scribarum
1121 1895 1151 1954 et
1164 1895 1374 1953 correctorum
1388 1888 1504 1970 opinio,

318 2015 398 2080 quae
419 2001 542 2082 pugnat
560 2015 635 2058 cum
655 2005 740 2058 certo
763 2013 823 2056 usu
843 1995 1042 2070 Atticorum,
1064 2002 1158 2079 atque
1178 2015 1288 2058 sorum
1308 1996 1365 2078 qni
1379 1994 1503 2058 ιέττικῶι

319 2105 454 2167 seribere
478 2099 636 2166 volebant.
684 2098 867 2175 Τνμχοὶνειν
891 2103 924 2162 in
948 2100 998 2163 his
1022 2100 1169 2164 omnibus
1193 2099 1356 2184 personale
1378 2099 1505 2165 verbum

319 2214 367 2272 est
397 2213 430 2272 et
459 2208 589 2291 ponitur
619 2205 729 2270 eodem
762 2225 896 2269 numero
928 2211 959 2269 et
984 2224 1116 2288 persona
1138 2204 1264 2281 eadem,
1289 2226 1354 2290 qua
1378 2203 1505 2269 verbum

318 2333 456 2399 quocum
488 2315 708 2397 componitur,
740 2316 821 2391 φιλῶ
854 2303 884 2372 ὃν
916 2310 954 2373 ιἰν
984 2315 1091 2390 τύχω,
1123 2318 1228 2390 φιλεῖς
1260 2308 1291 2373 ὃν
1323 2309 1361 2374 ἂν
1394 2311 1505 2388 τύχρι,

319 2423 461 2500 Φιλούσιν
485 2412 515 2481 ὃν
539 2416 577 2481 σίν
597 2421 734 2496 τύχωσιν
754 2423 786 2480 et
806 2415 957 2480 similiter
976 2419 1009 2479 in
1029 2415 1197 2480 similibus.
1233 2416 1389 2480 Perverse
1408 2433 1505 2502 gram-

318 2526 511 2588 maticorum
546 2524 651 2606 opinio
685 2541 777 2605 saepe
811 2523 920 2586 turbas
951 2521 1055 2598 dedit,
1089 2522 1143 2586 sed
1174 2525 1207 2586 in
1237 2521 1333 2609 longe
1365 2519 1505 2606 plurimis

318 2629 397 2695 loeis
428 2648 504 2692 sana
533 2630 689 2712 scriptura
718 2626 889 2691 incolumis
924 2631 1025 2693 evasit
1056 2634 1088 2692 et
1121 2628 1221 2693 facem
1249 2627 1387 2713 praefert
1411 2623 1504 2692 sicubi

319 2734 440 2799 indocti
470 2734 589 2798 scribae
621 2731 674 2797 rel
704 2737 891 2798 correctores
914 2737 1079 2818 antiquam
1104 2733 1228 2798 dicendi
1251 2733 1504 2799 consuetudinem

319 2839 489 2906 riolamnt.
525 2838 571 2905 De
594 2859 714 2927 magna
738 2842 828 2924 copia
850 2860 950 2925 pauca
974 2839 1130 2923 quaedam
1149 2839 1296 2924 exempla
1316 2854 1504 2925 expromam.

318 2946 545 3029 Aristophanes
567 2945 650 3010 Plus.
675 2943 751 3009 904.

682 3053 865 3127 σκήπτομαί
888 3053 922 3128 μ’
946 3048 1021 3116 ύτκν
1044 3052 1144 3133 τύχω.

364 3156 458 3223 Plato
491 3157 595 3238 Τύισρ.
630 3157 705 3222 129.
730 3176 759 3222 Β.
790 3157 849 3234 ἥξω
878 3157 904 3220 δ’
928 3161 1031 3237 ὀλίγον
1056 3156 1157 3236 ύςερον
1181 3159 1234 3222 ε’ύιν
1259 3157 1360 3239 τύχω.
1386 3158 1503 3240 upupa

322 3262 398 3330 173.
421 3283 453 3329 Δ.
486 3265 672 3342 περιτρέχων
703 3259 768 3327 ύποι
802 3266 942 3344 τύχοιμι.
981 3265 1069 3343 θοτρ.
1096 3261 1170 3326 522.
1196 3281 1224 3328 0.
1249 3259 1281 3340 ὅ,
1307 3286 1337 3328 τι
1362 3263 1400 3329 ἂν
1423 3261 1503 3336 τύχω

319 3376 407 3436 τοῦτο
438 3371 597 3446 πείσομοιι.
637 3370 710 3434 Cn't.
741 3369 794 3433 45.
826 3387 860 3435 Ι).
890 3365 924 3454 ύ,
947 3393 976 3432 τι
1007 3367 1044 3433 ἂν
1069 3371 1188 3448 τύχωσι
1214 3374 1302 3433 τοῦτο
1328 3369 1502 3448 πράξουσιν.

319 3485 352 3543 et
374 3476 483 3562 paullo
507 3481 579 3541 ants
604 3475 657 3539 44.
677 3493 698 3540 n
737 3481 853 3539 ποιοῦσι
878 3475 910 3539 δὲ
934 3481 1022 3539 τοῦτο
1046 3471 1076 3549 δ’,
1100 3499 1129 3540 τι
1153 3475 1191 3540 tv
1215 3477 1363 3553 τύχωσιν,
1391 3476 1503 3550 Ριούιρ·

321 3581 396 3648 353.
429 3602 458 3647 Δ.
486 3579 517 3658 ὅ,
543 3604 572 3645 τι
597 3580 635 3646 civ
659 3581 776 3660 τύχωσι
802 3587 890 3644 τοῦτο
915 3581 1067 3658 λέγουσιν.
1106 3583 1195 3662 θοτρ.
1221 3579 1295 3646 618.
1322 3599 1350 3646 c.
1377 3581 1415 3646 civ
1436 3575 1503 3644 ούτιι

319 3691 456 3768 τύχωσιν
482 3693 756 3766 -πρισκπολούσιν
782 3689 881 3752 ιιύτῶν
907 3689 959 3751 κού
984 3688 1043 3759 τὰς
1066 3689 1205 3766 οὶρχιιίκς
1226 3687 1343 3767 σοὶρκκς
1381 3689 1418 3752 de
1437 3685 1503 3765 Ra.

321 3794 396 3860 503.
421 3812 448 3859 ο.
481 3795 626 3872 Φέρονται
654 3791 713 3874 tra
737 3791 774 3858 ἂν
798 3793 945 3872 τύχωσιν.
985 3793 1075 3859 laocr.
1100 3792 1176 3858 238.
1202 3813 1231 3859 u.
1257 3793 1403 3869 λέγοντες
1426 3788 1456 3864 ὅ,
1478 3808 1504 3851 τι

319 3901 359 3966 ἂν
382 3900 535 3980 τύχωσιν.
561 3907 594 3965 et
615 3899 691 3964 282.
717 3918 747 3964 Ι).
772 3903 816 3976 μὴ
839 3901 924 3978 idios
948 3895 1046 3976 ὅμοιοι
1072 3897 1149 3964 εἷνοιι
1173 3907 1235 3969 τοῖς
1260 3900 1404 3977 λέγουσιν
1427 3895 1458 3970 d,
1478 3914 1502 3955 τι

321 4006 359 4072 ἂν
379 4007 527 4086 τύχωσιν.
564 4005 695 4070 Videbis
711 4016 921 4071 correctorum
937 4027 1054 4072 errores
1066 4009 1098 4071 in
1110 4005 1254 4071 Platonis
1270 4006 1381 4088 Tleape
1395 4001 1466 4070 130.
1479 4016 1503 4064 s.

320 4111 375 4192 ύριι
409 4107 458 4176 οὖν
494 4111 538 4186 μή
574 4134 618 4175 σοι
655 4111 869 4189 οὶσΦοιλέςερον
906 4109 923 4192 ᾗ
961 4114 1033 4190 παρ’
1068 4113 1185 4175 ἐκείνων
1219 4112 1278 4176 τινὶ
1314 4109 1504 4176 aasumensi

322 4223 477 4296 -μῖιλλον
506 4219 523 4292 ἢ
548 4221 620 4297 παρ’
646 4218 720 4292 ἐμοῦ
744 4217 775 4286 ὅ,
800 4244 828 4282 τι
855 4218 892 4282 ἂν
916 4221 1026 4298 τύχΗΙ
1051 4223 1141 4281 τούτο
1165 4215 1299 4295 πρᾶξαι,
1325 4225 1410 4282 recte
1432 4210 1505 4280 Beli·
1594 4199 1595 4226 ³

320 4326 415 4391 kerus
447 4324 582 4402 τύχΗΙΕ
615 4325 765 4407 reposuit.
814 4323 909 4409 Apud
940 4323 1110 4388 Isocratem
1144 4321 1220 4387 320.
1249 4341 1278 4387 u.
1303 4326 1336 4388 in
1361 4323 1503 4387 Urbiuate

320 4433 475 4517 seriptum
506 4435 571 4495 est:
605 4429 786 4506 ύνκχκοιύως
811 4429 849 4494 οἰν
874 4426 959 4512 εἶχεν
984 4429 1163 4509 εἰκάζοντος
1191 4431 1272 4506 ὑμᾶς
1299 4429 1333 4493 ἐκ
1356 4437 1415 4495 τῶν
1437 4426 1502 4504 εἰρι-
