3404 5192
747 342 811 408 313

182 531 361 612 πελὲσονσν,
385 531 530 614 aspirare,
556 531 687 615 κιρέσει,
713 529 847 611 ἑρύσινσι
870 530 953 598 nihil
975 551 1086 600 nocero
1106 531 1237 615 possint.
1267 531 1378 597 Ἐνπα·

182 641 282 706 νύσειν
306 638 388 724 quod
412 638 517 704 solum
542 643 609 702 erat
632 636 793 721 reliquum
810 657 894 701 nuno
915 643 947 702 et
966 640 1074 723 ipsum
1093 636 1298 702 eliminatum
1317 643 1374 702 est.

182 745 245 811 Sed
276 765 353 830 quas
382 743 487 810 sordes
519 765 558 808 ex
588 742 730 809 Homero
760 743 871 808 sedulo
901 764 1009 810 omnes
1033 743 1185 822 eluimus,
1213 763 1267 808 eae
1291 743 1375 827 apud

182 851 263 917 alios
290 852 493 936 pertinaciter
515 849 645 914 haerent
667 850 748 914 vitio
772 845 1002 914 Graeculorum
1027 851 1173 934 antiquas
1194 849 1310 914 formas
1335 869 1373 914 er

181 959 310 1022 inscitia
344 954 615 1040 interpolantium.
663 952 725 1033 Qui
761 951 906 1020 Homero
938 954 1148 1020 obtrudebant
1178 954 1313 1035 κορέςεις
1344 960 1377 1020 et

183 1061 319 1146 κνρέεει,
343 1062 443 1126 iidem
467 1059 590 1125 duobus
612 1058 691 1124 locis
713 1056 915 1124 Herodotum
938 1059 998 1124 hae
1021 1060 1150 1124 mapula
1169 1062 1376 1145 inquinarunt

183 1178 208 1233 1.
222 1167 300 1233 212.
324 1164 341 1242 ἦ
365 1166 423 1245 μέν
445 1189 480 1229 σε
504 1164 566 1243 ἐγὼ
591 1165 644 1229 καὶ
670 1163 811 1239 ἅπληςιν
835 1163 925 1246 ἐόντα
946 1161 1080 1242 αἵματος
1102 1165 1234 1245 κομέειν,
1255 1170 1287 1231 et
1307 1187 1376 1252 cap.

183 1271 261 1338 214.
285 1274 319 1336 σὲ
344 1271 368 1337 δ’
393 1271 472 1349 ἐγώ,
498 1270 640 1350 κατάπερ
664 1271 836 1346 ἠπείλησα,
860 1267 994 1347 αἵματος
1015 1271 1141 1350 areca.
1178 1271 1235 1337 Nil
1260 1272 1376 1338 dissen-

183 1381 271 1444 tiunt
293 1377 383 1454 libri,
410 1379 466 1443 sed
480 1378 629 1462 futuram
652 1374 764 1455 repleo
786 1374 958 1440 barbarum
979 1381 1026 1442 est
1047 1381 1079 1442 et
1097 1378 1266 1461 utrobique
1286 1375 1374 1458 κιρέω

183 1484 408 1570 reponendum.
444 1483 603 1548 Futurum
633 1479 818 1560 συγκαλέειν
849 1484 950 1547 evasit
981 1501 1029 1548 111.
1055 1482 1108 1550 74.
1132 1483 1187 1548 sed
1210 1487 1318 1548 tamen
1343 1485 1377 1548 in

184 1592 265 1656 bono
287 1590 370 1655 libro
393 1589 606 1666 royaaalcerr
630 1592 770 1673 apparet.

230 1696 317 1776 Quae
348 1695 456 1760 futura
487 1695 571 1779 apud
601 1693 803 1759 Herodotum
836 1714 874 1758 ex
888 1731 930 1742 -
943 1693 1009 1759 ιὶσιν
1033 1699 1103 1760 orta
1125 1699 1200 1761 sunt
1224 1700 1375 1781 perpetuo

184 1804 344 1867 contracta
373 1801 498 1866 videbis
528 1819 550 1864 r.
584 1797 637 1866 97.
672 1801 724 1864 οὐκ
749 1797 810 1876 ἔφη
835 1799 944 1865 errare
971 1797 1035 1867 ἔτι·
1062 1803 1094 1866 αὖ
1120 1801 1183 1881 γάρ
1207 1803 1231 1867 σι’
1256 1816 1377 1867 λυσιπε·

185 1907 266 1973 λέειν
285 1944 326 1956 -
344 1905 382 1971 δι’
416 1904 528 1985 ἡμέρας
553 1904 694 1986 δικάζειν.
720 1924 743 1969 1.
771 1903 845 1969 199.
869 1905 1056 1989 ἀποδοκιμᾷ.
1081 1924 1149 1971 vm.
1178 1905 1231 1972 68.
1257 1907 1378 1973 διασκε-

186 2014 263 2098 δᾷς,
296 2017 328 2077 et
350 2015 470 2098 passim
495 2014 588 2095 ἐλᾷς,
614 2011 757 2092 ἀπελᾷς,
781 2011 874 2093 ἐλᾶν,
898 2011 973 2075 ἐλῶν
998 2017 1029 2076 et
1052 2013 1123 2076 sim.
1148 2009 1233 2078 Hine
1257 2016 1378 2097 optime

187 2118 368 2184 emendavit
399 2117 559 2184 Iacobsius
589 2117 766 2182 Eusebium
797 2115 939 2181 lonicum
970 2118 1155 2201 scriptorem
1183 2117 1268 2201 apud
1291 2119 1377 2185 Stob.

186 2224 296 2288 Floril.
321 2221 374 2288 46.
400 2222 454 2288 41.
478 2225 539 2303 χρὴ
565 2221 672 2289 εἰδέναι
698 2220 804 2286 πάντα
828 2220 880 2285 τὸν
903 2219 1062 2299 μέλλοντα
1084 2223 1237 2302 ανθρώπου
1257 2246 1378 2287 καπα-

188 2329 293 2403 δίκαν,
318 2331 491 2394 coniecerat
513 2329 629 2414 aliquis
653 2325 888 2410 καταδικάζειν,
916 2349 985 2393 rem
1009 2348 1068 2394 aon
1087 2330 1198 2416 tetiglt
1219 2327 1378 2396 Iaeobsius

187 2433 362 2500 καταδικᾶν
382 2453 544 2519 reponens.

234 2536 350 2605 Contra
381 2538 465 2624 apud
491 2541 658 2624 scriptores
680 2542 804 2605 Atticos
826 2541 944 2625 passim
968 2539 1092 2606 videbis
1115 2539 1233 2606 formas
1256 2543 1377 2626 sequio-

187 2666 238 2711 res
261 2644 394 2722 τελέσω,
419 2643 607 2729 transsire,
632 2647 770 2720 καλέσω,
796 2643 976 2728 esraitae,
1000 2645 1211 2731 συγκαλέσαι,
1233 2647 1286 2713 vel
1309 2648 1378 2713 bar·

188 2752 280 2816 baras
301 2757 337 2815 ut
360 2752 551 2834 κιμίπννσιν,
575 2753 764 2836 aequissimo
784 2752 890 2816 animo
909 2750 948 2815 ab
968 2750 1152 2818 Editoribus
1172 2751 1265 2830 ferri,
1286 2756 1377 2838 quasi

188 2855 271 2921 nihil
301 2858 429 2922 omnino
456 2856 664 2922 dubitationis
687 2856 848 2922 haberent.
879 2855 917 2922 In
940 2860 1042 2941 potitis
1065 2859 1182 2923 Attiois
1206 2857 1297 2924 oredo
1320 2860 1378 2924 hu·

189 2961 363 3027 iusoemodi
385 2960 571 3027 mendorum
598 2964 736 3049 vestigia
752 2965 818 3027 iam
837 2983 995 3046 nusquam
1018 2983 1198 3048 superesse,
1219 2964 1274 3029 sed
1294 2964 1379 3050 apud

191 3065 337 3132 Oratores
366 3066 471 3132 multa
498 3073 665 3153 supersunt
693 3073 725 3133 et
756 3068 840 3153 apud
873 3067 1041 3134 Platonem
1066 3073 1098 3133 et
1122 3074 1269 3134 caeteros.
1305 3067 1379 3135 Sae-

190 3173 262 3257 pius
287 3171 468 3240 observabis
487 3176 642 3261 genuinaa
663 3173 780 3238 formas
799 3174 935 3238 intactas
954 3175 1086 3240 evadere
1105 3173 1300 3257 ubicumque
1318 3194 1380 3240 non

191 3279 339 3344 continuo
370 3285 518 3364 appareat
539 3279 652 3364 futuri
675 3281 828 3363 temporis
851 3279 1013 3344 notionem
1037 3279 1077 3342 iis
1100 3280 1221 3356 inesse,
1246 3277 1300 3344 sed
1323 3279 1381 3343 ubi

190 3383 336 3448 futurum
360 3405 426 3449 esse
449 3382 599 3451 Graeculi
623 3386 765 3450 sentiunt
788 3385 900 3448 statim
923 3383 1034 3451 formis
1058 3386 1198 3468 antiquis
1221 3384 1294 3449 illas
1306 3385 1378 3448 sub·

190 3491 346 3567 stituunt,
378 3491 493 3574 quibus
522 3493 584 3575 ipsi
615 3494 648 3555 et
679 3487 825 3573 aequales
847 3509 957 3554 omnes
980 3495 1144 3574 perpetuo·
1155 3492 1204 3554 uti
1228 3489 1379 3556 solebant.

190 3593 298 3660 Multa
339 3597 464 3680 saepius
505 3595 603 3660 huius
641 3597 688 3660 rei
722 3594 867 3680 exempla
901 3600 934 3660 et
969 3595 1159 3660 documenta
1194 3594 1313 3680 protuli
1348 3597 1382 3658 in

197 3697 267 3763 Var.
303 3698 397 3764 lectt.
435 3721 508 3788 pag.
544 3700 621 3766 242.
653 3706 686 3765 et
718 3701 752 3765 in
782 3701 860 3765 Non.
892 3701 986 3765 lectt.
1017 3721 1091 3788 pag.
1124 3699 1167 3764 63
1200 3705 1232 3765 et
1260 3698 1325 3765 438
1350 3705 1382 3766 st

190 3802 283 3890 plura
312 3804 480 3890 aliquando
515 3807 702 3891 praesertim
733 3827 772 3871 ex
795 3804 1009 3872 Demosthene
1032 3810 1064 3872 et
1086 3806 1219 3872 Platone
1242 3805 1379 3891 proferre

190 3911 224 3974 in
248 3911 355 3975 animo
379 3915 437 3976 est.

238 4013 346 4078 Unum
369 4015 494 4080 addam.
531 4015 586 4082 Sol
609 4017 710 4082 iratus
733 4014 847 4101 Odyss.
872 4025 918 4082 M.
944 4015 1021 4081 383.
1045 4019 1092 4082 ita
1114 4019 1272 4084 minatur:

372 4119 502 4197 δύσομαι
527 4122 568 4194 εἷς
594 4121 704 4187 Ἀΐδαν
729 4121 781 4185 καὶ
807 4120 837 4184 ἐν
861 4121 998 4186 νεκύεσσι
1023 4122 1186 4202 Quales.

192 4226 360 4310 antiquum
391 4227 534 4292 obtinent
565 4225 794 4303 Grammatici,
829 4229 884 4311 qul
915 4227 1007 4293 nobis
1038 4229 1185 4292 oocinunt
1208 4247 1321 4294 suum:
1347 4233 1382 4297 τὸ

191 4329 344 4413 φαείνω
384 4333 526 4404 lassaris
562 4335 623 4401 ἐςιν
655 4333 723 4397 daal
755 4336 808 4397 τοῦ
839 4330 1024 4416 μέλλοντας,
1056 4333 1148 4398 scrib.
1183 4333 1286 4408 ἐνεςῶς
1321 4337 1383 4406 ἐςιν

192 4437 261 4502 ἀντὶ
291 4435 477 4518 μέλλοντος,
502 4461 646 4522 proeaees
670 4460 731 4522 pro
750 4439 884 4526 saturo,
910 4439 1000 4528 qussi
1021 4437 1103 4504 nihil
1126 4459 1164 4506 ea
1185 4459 1235 4508 res
1257 4440 1381 4511 dubita·
