3358 5200
716 414 752 462 IX

180 618 356 682 ποιεῖσάΑΙ.
380 616 580 689 ποιήσεσθΑΙ.
599 615 795 689 ποιήσασθΑΙ
813 652 850 665 -
865 618 1020 724 ποιεῖσθε..
1039 618 1219 692 ποιήσεσθθ.
1243 614 1328 694 ποιή-

134 741 251 804 sande,

181 858 285 939 Quum
317 859 359 924 sit
394 857 505 924 eadem
536 856 711 924 formarum
741 861 878 926 varietas
903 862 938 925 in
963 880 1153 945 unoquoque
1176 860 1272 928 verbo
1296 864 1329 926 et

133 985 259 1046 tantum
283 1000 346 1045 non
368 979 488 1064 ubique
513 999 587 1045 rara
610 978 705 1045 lectio
728 983 894 1066 perspicua
916 987 949 1048 et
971 987 1057 1047 serta
1078 984 1139 1058 sit,
1162 982 1256 1048 facile
1279 985 1327 1048 est

130 1103 171 1166 ad
202 1099 452 1188 intelligendum
482 1107 635 1186 quantam
658 1103 816 1167 sentinam
838 1103 981 1169 sordium
1004 1107 1037 1169 et
1058 1105 1250 1190 ineptiarum
1274 1103 1326 1168 his

131 1224 267 1290 abiectis
288 1221 500 1287 exhausturus
522 1224 576 1287 sis.
612 1222 745 1288 Accedit
768 1221 852 1308 qnod
875 1223 993 1290 formas
1011 1227 1094 1291 inter
1113 1245 1146 1292 se
1165 1226 1325 1290 mutanda

129 1345 273 1412 multam
309 1344 488 1410 barbarism
520 1347 661 1432 gignunt
695 1345 888 1425 πεισῶμεάα,
925 1344 1109 1432 Φεύξοιμαι,
1141 1343 1327 1430 ἀφέξομαι,

132 1466 283 1549 δέξηται,
307 1467 401 1550 λήσγ,
427 1465 559 1544 λιὶσιισι,
587 1465 650 1531 elia
672 1473 836 1551 sexcenta,
860 1489 940 1552 quae
962 1489 1063 1554 neque
1086 1469 1204 1534 scribas
1226 1487 1328 1553 neque

130 1593 323 1655 correctores
354 1587 523 1653 offendunt.
571 1587 609 1652 In
639 1587 691 1654 his
722 1589 870 1654 omnibus
899 1591 1003 1676 igitur
1023 1591 1118 1675 periti
1140 1587 1267 1656 lectoris
1289 1586 1328 1652 li·

131 1711 210 1775 bera
245 1710 332 1794 optio
366 1714 431 1785 est,
467 1715 499 1773 et
534 1708 609 1794 quid
645 1712 688 1774 sit
722 1709 840 1796 ubique
871 1731 985 1778 verum
1016 1732 1055 1776 ex
1085 1709 1222 1798 singulis
1247 1708 1326 1776 loeis

130 1829 257 1916 liquide
292 1829 465 1917 colligitur.
514 1829 599 1910 Quid
634 1851 709 1918 ergo
744 1834 859 1898 attinet
892 1833 973 1898 seire
1007 1832 1084 1917 quid
1118 1830 1326 1898 dormitantes

131 1953 256 2017 scribae
288 1953 322 2015 in
353 1947 452 2016 Oodd.
483 1952 522 2016 A.
553 1951 592 2016 B.
624 1947 658 2018 G.
684 1951 727 2018 D.
752 1951 789 2018 Ε.
814 1953 850 2020 F.
874 1949 915 2019 G.
940 1958 996 2018 aut
1018 1952 1161 2018 dederint
1182 1957 1239 2018 aut
1262 1970 1325 2016 non

133 2069 302 2140 dederint?
347 2071 385 2136 In
416 2071 561 2137 Midioen
592 2071 714 2160 legitur
744 2093 815 2160 pag.
850 2071 926 2138 579.
959 2071 1012 2138 28.
1045 2073 1101 2149 tut
1134 2071 1229 2136 οἴεσθε
1255 2071 1327 2148 ὑμῖν

134 2195 294 2267 εἰσοίσειν,
329 2194 416 2270 ὑμεῖς
451 2193 482 2256 δὲ
520 2193 687 2270 tepeat&
724 2195 779 2270 ἐμὲ
813 2197 1060 2274 τριηραρχήσειν,
1098 2194 1185 2270 ὑμεῖς
1220 2193 1246 2258 δ’
1272 2193 1326 2256 οὐκ

135 2315 342 2392 iudicent&
378 2311 431 2378 Sia
462 2334 571 2379 omnes
603 2314 642 2379 ad
669 2336 769 2379 unum
793 2317 910 2400 optimi
932 2317 1079 2401 pessimi:
1103 2318 1191 2380 estne
1213 2331 1328 2398 quaeso

131 2437 320 2501 testimonio
352 2455 431 2520 epus
461 2440 500 2499 ut
529 2440 614 2500 certe
637 2438 717 2500 scias
739 2438 906 2513 νεμεῖσθΑΙ
931 2443 964 2504 st
987 2436 1191 2514 ἕαβιὶσεσθΑΙ
1213 2433 1328 2501 Demo-

132 2557 282 2624 athenam
317 2553 455 2622 dixisse?
500 2553 594 2622 Solus
630 2563 738 2622 eontra
771 2562 881 2642 peccat
916 2555 939 2622 S
969 2578 1043 2646 pag.
1077 2555 1152 2625 130.
1186 2553 1216 2621 4.
1248 2553 1326 2620 eid‘

132 2677 231 2744 οἴεσθε
257 2676 432 2746 Χαλκιδέαα
456 2677 511 2750 σὺν
536 2677 678 2742 Ἑλλάδα
702 2682 829 2756 σώσειν,
855 2679 942 2754 ὑμεῖς
966 2677 992 2744 δ’
1015 2677 1252 2759 ἀποδράσεσθθ,
1273 2677 1328 2741 οὐκ

132 2801 221 2880 ὀρθῶς
249 2796 353 2863 οἴεσθε.

180 2919 341 2986 Similiter
363 2925 439 2984 sunt
460 2922 494 2984 in
517 2919 665 2985 omnibus
689 2922 835 2986 omnium
859 2917 1028 2986 codicibus
1050 2924 1154 2986 sertae
1173 2917 1329 3005 quaedam

133 3049 166 3107 et
199 3046 372 3127 perpetuae
402 3040 572 3106 verborum
596 3041 809 3118 confussiones,
833 3041 891 3107 ubi
911 3061 1005 3106 nemo
1027 3045 1183 3126 punctum
1206 3044 1330 3125 tempo·

131 3165 178 3228 ris
210 3162 250 3228 de
278 3183 354 3228 vera
375 3160 510 3228 lectione
534 3161 710 3238 dubitabit,
737 3161 792 3228 sed
814 3163 985 3230 mirsbitur
1007 3165 1134 3230 tantum
1158 3160 1275 3228 scribas
1297 3163 1330 3225 et

133 3287 325 3349 camentores
360 3281 443 3347 nihil
476 3285 606 3348 omnino
641 3286 798 3371 cogitare,
835 3282 918 3348 nihil
953 3284 1079 3348 sentire.
1132 3281 1181 3348 De
1210 3299 1329 3368 magno

133 3424 248 3470 acervo
280 3423 382 3488 pauca
411 3402 488 3469 haee
519 3403 604 3469 vide.
652 3401 897 3470 Oonfunduntur
919 3405 1038 3488 ubique
1061 3405 1161 3469 etiam
1183 3405 1217 3468 ia
1239 3401 1330 3468 libris

133 3525 435 3610 praestantissimis:

180 3645 368 3723 ἀδικήσομαι
383 3683 423 3694 -
437 3647 658 3723 ἀδικηθήσοααι
684 3651 716 3713 et
740 3649 814 3712 sim.

181 3769 361 3832 ἀποκτενεῖν
373 3803 416 3816 -
428 3767 618 3832 ἀποκτείνειν
642 3773 674 3834 et
697 3767 819 3834 similia
844 3770 953 3836 omnia
972 3770 1006 3832 in
1025 3767 1131 3832 verbis
1148 3765 1329 3852 liquistis,

140 3889 366 3964 ἀγγέλλειν-
380 3889 551 3972 ἀγγελεῖν,
583 3887 719 3966 βάλλειν
732 3928 773 3938 -
787 3889 901 3967 βαλεῖν
927 3893 987 3954 eet.
1015 3892 1047 3952 et
1073 3889 1107 3951 in
1130 3889 1171 3953 iia
1194 3907 1274 3973 quae
1296 3890 1331 3954 in

141 4044 161 4058 -
174 4010 245 4085 εύω,
280 4042 300 4057 ·
313 4007 422 4082 εύομοιι
455 4015 571 4076 exeunt
598 4009 788 4089 ςοατεύοααι
819 4028 875 4095 pro
905 4008 1139 4089 σοαπεύοομαι,
1170 4008 1331 4086 βουλεύειν

135 4149 193 4215 pro
215 4129 396 4207 βουλεύσειν
420 4136 480 4196 eet.
526 4130 636 4196 Unum
659 4129 842 4216 ademplum
866 4130 940 4196 vide
963 4150 1037 4217 pag.
1062 4127 1116 4195 95.
1144 4127 1196 4196 19.
1219 4132 1245 4196 si
1267 4133 1331 4212 γάο

136 4251 218 4328 μήτε
259 4258 483 4317 ΕΙΕΟΙΟΕΤΕ
512 4254 593 4326 μήτε
624 4252 710 4318 αὐτοὶ
742 4259 988 4332 suscenseas
1021 4252 1104 4330 μήτε
1138 4257 1197 4318 τῶν
1230 4257 1331 4320 κοινῶν

136 4369 348 4452 ἀφέξθῦθε.
394 4370 573 4440 Recurrunt
593 4373 672 4440 talia
692 4375 822 4459 passim.

186 4493 338 4560 ἀπόλωλα
353 4529 395 4542 -·
407 4493 595 4559 ἀπολώλεκα
609 4531 650 4544 -
664 4492 856 4560 ἀποδέδωκα.
