3208 5158
884 383 950 455 196

324 571 602 655 Quemadmodum
624 576 694 638 tem
716 591 808 658 scopo
831 571 944 642 Strabo
968 577 1095 642 scribit:
1119 575 1133 641 d
1156 573 1189 642 δὲ
1210 575 1366 654 Πολύβιος
1388 576 1437 640 οὐκ
1452 571 1496 652 οὗ,

323 679 376 746 vel
407 680 460 744 οῦκ
490 675 523 744 εὖ
553 678 584 743 δὲ
615 678 629 741 d
662 678 872 764 Ποσειδώνιος,
896 685 929 746 et
951 683 1024 748 sim.
1050 684 1152 748 sicin
1175 683 1390 768 comparativo
1412 681 1496 748 dicit:

323 786 483 864 βέλσΙΟΝ
507 785 533 850 δ’
558 787 583 850 oi
606 785 657 849 τὸν
681 785 762 861 ἥλιον
785 783 969 864 αἰτιώμενοι.

369 1026 416 1094 De
438 1023 649 1112 praedonibus
670 1026 803 1111 impune
824 1027 1043 1114 grassantibus
1066 1027 1177 1093 scribit
1200 1026 1315 1094 Strsbo
1337 1049 1410 1116 pog.
1431 1025 1496 1092 669.

324 1133 476 1198 Foocdcrct
505 1131 545 1194 iic
576 1129 704 1218 (inquit)
741 1132 831 1218 Oppri
860 1140 888 1197 et
917 1135 1043 1219 Αορρριί
1073 1157 1170 1218 νοραο,
1192 1135 1347 1219 faocdcst
1380 1134 1497 1210 Rhodii,

325 1236 398 1316 ἅμα
428 1239 459 1303 δὲ
490 1236 542 1302 καὶ
574 1237 599 1301 ol
630 1236 723 1318 λιιςαὶ
750 1237 997 1317 προσποιούμενοι
1021 1246 1279 1318 σοματεμιιορεῒν
1301 1237 1432 1303 ιἰΛΤτον
1453 1240 1498 1310 σῦν

324 1344 512 1432 κακουργίαν
542 1337 638 1424 εἶχον.
685 1341 757 1408 Non
788 1348 837 1408 est
866 1364 980 1409 serrum
1011 1341 1142 1417 ἄλυτον,
1173 1350 1206 1410 et
1236 1365 1256 1410 s
1286 1345 1499 1410 correctoribus

323 1453 441 1517 frustra
471 1454 640 1515 tentatum.
687 1448 824 1516 Periisse
855 1449 1015 1536 syllabam
1046 1453 1188 1536 suspicor
1215 1456 1248 1516 et
1269 1449 1440 1538 legendum
1469 1449 1499 1512 d·

324 1567 491 1623 ΚΩλιιτον.
537 1555 708 1642 Proprium
731 1558 818 1621 enim
842 1561 890 1622 est
914 1555 1041 1622 κωκύειν
1061 1557 1100 1622 dc
1119 1558 1178 1640 iis,
1198 1559 1254 1642 qui
1275 1555 1411 1622 alicuius
1427 1556 1499 1620 iuiu-

324 1665 381 1729 riis
402 1667 480 1728 eunt
501 1662 642 1728 obviem.

370 1903 497 1972 Smne
519 1923 593 1992 ρος.
617 1901 694 1970 671.
734 1902 878 1975 ’Λλδντοσ
902 1902 933 1969 δὲ
957 1907 1010 1969 τοῦ
1030 1903 1111 1983 ὅρους
1129 1907 1183 1967 τοῦ
1203 1905 1372 1980 Ἰσαυρικοῦ
1393 1899 1499 1978 ἐνέκρι-

325 2037 376 2078 σεν
408 2009 516 2075 ἑαυτὸν
546 2009 709 2075 renelmus.
756 2010 902 2076 Editores
933 2011 972 2075 de
999 2029 1056 2075 suo
1080 2008 1139 2074 tro
1162 2007 1353 2074 addiderunt
1377 2007 1432 2072 ort
1454 2009 1498 2070 τοῦ

326 2119 504 2196 Ἰσαυρικοῦ.
552 2115 660 2182 Multo
690 2115 795 2182 lenius
825 2122 858 2181 et
889 2115 1068 2201 simplicius
1098 2115 1338 2202 corrigendum:
1372 2113 1499 2180 ‘erens

324 2226 354 2292 δὲ
387 2234 447 2290 ΤΟ
478 2221 565 2302 deoc
596 2226 650 2287 τοῦ
682 2223 868 2300 Ἰσαυρικοῦ,
902 2231 934 2287 et
963 2223 997 2286 in
1029 2219 1090 2287 fine
1122 2220 1243 2285 πανοικὶ
1265 2241 1322 2304 pro
1347 2222 1498 2284 πανοίκιον.

323 2333 481 2397 Arrenius
512 2331 639 2419 gravis,
671 2332 709 2393 ut
739 2330 924 2412 saepissime
946 2326 1042 2406 olibi,
1067 2329 1156 2394 visus
1179 2332 1227 2392 est
1250 2325 1394 2413 syllebss
1417 2361 1456 2374 -
1474 2345 1499 2386 ιν

320 2435 556 2522 compendium.

366 2673 446 2760 Peg.
479 2668 554 2740 674.
590 2669 774 2750 ἧεῦχὲρεια
806 2675 823 2747 ri
853 2669 1086 2750 ἐπιπολάζουσα
1121 2670 1206 2750 παρὰ
1241 2677 1305 2736 τοῖο
1339 2671 1499 2748 Τοιρσεῦοιν

323 2779 376 2849 ὅς’
409 2777 630 2849 ἀπαύστοις
661 2776 838 2858 σχεδιάζειν
861 2784 1061 2858 παραχρῦιοα
1084 2775 1156 2856 πρὸς
1177 2778 1234 2850 τὴν
1258 2775 1416 2851 δεδομένην
1438 2773 1500 2839 brt

322 2890 410 2953 θεσιν.
459 2883 563 2951 Nemo
585 2887 620 2950 iu
642 2883 845 2974 garrulorum
868 2903 1001 2949 numero
1023 2889 1072 2949 est
1091 2889 1159 2949 tem
1177 2883 1295 2968 loquax
1312 2889 1351 2948 ut
1368 2884 1432 2948 ιίιιο
1440 2883 1500 2965 fine

321 2990 499 3073 (tratres)
532 2993 629 3057 verbe
659 3011 699 3056 ox
727 2997 870 3075 tompore
901 2988 1022 3055 fundat.
1070 2985 1185 3056 (loreis
1220 3009 1238 3054 e
1270 3009 1348 3054 vere
1377 2987 1499 3054 lectione

321 3119 383 3164 nou
414 3096 556 3163 multum
584 3097 742 3162 cherrevit
765 3093 1068 3174 ῦπαυτοσχεδιιὶζειν
1090 3115 1252 3179 reponens.
1299 3092 1364 3160 Sed
1386 3098 1500 3158 'Anco-

320 3201 533 3283 ιοοχεδιιὶζειν
563 3222 626 3268 uon
649 3201 745 3268 modo
766 3202 948 3266 inauditum
972 3206 1039 3277 est,
1063 3200 1117 3266 sod
1140 3201 1237 3266 hebet
1260 3203 1360 3267 etiem
1383 3217 1500 3287 praepo
1586 3199 1587 3202 ’

321 3313 467 3376 sitionem
500 3305 651 3373 inutilem
682 3312 714 3372 et
744 3309 897 3392 ineptam.
944 3305 1134 3372 Rectissime
1162 3312 1270 3371 contre
1293 3306 1433 3372 dicetur:
1455 3301 1500 3370 ῦς·

322 3409 618 3496 summonitor
643 3418 842 3492 παραχρῆμα
866 3411 929 3476 erl.

366 3637 447 3724 Peg.
479 3631 555 3702 674.
588 3633 640 3698 καὶ
672 3632 708 3707 δῦ
740 3635 792 3700 καὶ
821 3635 1080 3715 γυμνασιαρχὶαν
1103 3634 1314 3715 ὑποσχόμενος
1337 3637 1501 3716 Τοιρσεῦοιν

322 3741 503 3832 (Antonius)
536 3745 641 3806 τοῦτον
673 3738 858 3827 (Bodthum)
882 3741 1188 3822 οἱντιρυμνοοσίοιρχον
1211 3740 1364 3815 κατέςιισε
1390 3739 1500 3806 καὶκαὶ

322 3847 521 3924 ἀναλώματα
557 3844 715 3912 tristem
749 3847 844 3926 αὐτῷ.
891 3845 961 3913 Iam
996 3847 1075 3913 olim
1107 3843 1261 3912 Codicum
1297 3845 1501 3934 quorumdem

322 3959 509 4023 correctores
537 3957 660 4017 veteres
690 3949 729 4016 ds
760 3972 817 4017 suo
853 3954 1084 4019 substituerunt
1120 3953 1189 4018 cirri
1225 3953 1499 4033 γυμνασιάρχοτ,

320 4062 417 4146 idque
440 4057 615 4123 Kremerus
637 4059 762 4143 recepit.
812 4057 949 4135 iniuria,
974 4064 1012 4123 ut
1035 4060 1153 4144 opinor.
1199 4060 1355 4125 Antonius
1379 4057 1502 4126 Persen·

323 4166 411 4232 sibus
442 4162 598 4242 ὑπέσχετο
625 4164 882 4244 γυμνασιαρχίαι
906 4168 974 4231 siue
999 4164 1096 4250 (quod
1117 4164 1246 4251 perinde
1270 4169 1329 4234 esti
1355 4165 1501 4245 ὑπέσχετο

323 4271 621 4349 γυμνασιαρχιὶσειν.
669 4270 838 4336 Pollicitus
872 4277 920 4338 cst
956 4293 989 4337 se
1024 4291 1061 4337 eo
1095 4291 1226 4336 munere
1257 4271 1443 4337 functurum
1471 4289 1502 4336 so

321 4394 471 4442 nummos
502 4376 541 4441 de
570 4395 627 4440 suo
661 4375 822 4441 daturum.
867 4375 1073 4443 Proficiscens
1103 4379 1270 4443 coustituit
1301 4383 1339 4443 ut
1360 4397 1418 4444 sue
1440 4379 1503 4440 uice

319 4481 461 4550 Bodthus
493 4480 679 4567 iungeretur
709 4483 801 4566 eique
823 4503 973 4549 nummos
993 4481 1197 4549 concredidit.
1244 4481 1385 4552 Boethus
1407 4485 1503 4570 igitur
