3208 5158
556 325 558 332 ’
647 363 711 442 νον

89 561 243 631 intentum
271 561 412 648 reliquit.
458 561 585 627 Sciebat
615 565 724 628 tamen
753 564 787 627 in
816 561 908 629 libris
931 563 1080 628 omnibns
1105 599 1146 611 -
1170 585 1274 634 σοντες

89 677 118 737 at
151 707 194 720 -
228 691 339 739 σοντες
374 673 499 754 praeter
532 671 669 734 auctoris
703 672 893 735 sententiam
924 673 981 735 aut
1010 675 1118 734 eontra
1149 669 1275 736 dicendi

88 776 172 866 leges
192 781 344 863 perpetuo
366 773 525 840 confundi.

130 881 283 948 Eiusdem
313 883 360 945 rei
388 882 514 967 insigne
544 878 729 965 exemplum
756 885 805 946 est
826 901 900 968 pag.
926 879 1002 946 515.
1028 879 1275 960 νεωτερνσίίντυν

90 988 119 1053 di
143 995 202 1054 τῶν
227 985 284 1064 ἔξω
308 992 361 1052 τοῦ
386 988 508 1066 Τσιύρου
532 986 581 1050 διὰ
606 987 641 1050 σί
666 986 738 1064 πρὸς
762 989 1000 1052 ἈΛΛΗΛΟΙΕ
1023 982 1100 1051 νίνου
1125 985 1194 1060 τοὺς
1219 993 1275 1061 τῆς

91 1096 199 1174 Συρίοις
243 1092 296 1158 κυνί
338 1099 394 1165 τοῖς
436 1091 561 1166 Μηδίας
600 1090 767 1170 βασιλέως.
814 1091 935 1158 Verum
969 1093 1071 1176 vidit,
1105 1097 1144 1156 ut
1177 1091 1274 1168 solet,

91 1199 249 1287 Tyrwhitt
280 1197 468 1264 emendans:
501 1197 551 1264 δνσὶ
580 1198 616 1262 τί
647 1199 720 1276 πρὸς
749 1200 931 1264 'Ann01c
960 1193 1055 1274 νίνου,
1087 1197 1171 1284 quod
1197 1195 1277 1264 Kra-

90 1326 174 1371 mero
198 1325 392 1388 „maquopere
412 1303 557 1380 arridet?
575 1302 630 1368 sed
650 1309 756 1369 tamen
776 1303 950 1369 absurdum
971 1303 1120 1378 ἀλλήλους
1141 1301 1277 1369 fideliter

91 1415 211 1478 retinet
256 1409 387 1477 Poterat
416 1415 524 1474 tamen
554 1411 739 1474 meminisse
773 1408 851 1474 haee
885 1429 1009 1494 qnoque
1039 1411 1213 1476 sexcenties
1242 1412 1277 1475 in

91 1515 176 1583 libris
205 1519 290 1582 inter
321 1537 354 1581 se
383 1516 565 1601 permisceri
592 1512 697 1580 eitam
721 1551 763 1564 -
787 1515 948 1589 οίλλοίλωυ,
975 1513 1082 1586 ἄλλοις
1110 1553 1152 1564 -
1177 1517 1277 1593 ἄλλοί-

17 1657 21 1668 ·
92 1639 161 1696 νοις.
208 1621 404 1688 simillimus
435 1619 524 1686 loeus
553 1620 675 1708 legitur
704 1641 779 1707 pag.
804 1617 880 1685 669.
914 1621 986 1701 πρὸς
1010 1621 1118 1703 ἑτέρως
1143 1621 1169 1686 δ’
1192 1620 1275 1695 ὄντες

91 1737 150 1801 τοῖς
180 1727 337 1807 ἐγγυτέρω
363 1761 404 1776 -·
428 1729 490 1808 οὐχ
519 1720 574 1791 οἷοί
595 1727 624 1791 τ’
648 1723 726 1801 ἧσσον
748 1725 791 1790 τὰ
815 1725 961 1805 ἀπωτέρω
986 1734 1121 1793 σκοπεῖν.
1147 1737 1179 1793 et
1200 1747 1275 1818 pag.

94 1833 164 1900 456.
189 1835 260 1914 πρὸς
286 1831 393 1904 ἄλλοις
416 1831 551 1914 μείζοσίν
575 1831 613 1897 tv
637 1831 866 1914 sardtvrs'rdv
889 1832 967 1912 βίον.

134 1937 279 2006 Tertium
307 1938 387 2004 addo
413 1957 487 2026 pag.
520 1935 595 2004 581.
628 1945 694 2003 erat
724 1939 853 2024 (inquit)
881 1946 1001 2022 ροίνυνσ
1032 1947 1197 2004 nostrorum
1221 1961 1277 2004 mo

93 2047 183 2110 neria
211 2047 349 2128 Smyrnae
378 2045 489 2108 notitia
518 2045 618 2109 σσίοίσ
647 2044 842 2122 medicorum,
874 2048 925 2108 νῦν
955 2045 981 2110 3·
1004 2045 1065 2125 οὐχ
1090 2046 1207 2122 iuniore
1231 2051 1277 2109 TI

95 2151 267 2230 συμβαίνει.
303 2149 500 2216 Felicissime
519 2147 647 2217 Corsis:
668 2152 729 2232 οὐχ
749 2151 855 2228 ὁμοίως
869 2154 958 2215 ἘΤΙ
971 2159 1152 2226 συμΜΕνεν.
1190 2160 1278 2228 Συρι-

95 2258 193 2336 βοίνον
224 2263 257 2326 et
288 2257 436 2335 συμμὲνσν
463 2258 562 2321 etiam
585 2257 664 2323 alibi
686 2278 749 2324 non
771 2275 859 2342 raro,
882 2256 967 2342 apud
990 2255 1179 2322 Strabonem
1202 2276 1277 2342 qno

96 2385 167 2450 qne,
195 2364 325 2431 confusa
346 2365 564 2450 reperiuntur,
588 2367 625 2428 nt
643 2381 718 2453 pag.
743 2361 820 2429 593.
845 2369 1013 2441 σομριεῖνςν
1038 2399 1080 2413 -
1104 2363 1275 2444 συμβῆναι.

95 2489 164 2558 pag.
187 2469 251 2536 595
276 2470 480 2546 συμμένσυσνν
505 2505 546 2517 -·-
572 2469 805 2547 συμβαίνουσιν.

136 2573 266 2662 Propria
298 2575 396 2642 verba
429 2580 505 2641 aunt
538 2577 571 2640 in
602 2573 658 2641 teli
690 2597 725 2641 re
755 2575 906 2654 συμμίνον
938 2582 971 2642 et
1001 2574 1278 2655 transnatasset

96 2683 175 2768 apud
201 2682 281 2749 alios
310 2687 342 2748 et
374 2681 458 2768 apud
487 2679 676 2748 Strabonem
705 2681 809 2748 veluti
842 2703 915 2771 pag.
953 2679 1029 2748 300.
1065 2683 1118 2748 sai
1150 2685 1200 2747 νῦν
1231 2679 1277 2746 ἔτι

97 2789 248 2866 συμμίνεο.
280 2792 313 2854 et
342 2807 417 2876 pag.
449 2785 526 2852 646.
557 2787 593 2851 τί
624 2791 674 2852 νῦν
704 2787 749 2853 ἔτι
777 2791 943 2867 συμμένσν.
969 2794 1002 2854 et
1029 2809 1105 2876 pag.
1130 2786 1205 2854 388.
1231 2785 1277 2852 ἔτι

97 2895 217 2975 μετρίως
240 2894 405 2972 συμμένεν,
429 2897 462 2960 et
484 2892 557 2960 aliis
579 2892 668 2961 loeis.
705 2893 827 2962 'l'aman
846 2902 933 2962 serta
951 2894 1131 2962 emendatio
1149 2914 1212 2962 non
1230 2900 1279 2960 est

97 3007 224 3086 recepta
268 3001 426 3065 Laudatur
449 3005 478 3064 et
499 3001 588 3084 υίρσί.

138 3207 261 3278 Smno
289 3231 363 3299 pag.
388 3208 466 3277 653.
491 3207 676 3297 (Homerus)
699 3210 752 3277 κοί
776 3208 882 3284 ἄλλως
905 3208 1078 3292 'eremitar
1102 3207 1182 3291 ἔχων
1206 3208 1278 3290 retr

100 3314 132 3378 ri
162 3323 221 3390 τοῖς
252 3323 405 3394 ποταμοῖς
429 3317 629 3397 ἀφορίζεσθαι
653 3317 722 3388 σοὺς
745 3316 868 3391 τόπους.
916 3317 1005 3385 Duae
1027 3315 1173 3382 literulae
1197 3317 1280 3382 exei-

102 3419 223 3487 dernnt:
254 3422 368 3488 Strabo
396 3425 482 3488 enim
512 3422 718 3502 Ετσποφίρυς
742 3422 876 3489 dixerat.
903 3423 1209 3508 Frequentissimnm
1232 3427 1281 3488 est

102 3527 270 3608 εὐοσίφορον
301 3525 378 3594 sisar
402 3534 435 3595 et
456 3529 643 3611 σύεσνφίρως
668 3529 753 3610 ἔχειν
777 3529 816 3594 de
839 3549 875 3595 eo
898 3532 954 3614 qui
977 3529 1054 3614 quid
1075 3527 1223 3595 lubenter·
1245 3548 1281 3594 ae

101 3651 186 3718 saepe
207 3635 309 3701 dieere
333 3639 390 3700 ant
411 3635 513 3702 faeere
534 3634 623 3702 solet.
667 3633 789 3701 lterum
813 3635 852 3700 de
870 3633 1013 3700 Homero
1032 3634 1111 3700 dieit
1129 3653 1203 3724 pag.
1224 3631 1280 3700 28.

101 3738 276 3822 εὐεσνφίρυς
306 3739 386 3822 ἔχει.
440 3739 541 3828 Saepe
570 3739 640 3809 ridi
672 3741 791 3808 scribas
823 3743 869 3807 aie
903 3747 1042 3807 errantes
1074 3743 1110 3805 in
1144 3739 1282 3808 Scholiis

103 3839 220 3912 Venetis
242 3847 283 3914 od
304 3847 450 3915 iliadem.

144 4050 218 4145 Peg.
243 4055 319 4122 555.
345 4057 401 4132 riv
424 4058 482 4134 μὲν
505 4051 553 4123 οὖν
576 4058 688 4138 μικρὰν
708 4055 874 4136 ’Λρμενίσν
893 4052 1005 4119 ἄλλοτ’
1025 4051 1130 4119 ἄλλων
1149 4052 1282 4136 ίχίντων

104 4161 169 4226 ὨΟ
198 4163 360 4240 ἐβούλοντο
390 4167 534 4241 Ῥωμαῖον
577 4166 646 4231 imo
675 4181 751 4230 vero
776 4179 857 4238 Quos
879 4161 1010 4226 Romani
1032 4161 1180 4248 nolebant,
1200 4169 1283 4227 otc

106 4265 255 4341 ίβούλυνσο
276 4272 431 4345 Ῥωμαῖον.
453 4275 491 4335 ut
508 4291 583 4359 pag.
605 4269 681 4336 398.
701 4270 860 4348 τυράννους
881 4271 983 4338 αὐτοῖς
1005 4269 1183 4342 revererer
1200 4277 1283 4334 O'rc

107 4369 119 4434 i
148 4373 296 4452 βασιλεὺς
333 4375 491 4454 ἐβούλετο.
529 4383 562 4442 et
594 4395 667 4467 pag.
704 4374 782 4440 312.
819 4373 878 4440 ὐσί
908 4359 985 4445 τοῖς
1002 4380 1061 4440 τῶν
1092 4381 1284 4458 Βοσπορανῶν

106 4477 278 4558 βασιλεῦσιν
290 4531 299 4564 ,
328 4489 411 4548 O'rC
435 4481 473 4548 ἂν
496 4484 640 4561 Ῥωμαῖον
664 4484 882 4560 aurasicensi
905 4477 1036 4547 ἅπυνσοί
1057 4481 1130 4554 irre.
