3410 5180
918 385 985 459 514

537 580 613 647 οὕτω
637 580 700 662 γὰρ
725 583 799 658 ἡμῖν
823 584 840 658 ἦ
864 581 954 652 πόλις
977 580 1102 660 μοίλιςα
1127 585 1185 652 σῶς
1210 577 1249 644 ἂν
1272 577 1329 653 rin.

355 694 403 755 ot:

538 796 555 870 ἦ
578 791 669 874 μᾶζα
693 792 757 872 ybs
781 799 838 866 σῶς
863 793 914 858 καί
941 794 975 859 τό
998 790 1089 872 κρέας
1111 793 1160 870 xci
1184 788 1332 871 κάραβος.

401 899 544 964 Turbant
575 901 609 962 in
640 899 690 964 his
719 899 856 977 librarii,
884 900 937 966 sed
960 898 1050 965 nulla
1073 897 1112 964 de
1135 903 1281 963 veterum
1303 918 1364 962 usu
1388 897 1546 963 dubitatio

354 1009 410 1070 ost.
458 1004 495 1069 In
524 1003 687 1070 nonnullis
715 1003 807 1069 libris
839 1010 871 1070 et
901 1009 935 1070 in
967 1003 989 1070 S
1021 1025 1039 1068 a
1070 1006 1174 1090 prima
1197 1025 1295 1069 manu
1318 1005 1547 1089 scriptumest

354 1115 429 1188 σῶν,
463 1111 547 1195 quod
579 1091 806 1195 reponendum.
853 1111 933 1198 Pag.
967 1109 1065 1175 1293.
1096 1109 1151 1174 26.
1177 1111 1194 1184 ἦ
1217 1113 1293 1182 ναῦς
1316 1109 1469 1174 σέσωσται
1493 1109 1546 1174 καί

354 1214 399 1282 ἔτι
432 1221 501 1288 σῶς.
530 1215 703 1302 legendum
728 1217 745 1289 ἧ
769 1221 844 1288 ναῦς
868 1222 927 1289 σῶς
951 1216 1032 1290 ἕτίν,
1056 1221 1094 1280 ut
1116 1213 1224 1301 paullo
1247 1221 1320 1280 unte
1342 1237 1418 1302 pag.
1447 1213 1545 1280 1292.

356 1319 460 1386 Utilia
491 1321 529 1386 dc
559 1321 618 1386 hac
647 1343 681 1386 re
712 1325 837 1389 notavit
863 1322 1006 1388 Dindorf.
1032 1321 1072 1386 ad
1094 1341 1168 1408 pag.
1195 1318 1248 1384 61.
1274 1319 1547 1385 14in11t11tione

355 1427 479 1492 minore
501 1426 629 1510 Lipsiae
656 1426 753 1492 1855.

402 1633 483 1720 Pag.
516 1629 593 1698 572.
630 1631 683 1697 14.
718 1630 751 1707 ἦν
778 1632 803 1697 δ’
826 1629 908 1707 οὗτος
935 1635 1024 1700 ὀποῦ
1048 1633 1322 1714 βελτίςουπατίρρ
1346 1633 1546 1714 Χαρικλείδου

358 1743 411 1804 τοῦ
436 1735 597 1817 ἄρξοντος.
644 1738 768 1804 Notum
791 1745 839 1805 est
861 1743 896 1805 in
918 1740 1052 1806 historia
1072 1743 1285 1825 συνασοφεῖν
1307 1740 1356 1805 ἐπὶ
1382 1742 1545 1822 Χαρικλεί-

358 1842 408 1908 δου
440 1843 588 1923 ἄρχοντος
620 1849 791 1911 commissa
817 1851 865 1912 est
887 1845 1088 1912 nobilissima
1109 1867 1219 1934 pugna
1241 1846 1325 1930 apud
1346 1845 1546 1912 Mantineam

355 1970 437 2015 anuo
469 1946 534 2015 362
560 1971 670 2016 mense
693 1950 785 2016 Iunio
808 1961 847 2034 τῇ
869 1951 1023 2034 δυδεκοίσρ
1048 1957 1101 2017 τοῦ
1126 1957 1368 2032 Σκιροφοριῶνος.
1414 1951 1546 2017 Plutar-

356 2055 434 2120 chus
467 2055 535 2142 (aut
565 2058 758 2142 quicumque
789 2059 867 2122 citas
896 2067 922 2122 Χ
954 2041 1103 2122 oratorum
1133 2057 1374 2144 consarcinavit)
1398 2061 1433 2123 in
1454 2057 1545 2123 Plut.

358 2163 472 2226 Morcl.
504 2183 578 2249 pag.
610 2161 688 2226 845.
713 2181 743 2227 u.
768 2166 815 2227 itu
838 2164 965 2229 scribit:
994 2211 1011 2241 ‚‚
1020 2164 1179 2248 Xenophon
1200 2165 1282 2228 accit
1305 2165 1547 2240 Demosthenem
1589 2185 1596 2196 ¹

358 2269 400 2347 τῷ
432 2268 488 2343 μὲν
512 2267 575 2346 γὰρ
598 2268 640 2332 τα
662 2268 831 2343 Ἑλληνικοί
856 2269 992 2334 ἐτελεῖτο
1017 2271 1059 2343 είς
1083 2271 1126 2335 roi
1150 2270 1217 2349 περὶ
1241 2271 1296 2345 stc
1320 2271 1351 2334 ἐν
1373 2271 1548 2354 Μαντινείᾳ

357 2371 483 2453 μοίχνν,
514 2375 653 2452 ἄρχοντα
688 2374 720 2438 δὲ
752 2376 963 2455 Χαρικλείδην,
997 2376 1011 2439 ὀ
1040 2375 1070 2440 δὲ
1096 2375 1236 2456 πρότερον
1259 2377 1308 2440 ἐπὶ
1333 2375 1545 2455 Τιμοκράτους

357 2475 421 2542 είλε
439 2480 508 2550 τοὺς
529 2479 718 2558 ἔπιτρθπους.
751 2479 955 2566 Legendum:
977 2483 990 2546 δ
1012 2480 1038 2545 δ’
1055 2481 1171 2547 '‘eTel
1192 2481 1346 2567 πρότερον,
1369 2505 1446 2546 οιινιο
1466 2491 1544 2547 cote

401 2583 486 2650 Nam
509 2600 709 2650 uuuoonsuns
734 2581 819 2664 ἦρξεν
842 2584 972 2672 Olymp.
996 2584 1071 2651 104.
1099 2585 1127 2651 l.
1153 2608 1233 2654 anno
1258 2587 1327 2676 334.

508 2705 719 2755 onnarcnrnns
741 2688 871 2776 Olymp.
899 2690 973 2756 104.
998 2692 1031 2758 2.
1058 2713 1139 2758 anno
1166 2692 1234 2776 3323..

401 2797 513 2881 Itaque
535 2815 603 2872 res,
628 2815 726 2880 quam
750 2801 857 2860 narrat
879 2796 1126 2875 Demosthenes,
1151 2799 1267 2864 accidit
1286 2801 1376 2864 annis
1396 2805 1549 2886 quatuor·

356 2904 460 2968 decim
483 2907 556 2967 ante
579 2922 675 2987 quam
697 2901 774 2967 baec
797 2903 1008 2970 scriberentur
1033 2903 1222 2970 cca-348.

400 3109 480 3196 Pag.
515 3107 591 3176 573.
623 3109 676 3175 21.
709 3113 754 3188 μὴ
778 3112 875 3178 τοίνυν
906 3112 960 3177 ε’ὀιν
991 3115 1049 3191 μὲν
1082 3114 1153 3194 ricta
1184 3138 1231 3186 τις
1261 3114 1428 3196 παριίνορια
1452 3113 1546 3190 οὕτως

356 3213 542 3295 ὀργιζόμενοι
574 3216 738 3296 Φαίνεσθε,
770 3219 824 3283 tais
857 3217 887 3284 δὲ
919 3229 987 3302 ποιῇ
1020 3221 1079 3306 [μὴ
1114 3220 1206 3308 λέγει]
1245 3221 1349 3304 πρᾴως
1384 3221 1547 3288 διάκεισθε.

356 3320 490 3408 Frangit
520 3322 696 3408 insipidum
728 3323 982 3390 additamentum
1008 3327 1214 3411 oppositionis
1236 3329 1306 3392 vim
1329 3333 1361 3393 et
1383 3327 1445 3394 loci
1468 3331 1549 3394 acri·

354 3430 497 3493 moniam
521 3448 661 3493 omnem.

401 3639 480 3704 Post
501 3657 602 3722 pauca
627 3635 702 3702 574.
730 3636 760 3701 1.
783 3637 846 3703 οὔτ’
871 3639 1014 3714 ἐλεήσετε
1037 3639 1102 3706 οὔτ’
1127 3641 1287 3723 οίφιίσετε,
1312 3642 1387 3708 ἀλλ’
1412 3644 1548 3709 ἀποκτε-

356 3753 436 3810 νεῖτε
460 3745 477 3820 ἢ
500 3744 691 3820 ἀτιμώσετε,
715 3745 750 3806 in
772 3745 804 3806 S.
824 3747 982 3828 scriptum
1005 3750 1053 3811 cst
1075 3747 1285 3813 ἀποκτείνετε.
1321 3747 1401 3813 Tum
1424 3751 1547 3837 incogi-

357 3855 460 3917 tanter
482 3850 584 3915 solent
605 3851 639 3914 in
662 3849 767 3915 verbis
789 3849 955 3935 liquidatis
977 3851 1085 3918 futuro
1108 3873 1253 3938 praesens
1277 3855 1478 3929 substituere.

401 4059 482 4146 Peg.
507 4054 583 4123 574.
607 4057 661 4123 21.
686 4055 724 4122 ῶν
747 4057 844 4124 τοίνυν
869 4060 940 4138 ὑμῖν
964 4059 1077 4148 [ὀρθῶς]
1106 4060 1177 4144 ε’πίρ
1195 4072 1320 4130 σκοπεῖν
1340 4064 1447 4130 τούτου
1465 4080 1547 4140 πλη-

356 4167 450 4246 partu
480 4166 621 4245 εὑρήσετε
651 4164 784 4229 Μειδίαν
815 4164 890 4228 ὀντα
924 4171 977 4230 τοῶ
1015 4165 1126 4246 ε’ριίνου.
1174 4168 1364 4236 Rectissime
1399 4171 1485 4250 ὀρθῶς
1522 4171 1548 4238 S

355 4271 490 4339 omittit.
535 4269 572 4334 In
602 4291 636 4336 rc
665 4275 733 4336 tam
762 4271 946 4349 manifesta,
971 4272 1010 4338 de
1038 4294 1100 4358 qua
1121 4294 1215 4339 nemo
1239 4275 1395 4363 ambigit,
1420 4286 1546 4342 σκοπεῖν

355 4379 432 4443 satis
456 4381 514 4442 est.

396 4481 563 4547 Praeterea
586 4479 753 4562 ἐπέρχεται
777 4506 829 4561 μοι
852 4491 979 4550 σκοπεῖν
1001 4485 1080 4552 bene
1099 4486 1213 4564 habet,
1235 4491 1272 4552 ut
1291 4507 1371 4576 pag.¹
1390 4485 1466 4554 576.
1486 4488 1547 4557 26.
