3358 5200
701 398 745 468 27

170 583 333 654 Continuo
363 592 515 675 sequitur:
541 589 612 662 ίσας
637 589 676 655 θον
700 629 743 640 -
767 593 988 658 τῶντοιούτων
1014 589 1189 668 λημμοίτων
1213 595 1320 656 ἀταλ-

125 694 306 771 λαγείητε,
337 691 359 759 ἃ
392 703 454 766 τοῖς
488 697 643 762 οὶσθενοῦσι
662 677 762 778 ’παρὰ
792 704 850 761 τῶν
881 699 990 776 ἰατρῶν
1020 695 1125 769 σιτίοις
1158 697 1319 774 διδομένοις

125 797 231 864 ἔοικεν.
265 802 317 865 καί
349 801 411 879 γὰρ
444 801 545 865 ἐκεῖνα
580 803 643 867 οὔτ’
666 804 759 883 ἰσχὺν
783 803 928 878 ἐντίθησιν
953 802 1015 867 οὔτ’
1045 803 1244 877 ἀποθνήσκειν
1270 803 1318 885 ἐᾷ.

127 905 298 971 Praeclara
330 906 408 971 haec
438 913 470 972 et
492 909 635 974 multum
659 909 815 974 celebrata
838 911 920 988 ῥῆσις
943 909 1065 974 duobus
1089 907 1213 973 mendis
1237 912 1320 972 tam·

127 1031 227 1096 quam
260 1010 398 1076 maculis
421 1013 595 1079 deformata
618 1020 682 1092 est,
705 1034 840 1098 quorum
864 1013 999 1080 alterum
1028 1014 1106 1079 olim
1129 1013 1245 1078 sustuli
1268 1013 1320 1077 de·

125 1115 223 1182 lendo
254 1119 424 1182 ἀσθενοῦσι.
473 1117 596 1204 Nempe
627 1128 691 1190 τοῖς
715 1119 883 1184 manifesto
907 1120 946 1184 ad
972 1121 1076 1192 σιτίοις
1101 1118 1320 1187 referendum,

127 1243 185 1286 nec
217 1227 328 1288 tamen
358 1223 424 1289 ullo
454 1225 550 1290 modo
577 1229 612 1288 in
644 1233 707 1300 τοῖς
739 1225 896 1288 ἀσθενοῦσι
920 1225 1026 1290 deesse
1048 1230 1163 1310 potest.
1210 1223 1322 1308 Itaque

128 1325 315 1394 Dindorfius
344 1332 378 1393 in
409 1330 547 1394 editione
570 1333 691 1397 minore
716 1331 855 1418 (Lipsiae
878 1331 962 1416 apud
984 1329 1188 1396 Teubnerum
1215 1328 1316 1416 1855)

129 1453 203 1518 pag.
237 1431 323 1497 XIV.
356 1443 419 1508 τοῖς
451 1442 513 1508 τοῖς
545 1437 699 1501 σίσθενοῦτι
724 1473 767 1484 -
791 1438 895 1506 σιτίοις
920 1436 1080 1510 διδομένοις
1103 1439 1236 1502 coniecit
1259 1439 1320 1502 im-

129 1557 256 1602 memor
285 1559 412 1614 eorum,
437 1561 517 1626 quae
539 1543 573 1604 in
596 1544 716 1606 maiore
740 1542 878 1607 editione
901 1539 1030 1622 (Oronti
1056 1540 1167 1626 1846).
1191 1564 1264 1630 pag.
1291 1542 1323 1608 X

129 1645 309 1708 rectissime
344 1645 484 1730 dixerat:
520 1669 578 1712 aon
613 1649 845 1712 committendam
872 1649 983 1731 ραθαοί
1017 1655 1051 1712 αθ
1086 1649 1320 1734 eloquentissimo

129 1748 246 1811 oratori
280 1749 389 1835 irascar
423 1759 450 1814 et
483 1759 645 1817 οοιιθοεθαια
678 1753 865 1838 alienumque
898 1753 934 1816 οθ
967 1753 1137 1818 Atticorum
1172 1757 1320 1836 οθορααθία

131 1855 301 1935 efflaqerem
328 1879 422 1936 ροαιιι
451 1859 580 1924 dicendi.
629 1857 691 1924 Sed
722 1857 810 1924 salva
838 1880 887 1924 res
919 1861 979 1923 erit
1011 1860 1067 1924 ubi
1090 1863 1162 1946 quis
1186 1859 1323 1926 alterum

132 1959 289 2024 mendum
317 1961 557 2046 deprehenderit
584 1967 806 2049 exemeritque.
854 1963 1048 2049 Expromam
1080 1967 1182 2052 igitur
1215 1966 1322 2031 locum

132 2065 218 2128 unde
250 2086 364 2131 verum
396 2067 468 2133 elici
492 2072 617 2153 poterit.
665 2070 801 2157 Legitur
818 2091 893 2156 pag.
921 2067 995 2134 461.
1023 2069 1076 2135 16.
1102 2071 1224 2152 μείζους
1248 2073 1323 2137 sicle

134 2171 166 2232 αἱ
200 2172 291 2250 παρὰ
324 2179 382 2236 τῶν
414 2174 515 2250 δήμων
538 2175 643 2254 δωρεαί
666 2181 724 2240 τῶν
748 2175 835 2255 παρὰ
859 2180 917 2239 τῶν
940 2172 1044 2239 ἄλλων
1068 2183 1227 2241 πολιτειῶν
1250 2175 1324 2241 διδο-

133 2275 245 2349 μένων.
288 2275 471 2365 Diligenter
500 2281 662 2346 considera
684 2287 807 2347 rectene
830 2281 907 2346 haec
930 2281 1068 2346 habeant
1092 2302 1131 2346 an
1154 2301 1253 2346 secus.
1288 2280 1325 2345 Si

134 2377 368 2448 Demosthenes
404 2387 438 2448 in
468 2407 504 2452 ea
533 2407 567 2452 re
597 2389 765 2473 participio
797 2385 950 2463 διδόμεναι
982 2389 1032 2452 uti
1062 2386 1234 2462 voluisset,
1267 2387 1326 2452 ubi

134 2486 267 2552 candem
290 2488 492 2556 collocasset?
514 2492 655 2558 Dixisset
674 2495 847 2558 necessario
864 2495 896 2558 αί
918 2493 1004 2571 ταρὰ
1025 2499 1083 2558 τῶν
1103 2494 1203 2570 δήμων
1218 2491 1323 2573 δωρεαί

134 2589 304 2670 διδόμεναι.
349 2594 443 2661 Nune
473 2618 574 2682 neque
605 2598 664 2663 hoc
689 2599 771 2663 dixit
794 2619 895 2683 neque
917 2597 1016 2676 illud,
1042 2597 1097 2664 sed
1119 2598 1203 2664 male
1227 2599 1326 2664 abun-

135 2696 213 2762 dans
244 2702 451 2786 participium
480 2723 499 2768 a
529 2703 616 2769 futili
638 2695 812 2769 'correctore
836 2703 1064 2789 interpolatum
1088 2709 1144 2768 est.
1194 2703 1325 2789 Optime

135 2809 167 2866 et
198 2807 340 2874 ἀττιαιςί
368 2808 485 2872 dicitur
507 2811 541 2873 ai
565 2810 651 2888 παρὰ
675 2815 733 2874 τῶν
757 2808 859 2885 διίμοιν
882 2809 1005 2888 δωρεαί,
1031 2813 1069 2873 ut
1091 2828 1163 2895 pag.
1191 2808 1267 2874 476.
1293 2809 1324 2874 2.

134 2917 207 2981 ταῖς
229 2911 305 2990 παρ’
330 2912 440 2977 ε’κείνον
463 2913 609 2992 δωρεαῖς,
635 2919 667 2980 et
690 2918 809 2999 passim
835 2915 952 2994 ἧσαροὶ
977 2915 1047 2978 θεῶν
1070 2913 1187 2989 εὔνοια,
1212 2915 1226 2979 θ
1250 2913 1324 2995 παρ’

137 3015 213 3088 ἐμοῦ
252 3017 358 3094 λίνος,
398 3020 423 3082 οἱ
457 3019 544 3099 νεαροὶ
577 3021 732 3084 Φιλίστου
763 3020 930 3098 πρέσβεις,
964 3021 997 3084 αί
1031 3019 1116 3100 νεαροὶ
1148 3025 1201 3083 τοῦ
1234 3021 1326 3093 δεῖνος

137 3121 261 3193 ε’λτιδες
288 3125 374 3210 (pag.
401 3123 454 3188 52.
479 3123 557 3213 24),
583 3132 615 3191 et
635 3124 740 3190 multa
759 3125 822 3190 alia
841 3126 892 3190 his
912 3123 1041 3190 similia.
1079 3124 1189 3211 ltaque
1207 3129 1327 3214 optime

137 3235 168 3290 et
204 3231 343 3297 ιἰττιιιιςί
377 3229 494 3294 dicitur
528 3231 569 3296 τοὶ
603 3231 690 3310 ταρίι
728 3237 785 3294 τῶν
821 3233 928 3312 ἰατρῶν
959 3233 1045 3296 σιτίον
1077 3237 1109 3297 et
1141 3235 1186 3297 sie
1210 3235 1328 3298 emicat

139 3336 262 3398 summi
293 3334 435 3400 Oratoris
465 3358 578 3402 manus
608 3338 706 3402 haee:
738 3329 760 3401 θι
788 3345 850 3410 τοῖς
881 3337 968 3418 ταοθι
1000 3343 1057 3401 τῶν
1088 3339 1196 3418 ἰατρῶν
1220 3338 1325 3410 σιτίοις

139 3437 246 3504 ἔοικεν.
293 3440 402 3506 Oculis
432 3462 529 3527 paene
552 3445 710 3508 cernimus
733 3442 976 3508 correctorculos
999 3443 1142 3527 primum
1165 3442 1326 3520 διδομένοις

136 3547 338 3612 infarcientes
361 3547 472 3612 deinde
495 3549 667 3624 οίσθενοῖισι,
688 3551 776 3633 quasi
796 3568 951 3632 umquam
971 3547 1014 3611 τίς
1035 3547 1328 3627 tererestereres

138 3652 229 3715 σιτίον
250 3655 334 3716 σοιτίς
357 3657 389 3716 et
412 3652 593 3718 valentibus
616 3654 774 3718 darentur.
822 3651 905 3717 Sunt
927 3653 1005 3717 haec
1028 3655 1098 3736 ipsa
1120 3673 1177 3737 per
1199 3656 1329 3718 secatis

137 3757 237 3841 plana
266 3763 298 3823 et
328 3759 510 3844 perspicua,
535 3779 597 3824 non
619 3780 730 3844 sperno
753 3765 860 3824 tamen
882 3757 1085 3823 luculentum
1108 3758 1329 3822 testimonium

139 3885 178 3928 ex
204 3865 434 3948 antiquissimis
457 3864 548 3930 libris
572 3864 727 3930 oblatum.
776 3864 813 3928 In
835 3864 998 3929 Prooemiie
1018 3883 1036 3927 ο
1058 3864 1241 3947 nescioquo
1260 3863 1329 3928 rhe-

140 3978 210 4034 tore
234 3967 374 4033 collectis
398 3975 430 4033 et
452 3991 606 4056 magnam
627 3977 751 4056 partem
776 3991 815 4034 ex
839 3967 1052 4034 Demosthene
1073 3969 1189 4031 sumtis
1208 3966 1330 4055 legitur

141 4093 218 4161 pag.
251 4071 347 4138 1460.
382 4074 411 4138 l.
443 4075 631 4152 ὁμοιότατα,
666 4072 686 4139 ὦ
719 4074 823 4154 ἄνδρες
856 4074 1029 4149 Ἀθηναῖοι,
1061 4079 1124 4144 τοῖς
1156 4075 1242 4152 ταρθι
1272 4081 1330 4138 τῶν

143 4181 253 4258 tarpeia
283 4179 388 4250 σιτίοις
418 4179 549 4252 διδθντες
583 4181 663 4258 ὑμῖν.
689 4181 740 4244 καί
766 4182 828 4260 γὰρ
854 4181 954 4244 ἐκεῖνα
978 4177 1042 4242 οὔτ’
1067 4179 1159 4257 ἰσχὺν
1184 4179 1330 4254 ἐντίθησιν

144 4284 208 4349 οὔτ’
234 4286 431 4360 ἀποθνήσκειν
453 4287 501 4368 ἐᾷ.
538 4285 648 4351 Viden'
671 4287 748 4371 quid
770 4285 827 4351 ille
850 4287 884 4350 in
907 4304 964 4350 suo
986 4283 1068 4349 libro
1083 4282 1220 4372 legerit?
1245 4283 1330 4354 Satis

145 4392 248 4477 igitur
270 4391 325 4456 diu
349 4412 406 4457 nos
428 4391 518 4458 scioli
541 4395 615 4457 sunt
637 4389 801 4457 ludificati
