3358 5200
871 329 916 397 24

298 517 454 601 impostor
485 521 666 605 descripsit:
698 515 740 591 οἷς
771 519 833 600 γὰρ
864 517 946 586 οὖσιν
970 519 1124 603 ὑμετέροις
1149 518 1217 599 ἔχει
1240 519 1355 591 τούτοις
1380 516 1487 584 πάντα

298 617 408 687 τᾶλλα
439 626 580 703 βεβαίως
613 626 771 700 κέκτηται.
819 624 873 690 sic
905 631 952 690 est
983 629 1016 690 in
1047 629 1169 712 optimo
1200 622 1241 690 S:
1270 629 1304 689 in
1327 623 1489 690 nonnullis

300 726 372 793 eliis
393 732 543 795 scribitur
563 729 629 810 ἔχει
649 733 780 810 χρῆσθαι
800 731 854 799 vel
873 730 940 813 ἔχει
960 732 1153 810 χρήσασθαι,
1169 731 1254 816 quod
1273 731 1356 796 unde
1375 737 1489 796 natum

299 837 342 898 sit
373 843 511 922 apparet.
559 836 735 902 Molestum
758 839 890 918 χρῆσθαι
915 839 969 902 eui
993 838 1144 904 debeatur
1165 836 1298 921 planum
1322 842 1379 902 est.
1425 837 1490 902 Mi-

298 943 387 1004 ratus
408 942 579 1008 homuncio
602 943 679 1029 quid
703 949 784 1008 esset
807 935 851 1015 οἶς
874 937 955 1008 οὖσιν
980 941 1132 1023 ὑμετέροις
1153 939 1220 1023 ἔχει
1242 942 1359 1013 τούτοις
1372 980 1413 990 -
1426 963 1488 1006 non

297 1045 461 1112 intellecta
484 1051 669 1114 attractione
692 1051 799 1134 pueris
821 1053 895 1114 nota
918 1069 974 1134 pro
994 1041 1101 1114 δίνια
1123 1047 1257 1128 ὑμέτερα
1277 1046 1361 1132 ἔχει,
1381 1049 1418 1112 de
1435 1070 1488 1111 αιο

296 1154 431 1228 χρῆσθαι
455 1153 594 1232 eddidit;
619 1157 765 1239 potuitne
787 1155 948 1220 indoctius
971 1159 1003 1220 et
1028 1151 1189 1240 ineptiunt

343 1257 454 1343 Aequo
477 1261 584 1324 animo
606 1259 666 1324 hoc
689 1280 812 1345 quoque
835 1260 910 1325 ferri
931 1263 1030 1345 possit
1052 1263 1086 1324 in
1105 1261 1245 1324 oratione
1263 1262 1370 1344 spuria
1388 1280 1488 1344 quum

299 1361 383 1445 apud
413 1365 520 1448 ipsum
551 1363 799 1430 Demosthenem
826 1386 901 1432 vera
925 1372 956 1431 et
979 1367 1120 1453 genuina
1142 1365 1237 1430 lectio
1260 1364 1396 1430 feliciter
1418 1385 1489 1430 eve·

299 1469 385 1531 serit,
433 1467 496 1534 sed
519 1469 616 1534 multi
641 1468 698 1534 alii
719 1473 754 1534 in
777 1473 898 1556 optime
922 1492 1045 1556 quaque
1066 1473 1206 1536 oratione
1226 1474 1411 1556 supersunt,
1432 1471 1490 1535 ubi

298 1572 332 1634 in
356 1579 502 1659 corrupta
520 1577 676 1658 scripture
694 1595 786 1640 mens
805 1581 837 1640 et
857 1579 1013 1641 sententis
1032 1576 1255 1642 Demosthenis
1275 1575 1360 1641 male
1381 1579 1487 1662 periit.

298 1674 371 1741 Non
405 1684 453 1742 est
486 1681 570 1744 mihi
602 1679 697 1768 longe
731 1682 922 1747 abeundum.
975 1679 1133 1747 Continuo
1167 1684 1324 1766 sequitur:
1363 1683 1388 1746 εί
1425 1681 1488 1762 γὰρ

301 1777 498 1861 Ἀμφίπολιν
530 1786 584 1850 καί
617 1787 784 1852 Ποτίδαιαν
816 1795 934 1867 προεῑπο
965 1787 1025 1852 οὐδ’
1056 1788 1094 1853 διν
1127 1786 1197 1854 οίκοι
1223 1789 1324 1866 μένειν
1347 1787 1488 1865 βεβαίως

300 1888 417 1964 ἡγεῖτο.
463 1889 681 1976 Depravetum
712 1897 760 1958 est
790 1895 896 1970 ἡγεῖτο
920 1897 952 1957 et
974 1894 1049 1959 hine
1072 1894 1111 1958 de
1135 1897 1291 1960 sententia
1314 1894 1487 1960 verborum

299 1997 347 2057 est
377 2000 494 2062 aetum.
541 1997 685 2064 Emende
717 2001 853 2076 tyrreni
885 2003 917 2064 et
945 2003 1028 2064 recte
1052 2020 1085 2064 se
1108 1999 1271 2065 habebunt
1294 2002 1410 2064 omnin.
1434 2001 1488 2064 οὐκ

298 2096 338 2161 tv
368 2103 493 2178 ἡγεῖται
524 2102 596 2168 οίιιοι
627 2104 729 2182 μένειν
751 2104 893 2183 βεβαίως
916 2105 941 2168 εί
968 2103 1164 2186 Ἀμφίπολιν
1190 2112 1326 2185 προεῖτο,
1351 2110 1388 2169 ut
1411 2126 1488 2192 pag.

301 2203 353 2269 69.
386 2205 440 2272 26.
473 2209 525 2273 οὐκ
558 2209 596 2274 διν
629 2212 766 2287 ἠγοῦμαι
800 2212 954 2275 Φίλιππον
985 2211 1010 2274 εἰ
1041 2212 1084 2276 rol
1116 2217 1221 2290 πρῶτα
1244 2209 1383 2288 βιασθείς
1406 2208 1488 2275 ἄκων

300 2307 429 2391 ἔπραξεν
465 2352 505 2362 --
535 2321 671 2396 συνεχῶς
703 2317 922 2380 ἐναντιοῦσθαι.
957 2320 989 2380 et
1019 2314 1110 2380 mille
1132 2314 1194 2381 loci
1217 2321 1292 2380 sunt
1313 2317 1369 2381 ubi
1393 2315 1487 2394 δοκῶ,

301 2419 459 2496 ἡγοῦμαι,
493 2418 610 2498 οίομαι,
637 2419 765 2506 νομίζω,
793 2421 1026 2500 ὑπολαμβάνω,
1051 2419 1183 2500 ἐλπίζω,
1209 2421 1358 2500 προσδοκῶ
1383 2427 1415 2486 et
1436 2421 1489 2486 his

299 2523 421 2589 similia
442 2525 561 2592 hebent
582 2525 780 2594 infinitivum
804 2549 878 2594 oum
902 2525 941 2591 ala
965 2530 1179 2592 coniunctum.
1227 2525 1348 2592 Temen
1369 2527 1491 2592 indocti

300 2636 332 2694 et
360 2633 504 2715 imperiti
534 2640 722 2699 correctores
752 2636 872 2718 passim
895 2630 934 2696 ἄν
958 2654 1032 2698 cum
1055 2633 1151 2698 verbo
1174 2631 1264 2697 linito
1287 2633 1488 2720 iungendum

299 2755 366 2800 esse
389 2738 510 2820 opinati
534 2740 670 2815 ἡγοῦμαι
695 2740 745 2824 (nt
767 2739 827 2804 hoo
849 2737 933 2825 utar)
955 2740 990 2802 in
1010 2738 1148 2816 ἡγούμην
1167 2737 1265 2802 stulte
1283 2744 1488 2816 convertunt,

300 2847 356 2906 aut
377 2842 473 2914 δοκεῖς
496 2846 530 2906 in
554 2845 669 2922 δοκοῖς,
692 2846 829 2924 δοκοίης,
855 2847 960 2926 δοκῇς,
987 2843 1097 2912 ἐδόκεις
1122 2844 1292 2926 depravare
1313 2843 1432 2920 solent,
1453 2849 1490 2908 ut

298 2947 330 3011 h.
355 2946 377 3012 l.
403 2949 464 3012 οὐδ’
488 2947 526 3013 διν
549 2950 620 3014 οἶκοι
645 2950 745 3026 μένειν
769 2949 909 3028 βεβαίως
932 2953 1052 3026 instro
1074 2970 1129 3033 pro
1149 2951 1286 3026 ἦνεῖναι.
1324 2949 1490 3014 Sententia

300 3055 385 3118 enim
420 3055 587 3121 manifesto
622 3057 699 3122 heec
733 3060 799 3122 est:
833 3056 993 3139 Philippus
1024 3072 1199 3120 nmsrrusr
1228 3055 1257 3118 ai
1287 3057 1490 3140 Amphipolim

299 3159 415 3223 ιιιὶιιιοιιι
437 3163 561 3246 feceret
589 3185 620 3226 ae
650 3185 688 3225 πο
717 3163 750 3225 ιἰι
775 3161 954 3226 Macedonio
984 3160 1100 3244 quidem
1130 3165 1193 3223 tuto
1219 3177 1349 3224 multu
1372 3179 1488 3239 Possis,

202 3277 204 3282 ’
300 3286 400 3350 quum
429 3266 563 3354 vulgate
594 3267 690 3332 lectio
723 3265 881 3354 significet
910 3289 947 3329 ιιι
977 3266 1055 3329 dorni
1082 3264 1490 3349 quinamentorum

298 3389 524 3450 rxrsrrusnur,
545 3393 672 3457 prorsus
683 3393 828 3457 perverse
852 3376 885 3437 et
901 3377 1017 3450 ¹eontra
1039 3369 1262 3436 Demosthenis
1286 3374 1488 3436 sententiam.

299 3475 413 3541 Fertur
442 3483 551 3543 tamen
574 3477 725 3544 mendosa
746 3476 841 3543 lectio
870 3479 904 3542 in
930 3477 1062 3541 omnibns
1088 3474 1179 3541 libris
1207 3479 1274 3542 sine
1302 3475 1371 3542 ulla
1388 3479 1490 3543 varie-

302 3587 375 3647 tate.

344 3688 555 3774 Inspiciamus
577 3709 661 3754 nunc
684 3689 819 3754 eundem
842 3687 949 3754 locum
972 3709 1046 3776 pag.
1074 3686 1148 3753 134.
1174 3687 1228 3754 22.
1254 3688 1293 3754 ab
1316 3691 1488 3775 impostore

299 3792 462 3870 αὐτολεξεί
492 3795 702 3878 descriptum:
734 3796 760 3858 εί
791 3794 853 3872 γὰρ
885 3795 1078 3876 Ἀμφίπολιν
1103 3831 1146 3842 -
1167 3803 1284 3874 προεῖτο
1309 3793 1371 3858 οὐδ’
1396 3794 1434 3859 διν
1457 3795 1488 3858 ἐν

299 3901 476 3982 Μακεδονίᾳ
511 3898 610 3976 μένειν
645 3901 799 3982 οὶοφαλῶς
836 3901 1065 3965 'enrNATo
1120 3900 1183 3965 Pro
1219 3899 1344 3964 ἐδύνατο
1378 3920 1488 3965 omnes

298 4003 373 4072 libri
395 4007 546 4070 exhibent
565 4009 689 4082 ἡγεῖτο,
714 4011 837 4091 praeter
860 4007 888 4070 A
911 4012 943 4071 et
966 4003 988 4070 S
1012 4006 1068 4070 ubi
1092 4006 1217 4070 ἐδύνατο
1242 4008 1397 4089 scriptum
1420 4012 1484 4084 est,

298 4131 377 4195 quee
400 4111 495 4175 lectio
518 4113 552 4175 in
575 4110 600 4174 F
623 4131 679 4194 pro
702 4113 790 4176 varia
814 4113 970 4196 scriptura
994 4110 1033 4176 ed
1055 4113 1161 4188 ἡγεῖτο
1180 4113 1358 4195 apponitur.
1394 4109 1488 4175 Nune

296 4205 535 4300 interpolatores
566 4216 616 4278 ἐπ’
648 4215 813 4297 αὐτοφώρῳ
848 4221 1002 4281 tenemus.
1050 4215 1171 4282 Eodem
1203 4217 1360 4299 opinionis
1385 4235 1487 4280 errore

295 4341 352 4406 pro
384 4322 519 4396 ἡγεῖταί
550 4318 633 4385 alius
664 4326 782 4386 temere
815 4322 919 4398 ἡγεῖτο
951 4323 1134 4406 supposuit,
1167 4320 1248 4387 elius
1275 4324 1365 4405 peius
1388 4324 1487 4386 etiam

296 4425 423 4492 ἐδύνατο
447 4426 625 4514 rescripsit,
649 4431 782 4510 uterque
806 4429 980 4492 sententiae
1007 4447 1145 4492 securus.
