3358 5200
871 393 919 442 111

290 615 353 660 non
382 593 606 682 intelligebant
637 599 670 660 et
700 615 781 680 quae
805 594 884 660 olim
908 597 941 660 in
965 593 1208 660 desuetudinem
1233 595 1395 660 abierant:
1422 595 1490 659 atrr-

291 722 394 794 μῶσαι
425 715 502 802 quid
532 717 575 781 sit
602 718 771 794 'nesciunt,
805 717 882 784 dant
912 716 1088 795 όσιμιόσαις
1122 715 1260 798 δεκάζειν
1287 736 1351 782 non
1373 720 1491 782 norunt

295 839 474 924 (δωροδοκεῖν
508 836 578 902 rivet
609 839 672 923 ipsi
703 837 881 924 dicebant),
910 843 1067 924 reponunt
1090 837 1231 920 δικάζειν.
1279 837 1350 904 Non
1372 834 1491 902 intelli-

291 965 373 1048 gunt
415 959 493 1046 quid
533 961 576 1025 sit
618 957 791 1038 εἴλημμαι,
828 959 980 1041 ε’λῆχόην,
1021 957 1128 1037 λῆξις,
1166 959 1241 1026 vide
1276 960 1379 1046 igitur
1411 957 1490 1044 quid

291 1079 541 1168 designaverint:
566 1099 638 1166 pag.
664 1076 742 1146 873.
766 1077 820 1144 24.
842 1079 895 1154 ἤδη
917 1079 1014 1162 τούτῳ
1034 1080 1167 1154 ταυτησὶ
1193 1087 1247 1154 τῆς
1268 1079 1352 1152 δίκης
1373 1081 1488 1155 etiay-

291 1200 395 1277 μόνης.
427 1207 459 1267 et
486 1221 559 1288 pag.
585 1198 662 1266 090.
689 1201 741 1266 11.
766 1207 823 1264 τῶν
848 1201 935 1266 δικῶν
961 1207 1017 1266 τῶν
1040 1200 1112 1268 τότε
1136 1203 1328 1284 λεχθεισῶν.
1356 1206 1389 1266 et
1411 1220 1486 1288 pag.

293 1320 389 1388 1265.
423 1319 478 1386 22.
510 1320 565 1400 πρὸ
589 1325 642 1386 τοῦ
666 1323 722 1398 τῆν
744 1321 828 1397 δίκην
852 1323 1039 1402 ΔΕΙχόῆναι
1063 1323 1122 1411 (sic
1143 1321 1176 1388 S.
1204 1321 1261 1388 alii
1285 1321 1484 1408 Λθχόῆναι).

291 1442 481 1508 Rectissime
513 1440 647 1508 Wclflus
675 1443 879 1521 εἰληγμένης,
918 1445 1103 1523 ληχθεισῶν,
1143 1446 1296 1524 ληχθῆναι
1330 1443 1484 1509 restituit.

293 1562 403 1629 Etiam
431 1561 521 1640 λῆξις
551 1565 586 1628 in
617 1561 699 1640 λέξις
730 1569 877 1631 mutatur
907 1585 982 1653 pag.
1016 1562 1093 1632 727.
1123 1564 1143 1629 6
1181 1565 1215 1628 εἰς
1238 1573 1294 1638 τῆς
1317 1561 1428 1640 λέξεως
1452 1563 1486 1630 S.

294 1684 350 1750 sed
377 1685 482 1771 prime
504 1705 619 1750 manus
642 1689 676 1750 in
699 1689 846 1774 margine
872 1684 987 1763 λῆξεως
1011 1687 1189 1773 adscripsit.
1237 1686 1488 1772 Harpocration,

294 1805 352 1872 flos
381 1809 414 1871 et
443 1805 541 1871 robur
570 1808 873 1894 grammaticorum.
908 1809 941 1873 in
973 1831 1003 1874 v.
1036 1807 1246 1889 Αηξιαρχιιιόν
1270 1815 1489 1888 γραμματεῖον

293 1931 401 1992 namet
430 1947 497 2022 esse
520 1927 717 2012 appellatum
741 1927 791 1992 διὰ
815 1928 850 1992 τό
874 1937 933 1995 τῶν
954 1929 1067 2006 λήξεων
1092 1927 1211 2010 ἄρχειν.
1236 1929 1339 2007 λῆξεις
1363 1929 1389 1992 δ’
1414 1930 1490 1994 εἰσὶν

294 2045 320 2112 oi
351 2057 464 2128 κλῆροι.
511 2047 576 2114 Ubi
606 2048 690 2115 docti
722 2054 791 2116 tam
822 2051 941 2118 indocti
976 2057 1052 2118 sunt
1086 2051 1267 2117 desinamus
1300 2069 1368 2117 sero
1398 2055 1490 2116 natos

297 2167 540 2236 correctorculos
563 2173 735 2259 exagitare.

341 2287 405 2356 Sed
427 2312 489 2357 non
513 2297 640 2357 tantum
666 2295 698 2357 in
725 2295 898 2379 antiquatis
922 2299 954 2358 et
974 2292 1124 2360 obsoletis
1143 2293 1306 2360 vocabulis
1322 2291 1400 2358 talia
1418 2313 1489 2376 pec·

296 2411 416 2478 cabant
468 2411 547 2491 Quis
578 2432 688 2479 eorum
720 2416 840 2479 nescire
870 2418 993 2499 poterat
1024 2413 1100 2499 quid
1124 2417 1207 2479 inter
1229 2414 1340 2491 ὀμόσαι
1364 2418 1395 2478 et
1417 2413 1488 2488 όμο-
1564 2389 1567 2396 ’

295 2538 431 2607 λονῆσαι
466 2531 652 2598 interesset?
707 2533 810 2601 Nemo
844 2533 959 2601 hercle.
1017 2535 1227 2620 Inspiciamus
1260 2536 1375 2602 libros:
1411 2554 1487 2621 pag.

294 2650 371 2718 236.
397 2651 430 2717 8.
454 2653 556 2727 desidie
580 2655 643 2733 γόος
667 2655 797 2730 ὤμοσε
821 2656 876 2728 τῆν
903 2655 1030 2732 sipiano,
1059 2655 1114 2720 sed
1136 2657 1170 2720 in
1193 2653 1216 2721 S
1240 2660 1273 2720 et
1295 2654 1489 2740 quibusdam

294 2772 367 2838 aliis
386 2771 568 2851 ὡμολόγησε
590 2775 757 2851 scribitur,
778 2777 862 2862 quod
879 2774 1061 2841 Dindorfius
1081 2778 1293 2863 incogitantes
1313 2778 1347 2842 in
1363 2780 1490 2841 textum

294 2897 421 2979 recepit.
471 2895 560 2960 Idem
584 2916 670 2960 error
692 2901 725 2961 et
749 2895 826 2962 alibi
851 2899 1039 2963 commissus
1060 2901 1108 2962 est
1130 2896 1182 2981 (of.
1203 2897 1280 2962 Noe.
1301 2897 1395 2960 Laeti.
1415 2917 1493 2983 pag.

295 3013 373 3100 516)
408 3020 440 3080 et
471 3036 535 3103 pag
584 3014 681 3081 1170.
717 3016 770 3083 14.
801 3017 871 3091 τοὺς
893 3005 978 3090 ’θεοὺς
1003 3013 1051 3088 οὓς
1076 3015 1258 3094 ὠμόσαμεν,
1283 3016 1305 3082 S
1328 3015 1490 3094 ὧμολογνὶ-
1564 3094 1568 3102 ν

293 3159 402 3214 σαμεν.
428 3142 460 3202 et
482 3149 553 3223 post
576 3158 676 3222 pauca
698 3159 772 3227 pag.
801 3136 899 3204 1170.
925 3137 980 3204 24.
1005 3139 1070 3203 ἐπεὶ
1095 3139 1121 3202 δ’
1142 3135 1307 3215 ὠμόσαμεν
1326 3136 1489 3211 όλλόλοις.

294 3256 317 3322 S
343 3259 461 3324 iterum
485 3259 744 3335 ὡμολογήσαμεν.
769 3260 826 3325 ubi
848 3259 987 3326 Dindorf
1008 3257 1203 3337 ,ὀμόσαντες
1223 3259 1257 3322 in
1276 3259 1491 3335 ὁμολογῆσαν-

293 3401 345 3449 τες
365 3385 533 3461 οονσιηιόιινι
547 3402 618 3462 μνη.
643 3378 740 3446 1032.
764 3379 816 3446 18.
834 3380 945 3457 όμόσαι
966 3381 1000 3443 ia
1018 3380 1289 3462 iuoaoyiccrpcy.
1304 3377 1402 3444 1269.
1417 3378 1493 3444 26.”

294 3497 453 3565 Similiter
480 3519 553 3585 pag.
588 3497 664 3566 378.
701 3499 752 3566 19.
783 3501 843 3580 ἐγὼ
864 3502 931 3577 μὲν
956 3501 991 3574 δη
1014 3499 1218 3578 ἐξωμοσάμην
1243 3499 1296 3564 καὶ
1316 3537 1359 3548 -
1377 3503 1430 3565 οὖν
1450 3499 1490 3564 av

293 3618 371 3701 ἓΦην
395 3619 555 3696 όσελόεῖν,
579 3618 602 3684 S
625 3622 775 3688 mendose
799 3619 1354 3698 θ1εἱιιθοοιιοιιὲξοιμιλογησιόμην.
1402 3619 1491 3686 Non·

292 3762 469 3826 numquam
501 3744 658 3808 contrario
691 3763 793 3808 errore
825 3748 974 3828 peccatur
1003 3747 1041 3807 ut
1073 3763 1148 3830 pag.
1173 3739 1249 3807 460.
1274 3742 1329 3810 21.
1352 3743 1409 3808 ubi
1432 3762 1490 3829 pro

292 3864 535 3942 ὡμολογημένων
559 3865 587 3929 Α
612 3866 725 3930 vitioso
749 3864 879 3930 exhibet
901 3863 1138 3942 όμομοσμένων.

337 3983 499 4050 Nonnulla
528 3985 567 4052 de
598 4005 714 4073 genere
744 3985 804 4050 hoc
831 3990 906 4050 sunt
929 4005 1027 4070 paene
1051 3984 1196 4051 ridicula.
1247 3985 1312 4051 Ubi
1334 3985 1491 4050 sententia

293 4104 434 4191 postulat
455 4107 593 4190 facilius
623 4106 699 4172 libri
730 4106 828 4190 §diros
860 4106 1011 4172 exhibent
1044 4107 1254 4191 ineptissime.
1302 4105 1361 4170 Est
1383 4110 1493 4170 tamen

292 4226 352 4292 hoc
384 4247 485 4314 genus
507 4227 615 4293 mendi
640 4228 853 4314 perfrequens.
900 4227 995 4313 Apud
1019 4227 1152 4315 Lysiam
1176 4247 1250 4314 pag.
1279 4225 1355 4293 128.
1380 4225 1433 4292 24.
1457 4227 1493 4290 in

294 4347 385 4413 libris
416 4353 479 4413 est:
511 4349 592 4414 πολὺ
622 4349 757 4433 isitres
792 4351 929 4428 ῆγοῦμιιι
958 4345 1034 4414 εἶναι
1054 4386 1095 4398 -
1114 4350 1272 4414 oteramo
1292 4343 1335 4413 Ἢ
1356 4384 1397 4396 -
1416 4347 1494 4412 νόσο-

294 4469 502 4548 asystaton.
550 4469 693 4537 Tandem
719 4469 870 4537 Reiskius
892 4473 963 4554 ῥᾷον
992 4471 1146 4555 reposuit.
1195 4467 1259 4534 Sed
1282 4488 1377 4536 nemo
1399 4489 1493 4555 opem
