3392 5186
913 349 978 416 382

349 540 579 628 pervulgatum
609 542 718 607 mendi
749 560 851 629 genus
873 545 921 605 est
944 560 1002 626 pro
1024 541 1068 614 είρ
1087 541 1219 621 Ἔρεβος
1243 539 1382 622 Τρέψαρ.
1427 539 1550 605 Fidem

348 645 444 712 faeiat
465 645 555 712 loeus
577 671 613 724 μ.
639 645 693 711 81.

575 753 647 833 πρὸς
672 751 764 835 ζίΦον
789 755 832 825 είς
853 752 984 833 Ἔρεβος
1007 753 1271 831 ΤΘΤΡαριμένον.

396 857 586 944 Saepissime
618 859 652 924 in
681 857 818 926 Homeri
848 857 940 924 llbris
969 860 1083 940 τρέψαι
1114 867 1147 926 et
1176 858 1288 941 τρέψαι
1308 862 1393 925 inter
1415 881 1449 924 se
1473 879 1550 925 oon·

348 965 536 1031 funduntur.

394 1069 484 1135 Iliad.
512 1081 551 1134 Δ.
579 1071 655 1137 520.
682 1071 800 1152 τρέψον
824 1109 865 1120 -
890 1073 1019 1153 τρέψαι.

394 1184 441 1240 Μ.
468 1175 544 1241 249.
569 1176 739 1257 ἀποτρέψει
764 1215 806 1226 -
830 1179 1010 1258 ἀποτρέψει.

397 1294 436 1348 Σ.
463 1280 539 1348 469.
566 1281 676 1365 ἔτρεψε
700 1321 743 1334 -
767 1282 887 1363 ἔτρεψε.

397 1387 474 1455 544.
499 1391 670 1472 τρέψαντες
694 1427 736 1438 -—
760 1388 941 1470 τρέψαντες.

398 1493 474 1561 646.
499 1493 674 1577 τρέψασιιον
699 1521 747 1544 -’
764 1495 949 1578 πρέψοισιιον.

396 1612 433 1668 Τ.
459 1599 535 1666 256.
561 1601 747 1684 ἀποτρέψεις
772 1641 814 1652 -
839 1601 1037 1686 ἀποτρέψεις.

398 1716 435 1772 Φ.
461 1706 540 1777 603.
561 1709 680 1791 τρέψας
705 1747 748 1758 ·-
771 1709 903 1792 τρέψαι.

396 1813 564 1899 Nusquam
595 1819 629 1880 in
659 1815 711 1880 his
741 1815 837 1881 dubia
869 1821 901 1882 et
923 1835 1036 1901 aneeps
1060 1817 1149 1900 optio
1172 1821 1238 1894 est,
1261 1815 1317 1881 sed
1339 1819 1492 1901 peccatur
1514 1817 1550 1880 in

352 1919 444 1986 Iliad.
469 1929 511 1986 Ψ.
536 1919 614 1988 436.

532 2029 576 2104 μή
601 2051 666 2100 πως
691 2027 898 2109 συγκύρσειαν
922 2028 977 2110 ὁδῷ
1003 2027 1044 2093 ἔνι
1068 2025 1209 2110 μώνυχες
1234 2025 1336 2112 ίπποι,

536 2134 659 2215 δίφρους
684 2136 713 2199 τ’
738 2134 957 2214 ἀνετρέψειαν.

349 2259 412 2304 non
442 2241 501 2306 hoo
529 2239 697 2306 Menelaus
727 2241 904 2318 metuebat,
938 2241 993 2306 sed
1022 2262 1063 2306 ne
1094 2261 1204 2306 eumne
1229 2247 1407 2324 meterent,
1432 2243 1547 2318 μήπως

351 2345 566 2426 ἀντρέψειαν,
591 2345 675 2430 quod
699 2346 738 2410 ab
762 2345 908 2412 Emestio
929 2351 1092 2431 repertum
1116 2345 1239 2410 dudum
1261 2353 1425 2432 receptum
1455 2367 1550 2434 opor·

351 2455 466 2516 tuerat.
513 2451 710 2536 Perpetuam
741 2456 789 2516 est
818 2455 852 2516 in
880 2472 917 2517 es
940 2473 974 2517 re
997 2452 1133 2517 verbum
1154 2449 1335 2531 ἀνατρέπειν
1361 2457 1393 2518 et
1415 2457 1547 2539 proprie

353 2555 534 2634 ἀνατρέπειν
566 2557 621 2631 τήν
651 2554 826 2637 τράπεζαν,
859 2562 891 2622 et
921 2555 1057 2645 figurata
1088 2555 1281 2638 ἀνατέτροφε
1304 2559 1359 2633 τὴν
1380 2560 1544 2638 πατρίδα,

352 2664 408 2736 τήν
432 2662 539 2740 πίλιν,
563 2662 798 2738 τὴνπολιτείαν
822 2667 855 2728 et
876 2661 1009 2728 similia.

885 2841 999 2907 LXVI.

722 2994 909 3069 Ἀπειλήτην
935 3031 976 3042 -
1003 2993 1174 3074 Δορπήτην.

398 3146 655 3233 Reprehenditnr
685 3165 925 3230 nonnumquam
959 3145 998 3210 ab
1033 3147 1215 3211 Aristarcho
1249 3146 1426 3213 Zenodotus
1462 3147 1550 3234 quod

352 3253 495 3319 Homero
524 3272 580 3338 pro
610 3251 726 3316 Ionicis
756 3249 886 3316 Doricus
909 3250 1027 3316 formas
1050 3251 1205 3328 obtrusit,
1226 3258 1263 3318 nt
1285 3252 1377 3318 Iliad.
1403 3263 1443 3318 A.
1471 3252 1549 3320 198.

353 3360 384 3447 (ή
415 3359 509 3432 διπλή
542 3357 773 3444 περιεστιγμένη)
810 3351 856 3420 tn
894 3353 1055 3430 Ζηνόδοτος
1086 3356 1205 3437 γροίφει
1236 3359 1361 3439 σ’ρήτο.
1395 3363 1487 3424 τοῦτο
1517 3359 1548 3424 δὲ

353 3469 474 3546 Δώριον.
523 3463 606 3529 Sunt
637 3469 744 3528 tamen
775 3465 958 3529 etiamnunc
989 3463 1074 3547 apud
1104 3468 1232 3547 poetam
1257 3464 1376 3530 formae
1399 3463 1546 3532 Doricae.

352 3569 466 3657 Odyss.
497 3585 526 3634 λ.
562 3567 636 3634 313.
670 3571 842 3643 ἀπειλήτην
873 3575 904 3634 et
935 3591 959 3631 ο.
992 3567 1067 3632 302.
1092 3568 1250 3647 δορπήτην.
1297 3569 1488 3636 Rectissime
1513 3574 1547 3635 in

352 3677 460 3744 verbis
485 3683 540 3750 τής
565 3675 707 3756 δευτέρας
732 3671 883 3754 συζυγίας
910 3674 1061 3739 scribitur
1083 3675 1235 3753 αὐδήτην,
1259 3676 1413 3751 συλήτην,
1438 3700 1546 3741 συναν·

353 3783 463 3866 τήτην,
488 3781 656 3862 φοιτήτην,
683 3781 738 3846 sed
762 3782 904 3845 ἀπειλεῖν
928 3786 960 3846 et
982 3780 1099 3861 δορπεῑν
1123 3780 1283 3846 habebant
1302 3783 1497 3857 ἀπειλθῑτην
1517 3789 1548 3848 et

354 3888 545 3969 δορπείτην,
570 3887 654 3972 qnod
680 3885 905 3973 reponendum.

884 4064 1017 4131 LXVII.

659 4215 898 4281 ’ANecxeoe
924 4253 968 4266 —
990 4224 1234 4282 ANecxeTO.

398 4367 448 4432 Ad
472 4365 564 4432 Iliad.
590 4375 627 4433 K.
652 4365 727 4432 321.

452 4471 526 4536 ἀλλ’
548 4470 611 4551 ἀρε
635 4497 687 4550 μοι
711 4479 745 4538 τὸ
770 4481 921 4552 σκήπτρου
946 4473 1100 4556 ἀνάσχεΟ
1126 4475 1182 4540 καί
1205 4497 1255 4553 μοι
1279 4473 1416 4552 ὄμοσσον.
