3208 5158
895 365 958 439 170

333 559 479 648 (Μοισῶν)
512 565 542 627 τ’
572 561 791 643 οίγχεμιίχον.
839 561 902 626 sed
932 567 1030 626 restat
1057 565 1091 626 in
1127 565 1260 628 caeteris
1292 559 1508 627 inextricabilis

331 667 510 733 difficultas.
557 667 744 753 Reponunt:
769 669 799 730 ἐν
823 669 866 746 τῷ
890 668 1130 749 τρισκαιδεκάτῳ
1153 669 1286 749 γράφειν
1307 669 1402 753 idque
1420 670 1508 754 signi-

331 771 422 838 ficare
454 780 567 857 putant
599 776 652 851 „in
683 776 758 837 libro
790 773 895 836 XIII.’'
941 771 1003 837 Sed
1034 777 1105 858 quis
1136 773 1328 840 Graecorum
1365 794 1507 858 umquam

331 881 376 942 sic
407 878 542 943 Homeri
574 878 681 946 locum
712 876 877 944 laudavit?
924 877 1002 958 Quis
1031 901 1092 944 non
1120 884 1230 945 statim
1253 879 1386 946 Homeri
1410 899 1507 944 versus

331 985 521 1071 agnoscebat
555 991 587 1050 et
619 985 704 1049 unde
734 987 834 1049 sumti
866 989 969 1048 essent
998 983 1239 1050 recordabatur?
1269 986 1452 1070 pracsertim
1479 986 1508 1046 in

331 1087 401 1156 loco
425 1095 490 1154 tam
514 1089 688 1155 celebrato:

650 1195 747 1260 τοίλιν
770 1194 878 1274 τρέπεν
901 1193 972 1258 ὅστε
991 1196 1108 1275 Φαεινοί
1133 1197 1197 1260 ari.

378 1299 613 1385 Apponendum
636 1306 683 1366 est
706 1302 740 1364 in
762 1303 926 1388 margine,
949 1306 988 1365 ut
1011 1307 1133 1367 veteres
1157 1299 1276 1378 solent,
1301 1299 1394 1381 ζήτει.

378 1507 459 1595 Pag.
491 1507 568 1574 296.
615 1513 726 1576 Auctor
757 1519 800 1575 eat
830 1512 1025 1587 Posidonius,
1062 1512 1184 1595 inquit,
1219 1511 1377 1576 Homerum
1409 1509 1509 1587 ιίβίονς
1588 1513 1589 1596 ζ

334 1616 566 1695 προσαγορεύειν
587 1615 711 1694 ρκοίλιςοι
736 1612 781 1680 ἔτι
804 1617 897 1697 χωρὶς
921 1623 1073 1694 γυναικῶν
1097 1619 1264 1694 ἡγούμενον
1292 1619 1423 1693 ἡμιτελῆ
1446 1615 1508 1677 τινὰ

335 1721 403 1795 βίον
427 1719 478 1784 τὸν
502 1730 604 1801 χῆρον.
651 1721 768 1786 Manca
792 1729 825 1786 et
843 1723 1029 1808 imperfecta
1048 1725 1148 1788 oratio
1167 1729 1214 1787 est
1233 1717 1279 1787 ὅτι
1299 1721 1392 1801 χωρίς
1412 1745 1508 1798 γυναι·

337 1831 413 1901 κῶν,
446 1832 478 1890 et
508 1832 546 1890 ut
575 1826 778 1914 intelligatur
801 1828 880 1893 adde
912 1827 1038 1908 ζῶσιν.
1085 1827 1223 1893 Mirifice
1244 1835 1353 1892 autem
1373 1828 1448 1892 baec
1468 1831 1509 1888 est

334 1933 553 2016 interpretatio
584 1937 617 1997 et
646 1933 788 1997 eiusdem
820 1933 883 1998 scre
909 1936 1004 2017 pretii
1027 1939 1122 2018 atque
1146 1933 1342 2021 etymologia
1363 1953 1435 1998 vere
1456 1931 1509 1995 Ro

335 2057 429 2101 mana
454 2054 624 2120 „conarere
648 2039 734 2122 ριιαιι·
756 2039 840 2101 dicar
861 2037 1045 2102 eonnrrus.''

381 2141 458 2206 Post
489 2163 589 2228 pauca
612 2143 834 2208 scribendum:
860 2144 929 2216 τοὺς
954 2144 1062 2221 cillicae
1089 2152 1145 2207 OT
1170 2143 1240 2213 τοὺς
1264 2146 1374 2222 χίρους
1398 2148 1509 2219 μῖιλλον

336 2247 353 2323 ἢ
386 2249 455 2320 τοὺς
488 2249 623 2320 οίνεςίουτ
656 2286 697 2297 -
730 2247 847 2323 δέξαιτ’
881 2248 919 2313 νίν
949 2273 1007 2321 τις.
1053 2249 1274 2314 Necessarium
1307 2251 1338 2312 οὐ
1366 2252 1403 2315 in
1422 2246 1509 2314 Oodd.

336 2357 491 2419 omissum
514 2357 657 2419 inserunt
680 2361 752 2439 post
775 2355 885 2434 χοίρους
910 2361 1018 2420 contra
1037 2351 1231 2420 Graecorum
1250 2354 1510 2420 consuetudinem.

381 2561 461 2648 Peg.
487 2559 562 2624 301.
587 2559 601 2624 ί
622 2559 811 2640 Ἀναχαρσις
832 2562 883 2624 καί
900 2561 1037 2642 ’Άβαρις
1059 2599 1100 2610 -
1121 2559 1229 2626 ε’ίνικίν
1248 2585 1317 2627 τινα
1336 2571 1511 2642 χαρακτῆρα

337 2665 529 2746 ἘΠέφαινον
570 2667 710 2738 εὐκολίας
752 2668 803 2730 καί
839 2668 998 2742 λιτότητος
1034 2668 1087 2731 καί
1124 2666 1323 2738 δικαιοσύνης.
1382 2667 1511 2733 Verbum

337 2771 511 2850 ἐπιφαίνειν
542 2791 604 2836 non
632 2779 680 2837 est
702 2772 798 2838 huius
821 2773 900 2838 loci:
926 2774 1033 2838 sedem
1055 2773 1152 2838 habet
1174 2774 1208 2836 in
1225 2775 1402 2856 probaticae
1425 2781 1455 2838 et
1472 2773 1512 2836 dc
1589 2809 1590 2856 i

335 2877 553 2941 monstratione.
601 2879 680 2944 Prae
713 2901 744 2942 οε
769 2879 862 2962 ferre
896 2879 1007 2955 vultu,
1043 2880 1171 2956 habitu,
1207 2881 1350 2955 incessu,
1385 2882 1511 2943 oratione

336 2984 453 3048 dicitur
476 2982 683 3062 ἘΜΦαίνεια
730 2983 810 3070 Pag.
836 2983 910 3052 628.
935 2989 987 3048 τοῦ
1012 2984 1043 3048 δὲ
1067 2984 1205 3061 νεωτέρου
1227 2983 1383 3066 (Diodori)
1408 2981 1510 3060 ίςορικιδ

337 3086 581 3169 compleuerat
606 3089 651 3155 ἒςι
676 3126 717 3137 -
739 3092 794 3164 τὴν
818 3091 955 3168 ἀρχαίαν
980 3095 1106 3170 γραφὴν
1129 3092 1367 3169 ἘΠΙΦαίνοντα
1394 3092 1510 3159 ἱκανῶς,

335 3201 420 3260 reete
443 3195 580 3260 correxit
600 3196 705 3258 nescio
728 3197 799 3278 quis
821 3197 854 3258 in
878 3194 996 3261 Aldina
1018 3197 1221 3276 ἐμφαίνοντα.
1269 3196 1465 3260 Aristarchus
1482 3195 1511 3254 in

336 3300 443 3367 Schol.
474 3301 514 3364 ad
536 3297 650 3385 Odyss.
673 3324 707 3378 γ.
732 3299 783 3364 71.
810 3299 876 3364 οὐδὲ
899 3301 962 3382 γὰρ
987 3306 1037 3365 νῦν
1061 3303 1086 3366 οἱ
1111 3301 1177 3380 περί
1202 3301 1398 3381 Τηλέμαχον
1421 3315 1512 3380 λρςρι·

338 3405 388 3474 κίν
411 3430 441 3472 τι
463 3406 676 3486 ἐμφαίνουσιν.

385 3613 412 3677 Ρ
456 3661 463 3677 .
491 3610 567 3677 302.

414 3634 456 3702 ³8
474 3715 715 3801 Γλακτοφιίναν
738 3719 780 3790 είς
805 3726 903 3796 νοτίαν
925 3719 1081 3796 dwianii)
1104 3720 1177 3784 οἰκί’
1201 3719 1345 3800 ίχίντοιν.

385 3823 677 3909 Obtemperandum
710 3824 848 3890 Porsono
880 3831 945 3904 cst,
977 3828 1032 3910 qui
1063 3825 1202 3900 σὶτιὶνΛΟ
1236 3826 1333 3890 scribi
1366 3824 1454 3888 iussit
1485 3820 1514 3882 in

339 3931 464 3996 Adverc.
489 3949 562 4016 pag.
589 3928 665 3992 316.

386 4137 465 4224 Peg.
492 4133 568 4200 302.
593 4158 692 4222 quum
717 4143 798 4203 esset
820 4140 854 4201 in
877 4143 983 4204 vetere
1006 4137 1101 4204 libro:

742 4244 756 4307 ί
781 4243 811 4308 δὲ
837 4244 1039 4324 δρομιχαίτκς

614 4350 699 4414 κατα
723 4347 793 4420 τοὺς
819 4349 980 4431 διαδόχους
1004 4349 1036 4426 ἦν
1082 4363 1141 4419 τινα
1159 4357 1303 4428 αλεξάνδρου

613 4460 711 4534 γετῶν
734 4453 900 4532 βασιλεύς.
