3404 5192
758 353 824 424 827

193 547 269 612 hine
308 545 343 610 in
385 541 536 612 Scholion
577 543 691 611 Veneti
725 556 759 610 B.
794 545 820 611 ei
855 542 887 610 δι
922 541 1191 624 συναείρεται
1225 543 1294 608 ἀντὶ
1329 546 1383 610 τοῦ

194 649 383 733 ουζεθξει
409 649 487 738 (leg.
511 649 652 738 ουζεθξή)
677 652 716 725 ὥς
740 649 791 716 τι·

600 754 654 820 σὺν
678 755 704 820 δ’
729 757 822 837 ήειρεν
847 756 950 835 leelina

238 861 298 928 use
328 861 365 926 in
399 881 435 927 oa
469 882 503 928 re
529 863 694 948 proprium
725 863 861 929 verbum
893 859 1068 943 ουνιιειρειν.
1115 861 1250 951 Legitur
1279 864 1315 928 in
1344 861 1382 928 B.

194 964 361 1034 Scholion:
392 967 406 1032 l
438 962 481 1041 ele
514 965 696 1050 ε’ζευγμένος
728 966 820 1042 ἵππος
855 966 977 1043 κέλης
1010 966 1185 1046 θνθμοιςαι,
1217 970 1243 1034 οἱ
1273 967 1304 1034 δὲ
1333 967 1384 1034 δύο

194 1069 380 1151 ἅμιπποι
424 1068 438 1138 l
480 1073 532 1138 καὶ
570 1071 758 1154 ξυνωρίς,
795 1075 820 1140 ol
857 1073 890 1139 δὲ
923 1071 1070 1154 τέτταρες
1104 1073 1299 1155 τέτρωρον
1332 1073 1383 1140 καὶ

195 1179 426 1259 τέθριππον.
465 1177 616 1244 Nascitur
639 1180 726 1244 enim
750 1201 790 1245 ex
813 1179 978 1260 τνναεθρειν
1002 1181 1155 1261 ουνήορος,
1180 1187 1218 1246 ιιι
1240 1180 1385 1262 παρήορος

195 1283 394 1372 (παραεθρειν)
427 1287 459 1348 et
489 1284 632 1363 μετήορος
668 1285 882 1370 (μεταειρειν).
940 1285 1086 1366 Συυήορος
1115 1286 1212 1352 habet
1241 1288 1385 1353 Atticam

194 1389 331 1454 formam
353 1387 493 1470 συνθορος
516 1393 548 1455 et
571 1391 616 1456 aie
640 1389 776 1472 τυναορθς
802 1395 834 1456 et
856 1387 978 1472 ξυνωρθς
1003 1395 1115 1456 natum
1140 1396 1205 1476 eat,
1225 1397 1263 1457 ιιι
1282 1393 1382 1474 liene,

195 1494 328 1577 liiupoe,
372 1515 449 1560 nam
483 1495 646 1576 συναείρειν
681 1502 729 1562 eet
763 1495 985 1578 συζευγνύναις
1021 1499 1129 1582 itaque
1162 1495 1301 1577 συνθορος
1337 1503 1385 1564 eat

194 1599 325 1682 ούζυγος
357 1601 474 1664 coeloe.
521 1600 668 1668 Indidem
698 1604 802 1690 igitur
824 1602 983 1684 τετροιορος
1009 1608 1041 1668 et
1064 1602 1206 1684 τέτρωρος
1229 1609 1384 1692 prognata

194 1712 279 1774 aunt.
309 1705 360 1771 Ex
384 1706 529 1786 παρήορος
553 1707 728 1794 (παρήορος)
749 1713 863 1774 natum
887 1714 935 1773 est
957 1708 1109 1774 Doricum
1132 1709 1266 1792 πθραρος
1290 1717 1385 1775 merle

189 1819 311 1897 οοριιιι,
334 1817 373 1878 ιιι
394 1810 480 1898 apud
501 1811 732 1878 Archilochum
755 1818 820 1879 eati

442 1915 541 1998 ποιτερ
567 1916 754 1997 Λυκιιμβα,
778 1926 862 1985 ποῖον
885 1917 1010 2002 impetro
1034 1919 1122 1996 τθθες

510 2022 558 2099 τις
582 2024 642 2098 τοις
666 2023 808 2105 παρήειρε
832 2023 963 2107 Φρὲνας,

440 2125 481 2202 θος
504 2129 540 2196 τι
564 2129 633 2208 πρὶν
657 2131 833 2212 ήρήρειτθας

191 2257 268 2322 qaae
295 2243 324 2301 le
352 2236 500 2302 θαυοιιθία
530 2235 632 2321 cepit?
661 2239 695 2302 et
725 2257 765 2302 ox
790 2235 935 2317 μετήορος
961 2233 1134 2322 (μετοιορος)
1158 2236 1305 2303 Atticum
1328 2260 1382 2314 με·

191 2341 310 2423 τέιορος.

237 2449 378 2534 Apparet
412 2450 521 2514 antem
555 2469 595 2513 ex
627 2449 669 2513 iia
704 2467 783 2534 quae
817 2447 901 2534 apud
935 2446 1153 2534 Porphyrium
1186 2452 1379 2532 sequuntur,

191 2553 284 2619 cuine
314 2552 427 2620 (lritici
457 2551 535 2620 haec
563 2555 607 2618 ait
634 2552 697 2619 loci
726 2552 893 2619 Homerici
922 2553 1102 2619 emendatio
1132 2558 1165 2618 et
1191 2553 1319 2639 querele
1342 2556 1381 2622 de

192 2654 348 2725 Codicum
370 2659 470 2726 vitiis.
517 2657 575 2724 Eat
596 2658 612 2723 θ
636 2657 791 2741 θιορθιοτής
815 2659 829 2724 θ
853 2660 1008 2732 Κοτυαεὺς
1032 2655 1247 2740 Ἀλέξανδρος,
1272 2663 1329 2746 qui
1346 2663 1382 2727 in

192 2769 338 2832 veterum
369 2763 462 2830 libris
492 2765 686 2852 corrigendis
716 2769 854 2832 aetatem
878 2766 1046 2843 contrivit,
1071 2770 1110 2831 ut
1133 2770 1268 2832 testetur
1290 2767 1384 2834 disci·

191 2869 288 2957 pulos
330 2869 486 2936 Aristides
531 2867 727 2958 Smymeena
761 2873 794 2937 in
830 2871 940 2938 dilecti
971 2874 1182 2958 praeceptoris
1216 2851 1414 2956 ἔπιτοφιῳ.’

194 2975 314 3058 „Quom
344 2982 418 3042 cerel
447 2976 482 3040 ιἰι
515 2997 564 3052 eo,
597 2977 714 3062 ιιιρυίθ,
745 3000 852 3060 παραυ
881 2978 927 3042 eie
955 2977 1074 3042 θιοοιιιθι
1096 2985 1125 3042 et
1137 2979 1274 3062 propriie
1295 2981 1383 3046 lilrie

191 3081 385 3147 θιιοιοτιιοοοι
413 3088 509 3165 ροιιοι
540 3085 664 3158 μᾶλλον
697 3079 796 3149 εἵλετο
827 3084 883 3158 τήν
906 3090 968 3158 τοῖς
993 3091 1140 3154 παλαιοῖς
1160 3080 1295 3158 Ἔλλιιτι
1318 3085 1382 3152 διοι-

191 3188 293 3255 ιιονιοιν
322 3187 414 3254 'Pom
445 3187 470 3252 L
501 3207 576 3275 pag.
610 3184 685 3254 137.
715 3188 809 3254 Dind.
837 3187 922 3268 Quot
944 3193 1052 3273 poetas
1075 3189 1251 3254 emendarit
1274 3195 1307 3256 et
1329 3213 1381 3257 ex·

189 3293 338 3381 pliouerit
366 3292 441 3361 vide
469 3313 545 3382 ρος.
579 3293 653 3360 142.
701 3293 786 3375 Quot
821 3291 952 3360 Codices
986 3295 1157 3360 correxerit
1189 3314 1261 3382 pag.
1301 3293 1378 3363 141.

189 3401 247 3466 ιιοιν
269 3407 333 3472 τοῖς
355 3398 494 3478 βιβλίοις
514 3395 536 3466 οι
556 3399 708 3479 διωρθοῦτο
729 3399 806 3486 (leg.
826 3397 956 3480 διώρθου)
974 3402 1065 3464 τοῦτο
1086 3398 1376 3477 ἐγκαταλέλειπται

191 3504 359 3585 σύμβολον.
393 3503 443 3572 ἔτι
476 3505 540 3586 γὰρ
570 3505 613 3586 τῷ
645 3502 839 3586 Ἀλεξάνδρῳ
863 3502 1090 3586 παράγραμμα
1113 3501 1148 3578 ήν
1172 3506 1189 3580 ή
1214 3505 1326 3586 πατρθς
1351 3506 1378 3594 (θ

191 3610 373 3699 Κοτυαεθι).
418 3609 477 3679 Fet
509 3613 614 3700 igitur
647 3611 818 3700 diligenter
851 3610 1027 3677 notandum
1061 3609 1161 3676 talem
1192 3611 1300 3676 virum
1335 3615 1380 3679 aie

191 3719 281 3805 queri
312 3718 351 3784 de
373 3715 465 3784 libris
486 3723 634 3785 vatorum
656 3718 832 3796 mendosis,
858 3737 920 3802 qno
943 3737 1037 3784 nemo
1058 3715 1166 3802 plures
1188 3719 1380 3785 tractaverat

190 3827 439 3909 correxeratque.
485 3822 717 3890 inconsiderate
745 3825 850 3912 igitur
875 3821 1016 3889 Sicinius
1037 3824 1072 3886 in
1095 3819 1225 3907 praefat.
1252 3821 1292 3887 ad
1314 3822 1380 3890 He-

190 3929 340 3996 rodotum
368 3949 443 4017 pag.
467 3927 553 3994 LXI.
575 3928 705 3996 laudato
729 3928 902 3996 Alexandri
924 3928 1043 3993 indicio
1066 3927 1144 3992 haec
1167 3927 1264 3993 verba
1283 3930 1377 3994 iecit:

193 4057 267 4115 „nee
296 4035 395 4117 moeni
417 4035 571 4120 faciende
600 4035 663 4100 eice
691 4035 825 4121 querella
855 4035 917 4098 eice
947 4032 1143 4098 leelimom'om
1175 4034 1212 4097 de
1244 4033 1379 4098 Collinam

191 4141 415 4226 deprecatione:
444 4141 488 4206 aie
516 4145 593 4205 caim
621 4157 847 4206 Decumum
876 4140 972 4204 aeleal
997 4137 1107 4204 Geloi
1130 4160 1194 4202 οιοιιι
1218 4139 1291 4224 quid
1303 4163 1379 4224 poe·-

191 4247 319 4312 ton'uel.
343 4244 429 4312 Nem
452 4247 480 4311 ai
502 4245 694 4311 declamitare
716 4251 765 4311 eat
788 4245 827 4310 de
850 4244 944 4310 rebus
968 4263 1045 4330 qnae
1067 4264 1131 4310 non
1154 4245 1231 4308 actis
1255 4247 1381 4311 noveris

191 4353 300 4418 inenia
312 4352 409 4419 verba
426 4352 559 4430 iactare,
581 4357 693 4418 utrum
710 4353 778 4436 ipae
798 4371 838 4416 an
849 4349 1030 4416 Alexander
1041 4351 1147 4438 magia
1158 4347 1383 4417 declamitare·

191 4457 237 4522 rit
254 4455 346 4522 facile
364 4455 572 4546 dignoscitur.
606 4457 751 4524 Alteram
771 4456 951 4523 evidentem
971 4454 1035 4522 loci
1050 4455 1213 4522 Homerici
1236 4457 1381 4528 emenda·
