3232 5176
892 375 935 446 68

310 569 426 635 horum
449 567 534 634 cadit
557 570 591 632 in
613 567 698 632 hunc
720 567 839 634 iocum.
886 567 1071 634 Reddemus
1093 570 1196 656 igitur
1218 567 1325 634 sciolis
1344 589 1400 634 sna
1421 568 1513 633 addi-

313 679 456 740 tamenta
478 679 510 738 et
532 673 716 740 cavebimus
737 693 777 738 ne
800 679 919 738 temere
943 671 1036 737 libris
1059 676 1158 739 etiarn
1180 677 1311 759 optimis
1331 674 1510 739 credamus.

358 777 484 844 Similis
522 777 724 863 interpolatio
762 781 797 842 in
836 777 979 844 eiusdem
1014 776 1077 842 loci
1108 781 1201 844 initio
1233 779 1510 844 animadvertitur.

313 883 582 950 Emendavimue:
616 882 774 963 σκέψασθε
807 883 837 947 δὲ
871 881 892 948 oi
917 906 963 956 τις
987 882 1213 963 usmaitaindau
1237 881 1305 966 ἔχοι
1329 886 1425 950 εἰπεῖν
1453 892 1511 949 τών

314 995 342 1054 τ’
375 991 495 1060 ἒκεθνοις
528 988 756 1068 πεπραγμένων
781 991 844 1054 xri.
893 987 930 1054 In
953 989 1045 1054 libris
1068 995 1116 1054 est
1139 988 1206 1070 ἔχοι
1230 997 1289 1054 τών
1312 989 1513 1070 πραγμάτων

314 1097 419 1160 εἰπεῖν.
467 1095 552 1166 Tum
576 1098 610 1159 in
634 1093 657 1160 S
681 1095 831 1160 scribitur
854 1095 950 1160 εἰπεῖν
974 1091 1011 1158 ἵν’
1033 1095 1224 1168 ώιιοθοαντες
1245 1101 1303 1160 τῶν
1323 1097 1354 1160 τ’
1375 1097 1509 1173 ἐκείνοις,

312 1204 347 1265 in
378 1205 509 1268 caeteris
539 1202 637 1266 εἰπεῖν
668 1202 736 1279 περὶ
768 1203 826 1264 τῶν
858 1203 887 1263 τ’
920 1199 1053 1272 ἐκείνοις.
1102 1199 1275 1265 Manifesta
1305 1202 1457 1267 mendosa
1481 1209 1512 1266 et

315 1306 505 1392 interpolata
526 1306 604 1372 haec
622 1311 707 1372 sunt.
750 1305 845 1371 Dicat
865 1307 1087 1370 testimonium
1106 1307 1174 1390 ipse
1193 1305 1423 1372 Demosthenes
1436 1327 1509 1394 pag.

318 1410 372 1478 34.
404 1409 459 1478 27.
492 1413 591 1478 καίτοι
624 1411 782 1490 σκέψασθε
806 1449 849 1460 -
873 1407 895 1476 ώ
918 1433 965 1474 τις
989 1408 1028 1474 θιν
1051 1409 1218 1491 κεφώλαιοι
1242 1412 1339 1478 εἰπεῖν
1361 1409 1427 1492 ἔχοι
1454 1420 1510 1477 τών

317 1520 345 1581 τ’
369 1518 500 1582 ἐπὶτῶν
524 1516 675 1598 προγθνων
698 1515 793 1598 ἔργων
817 1516 869 1581 καὶ
894 1523 952 1581 τών
976 1516 1029 1596 ἐφ’
1052 1517 1148 1593 ἡμῶν.

362 1728 502 1794 Maiores
531 1731 649 1806 nostri,
680 1732 801 1813 inquit,
835 1729 940 1793 πολλοὶ
968 1728 1020 1794 καὶ
1045 1729 1133 1794 καλοὶ
1158 1727 1272 1804 ἔςνσαν
1296 1731 1432 1811 πρθποιια
1458 1733 1509 1813 ἐφ’

317 1828 359 1907 οἷς
382 1834 426 1899 ἔτι
451 1834 504 1898 καὶ
529 1840 579 1900 νῦν
600 1837 688 1911 ἡμεῖς
708 1834 967 1924 Φιλοτιμοθμεθα.
988 1833 1088 1899 καίτοι
1109 1836 1249 1916 νρμθζεπε
1268 1841 1374 1902 ταῦτα
1396 1839 1507 1911 αὐτοὺς

315 1949 409 2014 ςῆσοιι
432 1941 492 2022 οὐχ
516 1937 566 2004 ἵνα
590 1939 796 2022 θαυμάζωμεν
821 1943 911 2017 ἡμεῖς
933 1941 1106 2020 θεωροῦντες
1132 1943 1235 2018 αὐτώ,
1260 1943 1337 2006 ἀλλ’
1362 1941 1410 2007 ἵνα
1437 1952 1507 2006 ΚΑΙ

316 2047 483 2124 μιμώμεθα
514 2046 574 2117 τώς
604 2051 663 2110 τών
695 2045 866 2110 οἱναθέντων
898 2047 1021 2125 ώρετώς.
1069 2045 1159 2112 Libri
1191 2067 1301 2112 omnes
1331 2055 1458 2134 praeter
1487 2047 1508 2112 d

319 2149 525 2231 θαυμώζωμεν
554 2151 643 2230 μόνον
668 2151 764 2235 idque
785 2151 1002 2236 reponendum
1025 2153 1064 2217 ob
1088 2173 1133 2238 sq.
1159 2151 1209 2218 ina
1235 2163 1304 2218 ΚΑΙ
1328 2154 1507 2230 μιμώμεθα.

317 2257 413 2324 Hunc
444 2278 568 2343 qnoque
597 2255 766 2322 flosculum
797 2278 837 2321 ex
859 2256 1072 2323 Demosthene
1095 2258 1250 2344 decerpsit
1273 2280 1346 2346 pag.
1373 2259 1451 2324 201.
1478 2261 1507 2325 2.

318 2365 441 2444 χαίρετ’
473 2365 631 2434 ώιιοθοντες
665 2359 739 2428 ὅταν
768 2386 815 2435 τις
849 2363 959 2444 ἐπαινῇ
988 2365 1057 2436 τοὺς
1090 2365 1251 2444 προγόνους
1285 2368 1366 2441 ὑμῶν
1390 2367 1444 2430 καὶ
1467 2367 1507 2430 τοὶ

319 2469 530 2548 πεπραγμένα
553 2469 673 2539 ε’κεθνοις
698 2465 792 2548 διεξίω
815 2468 868 2532 καὶ
889 2469 931 2532 τοὶ
951 2467 1086 2546 τρθπαια
1107 2472 1198 2550 λέγρ.
1237 2470 1391 2550 Νομθζετε
1411 2474 1508 2536 τοίνυν

319 2572 411 2639 ταῦτ’
446 2575 600 2638 ώναθεῖναι
632 2572 701 2644 τοὺς
735 2575 897 2652 προγόνους
930 2573 1013 2652 ώμών
1044 2576 1105 2655 οὐχ
1136 2572 1186 2640 ἵνα
1219 2575 1393 2656 θαυμώζιςτ·
1425 2578 1508 2641 αὐτοὶ

318 2682 491 2759 θεωροῦντες
511 2678 587 2743 ἀλλ’
607 2675 656 2743 ἵνα
680 2688 751 2744 ΚΑΙ
775 2682 910 2757 μιμῆσθε
934 2681 993 2752 τώς
1018 2687 1076 2746 τῶν
1101 2681 1271 2747 ώναθθντων
1296 2681 1431 2763 ώρετώς,
1453 2684 1509 2750 ubi

320 2805 358 2850 ex
382 2783 454 2850 aliis
475 2783 567 2849 libris
590 2785 763 2864 θεωροῦντες
786 2794 948 2851 MONON
973 2786 1157 2874 legendum.

366 2995 444 3082 Peg.
478 2993 553 3060 174.
585 2993 637 3060 10.
670 2997 759 3072 ἡμεῖς
783 2997 810 3061 δ’
835 2991 905 3071 dunc
930 2993 1070 3069 ἅπαντες
1096 2998 1186 3076 σ’ρῖοτε
1211 2997 1339 3076 ε’ριρμθοις
1364 2998 1509 3074 ἐπειλημ-

320 3098 403 3178 μένοι
427 3098 586 3180 σκέψασθε
609 3102 634 3165 εἱ
660 3103 880 3180 παραπλήσια.
908 3104 941 3167 οὐ
965 3101 1061 3168 πλεθω
1086 3104 1142 3179 μὲν
1165 3107 1182 3178 ἢ
1206 3102 1302 3182 χθλια
1324 3104 1375 3168 καὶ
1399 3126 1509 3168 πεντα-

320 3207 408 3270 κθσια
429 3204 574 3271 τώλαντα
596 3207 753 3280 ἀνήλωται
776 3207 878 3285 μώτιςν
900 3210 943 3280 εἷς
965 3210 1035 3281 τοὺς
1048 3215 1106 3273 τών
1120 3211 1273 3283 Ἑλλήνων
1286 3212 1507 3284 ’ΛΠΟΡΟΤΟ,

319 3309 525 3388 ἐξανήλωνται
550 3311 581 3376 δὲ
604 3309 635 3377 οἵ
653 3337 688 3376 τε
712 3313 777 3378 ἴδιοι
802 3314 918 3386 πώντες
942 3311 1014 3380 οἶκοι
1037 3315 1090 3381 καὶ
1114 3317 1156 3380 τώ
1183 3316 1267 3380 κοινοὶ
1287 3327 1325 3398 τῇ
1347 3315 1437 3380 πόλει
1459 3313 1507 3378 καὶ

318 3419 361 3482 τοὶ
386 3417 472 3498 παρὰ
496 3423 554 3481 τών
578 3419 775 3498 συμμώχων,
796 3415 844 3490 οὓς
864 3420 890 3484 δ’
911 3420 942 3483 ἕν
959 3423 1001 3501 τῷ
1021 3419 1148 3501 πολέμῳ
1169 3421 1359 3501 συμμάχους
1380 3419 1509 3494 inrueri-

320 3531 402 3603 μεθα
433 3518 512 3588 οὗτοι
544 3527 595 3587 νῦν
626 3525 656 3588 ε’ν
680 3533 718 3606 τῇ
744 3525 842 3606 εἰρώνρ
866 3525 1075 3591 ώπολώλασιν.
1121 3526 1246 3591 Partim
1270 3528 1346 3592 haec
1369 3529 1510 3612 surrepta

320 3635 395 3696 eunt
425 3649 465 3694 ex
493 3649 566 3716 pag.
602 3625 657 3694 36.
687 3629 719 3694 9.
743 3630 839 3696 πλεθω
863 3631 892 3695 δ’
916 3633 934 3708 ἢ
958 3633 1051 3711 χίλια
1076 3632 1129 3696 καὶ
1154 3633 1343 3698 πενταιιθοια
1366 3635 1509 3698 τώλοιντα

320 3733 525 3812 ώνιρλώκαμεν
561 3736 604 3806 εἷς
640 3735 722 3802 οὐδὲν
757 3736 838 3814 δέον,
875 3733 923 3808 οὓς
960 3735 988 3800 t’
1031 3738 1061 3802 ἐν
1090 3739 1132 3816 τῷ
1163 3737 1288 3818 πολέμῳ
1320 3739 1508 3817 συμμάχους

320 3843 520 3915 ὲατνσώμεθοι
545 3841 658 3920 εθρθννς
683 3841 773 3914 οθσιρς
797 3841 1033 3908 ώπολωλέκοισιν
1057 3839 1147 3908 οὗτοι.
1195 3841 1258 3907 Ρτο
1281 3845 1324 3914 εἰς
1344 3845 1427 3908 οὐδὲν
1448 3841 1509 3906 δέον

318 3953 473 4034 impostor
495 3945 583 4013 uliud
607 3946 684 4031 quid
707 3949 931 4025 substituerat,
956 3968 1019 4014 non
1042 3947 1148 4013 hercle
1168 3950 1210 4019 εἷς
1229 3949 1299 4018 τοὺς
1319 3955 1378 4014 τῶν
1399 3949 1508 4021 Ἑλλή-

318 4078 372 4119 νων
396 4050 544 4131 οὶπθρονς,
570 4072 631 4136 qno
653 4052 736 4117 nihil
758 4055 898 4138 ineptius
917 4056 1093 4140 excogitari
1112 4057 1228 4140 potuit.
1265 4053 1343 4135 Quis
1364 4054 1509 4119 inducere

316 4165 422 4246 potest
450 4159 485 4220 in
517 4159 662 4222 animum
691 4159 900 4224 Athenienses
931 4159 1123 4243 impendisse
1157 4161 1201 4246 (et
1222 4161 1352 4245 fnestra
1382 4158 1508 4244 quidem

316 4268 474 4340 ἀνήλωται
507 4260 624 4347 μώτνν)
654 4267 836 4330 reinerum
859 4266 1026 4330 trecenties
1049 4267 1194 4352 sexagies
1218 4265 1258 4330 ad
1282 4263 1504 4330 sublevandam

316 4389 493 4458 pauperum
517 4370 551 4430 in
574 4365 707 4434 Graecia
730 4371 882 4455 inopiam.
918 4369 1042 4456 Nugari
1065 4370 1125 4435 hcc
1149 4370 1280 4453 quidem
1299 4375 1357 4434 est.
1398 4369 1508 4434 Fertur

317 4483 349 4543 et
372 4473 472 4541 altera
495 4472 590 4539 lectio
614 4473 783 4547 ώποεθλους
808 4476 933 4554 claram,
958 4494 1053 4560 quam
1078 4495 1138 4562 ego
1161 4496 1270 4540 veram
1291 4493 1358 4540 esse
1376 4473 1507 4541 arbitror
