<?xml version="1.0" encoding="UTF-8"?>
<!DOCTYPE html PUBLIC "-//W3C//DTD XHTML 1.0 Transitional//EN"
    "http://www.w3.org/TR/xhtml1/DTD/xhtml1-transitional.dtd">
<html xmlns="http://www.w3.org/1999/xhtml" xml:lang="en" lang="en">
 <head>
  <title>
</title>
<meta http-equiv="Content-Type" content="text/html;charset=utf-8" />
  <meta name='ocr-system' content='tesseract 3.04.00' />
  <meta name='ocr-capabilities' content='ocr_page ocr_carea ocr_par ocr_line ocrx_word'/>
</head>
<body>
  <div class='ocr_page' id='page_1' title='image "./miscellaneacrit01cobegoog_0549.png"; bbox 0 0 3372 5192; ppageno 0'>
   <div class='ocr_carea' id='block_1_1' title="bbox 883 317 950 394">
    <p class='ocr_par' dir='ltr' id='par_1_1' title="bbox 883 317 950 394">
     <span class='ocr_line' id='line_1_1' title="bbox 883 317 950 394; baseline 0.03 -2"><span class='ocrx_word' id='word_1_1' title='bbox 883 317 950 394; x_wconf 74' lang='lat'>522</span> 
     </span>
    </p>
   </div>
   <div class='ocr_carea' id='block_1_2' title="bbox 324 512 1523 3022">
    <p class='ocr_par' dir='ltr' id='par_1_2' title="bbox 324 512 1515 708">
     <span class='ocr_line' id='line_1_2' title="bbox 324 512 1515 600; baseline -0.001 -17"><span class='ocrx_word' id='word_1_2' title='bbox 324 513 403 583; x_wconf 76' lang='lat' dir='ltr'>Erat</span> <span class='ocrx_word' id='word_1_3' title='bbox 442 517 476 580; x_wconf 93' lang='lat' dir='ltr'>in</span> <span class='ocrx_word' id='word_1_4' title='bbox 515 515 737 600; x_wconf 74' lang='lat' dir='ltr'>antiquissimo</span> <span class='ocrx_word' id='word_1_5' title='bbox 770 512 886 584; x_wconf 82' lang='lat' dir='ltr'>Codice</span> <span class='ocrx_word' id='word_1_6' title='bbox 919 515 1114 593; x_wconf 72' lang='grc' dir='ltr'><strong><em>διοόλειριμαε</em></strong></span> <span class='ocrx_word' id='word_1_7' title='bbox 1149 516 1311 600; x_wconf 69' lang='lat' dir='ltr'>complures</span> <span class='ocrx_word' id='word_1_8' title='bbox 1344 539 1445 582; x_wconf 82' lang='grc' dir='ltr'><strong><em>οοτιιιε</em></strong></span> <span class='ocrx_word' id='word_1_9' title='bbox 1480 517 1515 582; x_wconf 83' lang='grc' dir='ltr'><strong><em>ι’νι</em></strong></span> 
     </span>
     <span class='ocr_line' id='line_1_3' title="bbox 325 621 1301 708; baseline 0.004 -22"><span class='ocrx_word' id='word_1_10' title='bbox 325 646 431 705; x_wconf 66' lang='lat' dir='ltr'>capno</span> <span class='ocrx_word' id='word_1_11' title='bbox 454 623 564 686; x_wconf 83' lang='grc' dir='ltr'><strong><em>όοοινιιο</em></strong></span> <span class='ocrx_word' id='word_1_12' title='bbox 583 623 756 704; x_wconf 75' lang='lat' dir='ltr'>perierunt,</span> <span class='ocrx_word' id='word_1_13' title='bbox 781 627 814 687; x_wconf 79' lang='lat' dir='ltr'>et</span> <span class='ocrx_word' id='word_1_14' title='bbox 837 627 885 688; x_wconf 77' lang='lat' dir='ltr'>esi</span> <span class='ocrx_word' id='word_1_15' title='bbox 908 621 1112 708; x_wconf 75' lang='lat' dir='ltr'>irreparabile</span> <span class='ocrx_word' id='word_1_16' title='bbox 1136 621 1301 690; x_wconf 90' lang='lat' dir='ltr'>damnum.</span> 
     </span>
    </p>

    <p class='ocr_par' dir='ltr' id='par_1_3' title="bbox 326 726 1523 2827">
     <span class='ocr_line' id='line_1_4' title="bbox 371 726 1517 815; baseline -0.002 -21"><span class='ocrx_word' id='word_1_17' title='bbox 371 728 457 794; x_wconf 79' lang='lat' dir='ltr'>Salis</span> <span class='ocrx_word' id='word_1_18' title='bbox 480 735 546 794; x_wconf 82' lang='lat' dir='ltr'>esto</span> <span class='ocrx_word' id='word_1_19' title='bbox 570 729 649 792; x_wconf 86' lang='lat' dir='ltr'>scire</span> <span class='ocrx_word' id='word_1_20' title='bbox 673 726 732 792; x_wconf 88' lang='lat' dir='ltr'>illa</span> <span class='ocrx_word' id='word_1_21' title='bbox 756 729 853 794; x_wconf 85' lang='lat' dir='ltr'>verba</span> <span class='ocrx_word' id='word_1_22' title='bbox 874 730 1028 793; x_wconf 81' lang='grc' dir='ltr'><strong><em>οῖνελοῦσα</em></strong></span> <span class='ocrx_word' id='word_1_23' title='bbox 1052 727 1115 808; x_wconf 76' lang='grc' dir='ltr'><strong><em>χόορ</em></strong></span> <span class='ocrx_word' id='word_1_24' title='bbox 1136 765 1179 776; x_wconf 91' lang='grc'>-</span> <span class='ocrx_word' id='word_1_25' title='bbox 1199 729 1296 804; x_wconf 72' lang='grc' dir='ltr'><strong><em>αὑτήν</em></strong></span> <span class='ocrx_word' id='word_1_26' title='bbox 1316 751 1408 815; x_wconf 79' lang='lat' dir='ltr'>neque</span> <span class='ocrx_word' id='word_1_27' title='bbox 1426 729 1517 794; x_wconf 79' lang='grc' dir='ltr'><strong><em>νἰιόοό-</em></strong></span> 
     </span>
     <span class='ocr_line' id='line_1_5' title="bbox 326 831 1517 921; baseline 0.001 -21"><span class='ocrx_word' id='word_1_28' title='bbox 326 837 383 918; x_wconf 64' lang='lat' dir='ltr'>lips·</span> <span class='ocrx_word' id='word_1_29' title='bbox 411 835 475 899; x_wconf 82' lang='lat' dir='ltr'>cllo</span> <span class='ocrx_word' id='word_1_30' title='bbox 503 835 586 898; x_wconf 84' lang='grc' dir='ltr'><strong><em>ποόο</em></strong></span> <span class='ocrx_word' id='word_1_31' title='bbox 602 855 689 917; x_wconf 74' lang='lat' dir='ltr'>poree</span> <span class='ocrx_word' id='word_1_32' title='bbox 712 855 804 919; x_wconf 79' lang='lat' dir='ltr'>acque</span> <span class='ocrx_word' id='word_1_33' title='bbox 825 835 984 899; x_wconf 77' lang='grc' dir='ltr'><strong><em>οποιιόατό.</em></strong></span> <span class='ocrx_word' id='word_1_34' title='bbox 1032 831 1138 900; x_wconf 79' lang='lat' dir='ltr'>Simul</span> <span class='ocrx_word' id='word_1_35' title='bbox 1160 840 1291 920; x_wconf 86' lang='lat' dir='ltr'>apparet</span> <span class='ocrx_word' id='word_1_36' title='bbox 1313 857 1410 921; x_wconf 88' lang='lat' dir='ltr'>quam</span> <span class='ocrx_word' id='word_1_37' title='bbox 1433 835 1517 901; x_wconf 83' lang='lat' dir='ltr'>nihil</span> 
     </span>
     <span class='ocr_line' id='line_1_6' title="bbox 327 938 1516 1026; baseline -0.001 -18"><span class='ocrx_word' id='word_1_38' title='bbox 327 941 441 1008; x_wconf 81' lang='lat' dir='ltr'>auxilii</span> <span class='ocrx_word' id='word_1_39' title='bbox 471 942 515 1005; x_wconf 86' lang='lat' dir='ltr'>sit</span> <span class='ocrx_word' id='word_1_40' title='bbox 536 941 572 1005; x_wconf 91' lang='lat' dir='ltr'>in</span> <span class='ocrx_word' id='word_1_41' title='bbox 593 938 684 1005; x_wconf 87' lang='lat' dir='ltr'>libris</span> <span class='ocrx_word' id='word_1_42' title='bbox 708 940 890 1024; x_wconf 77' lang='grc' dir='ltr'><strong><em>Αόόόοῖοιιῖε,</em></strong></span> <span class='ocrx_word' id='word_1_43' title='bbox 913 941 997 1006; x_wconf 92' lang='lat' dir='ltr'>unde</span> <span class='ocrx_word' id='word_1_44' title='bbox 1019 940 1249 1026; x_wconf 78' lang='lat' dir='ltr'>Harpocration</span> <span class='ocrx_word' id='word_1_45' title='bbox 1271 941 1349 1008; x_wconf 86' lang='lat' dir='ltr'>haec</span> <span class='ocrx_word' id='word_1_46' title='bbox 1371 943 1462 1008; x_wconf 79' lang='lat' dir='ltr'>alleri</span> <span class='ocrx_word' id='word_1_47' title='bbox 1484 965 1516 1010; x_wconf 80' lang='grc' dir='ltr'>ν.</span> 
     </span>
     <span class='ocr_line' id='line_1_7' title="bbox 327 1045 1517 1132; baseline 0.001 -18"><span class='ocrx_word' id='word_1_48' title='bbox 327 1050 499 1114; x_wconf 78' lang='grc' dir='ltr'><strong><em>Ἀνελοῦσα</em></strong></span> <span class='ocrx_word' id='word_1_49' title='bbox 530 1047 593 1126; x_wconf 77' lang='grc' dir='ltr'><strong><em>χόιρ</em></strong></span> <span class='ocrx_word' id='word_1_50' title='bbox 624 1046 676 1110; x_wconf 83' lang='grc' dir='ltr'>τόν</span> <span class='ocrx_word' id='word_1_51' title='bbox 706 1045 795 1124; x_wconf 85' lang='grc' dir='ltr'><strong><em>νόμον</em></strong></span> <span class='ocrx_word' id='word_1_52' title='bbox 825 1051 931 1112; x_wconf 80' lang='grc' dir='ltr'><strong><em>τοῦτον</em></strong></span> <span class='ocrx_word' id='word_1_53' title='bbox 963 1047 1187 1128; x_wconf 77' lang='grc' dir='ltr'><strong><em>ἐχειροτόνησεν</em></strong></span> <span class='ocrx_word' id='word_1_54' title='bbox 1215 1049 1315 1132; x_wconf 56' lang='lat' dir='ltr'>cirri:</span> <span class='ocrx_word' id='word_1_55' title='bbox 1333 1085 1377 1098; x_wconf 89' lang='lat'>--</span> <span class='ocrx_word' id='word_1_56' title='bbox 1393 1049 1424 1114; x_wconf 76' lang='grc' dir='ltr'>ἐν</span> <span class='ocrx_word' id='word_1_57' title='bbox 1453 1055 1517 1121; x_wconf 86' lang='grc' dir='ltr'><strong><em>τοῖς</em></strong></span> 
     </span>
     <span class='ocr_line' id='line_1_8' title="bbox 328 1149 1520 1236; baseline 0 -16"><span class='ocrx_word' id='word_1_58' title='bbox 328 1159 534 1227; x_wconf 83' lang='grc' dir='ltr'><strong><em>Ἀττιιοιανοῖς</em></strong></span> <span class='ocrx_word' id='word_1_59' title='bbox 566 1152 653 1226; x_wconf 74' lang='grc' dir='ltr'><strong><em>διττὴ</em></strong></span> <span class='ocrx_word' id='word_1_60' title='bbox 684 1149 718 1226; x_wconf 77' lang='grc' dir='ltr'>ἦν</span> <span class='ocrx_word' id='word_1_61' title='bbox 748 1153 874 1234; x_wconf 70' lang='grc' dir='ltr'><strong><em>γραφή·</em></strong></span> <span class='ocrx_word' id='word_1_62' title='bbox 908 1155 925 1230; x_wconf 72' lang='grc' dir='ltr'><em>ἡ</em></span> <span class='ocrx_word' id='word_1_63' title='bbox 963 1153 1020 1231; x_wconf 75' lang='grc' dir='ltr'>μὲν</span> <span class='ocrx_word' id='word_1_64' title='bbox 1053 1150 1161 1226; x_wconf 79' lang='grc' dir='ltr'><strong><em>οὕτως·</em></strong></span> <span class='ocrx_word' id='word_1_65' title='bbox 1197 1155 1403 1220; x_wconf 78' lang='grc' dir='ltr'><strong><em>όνειιοῦσα</em></strong></span> <span class='ocrx_word' id='word_1_66' title='bbox 1439 1155 1520 1236; x_wconf 76' lang='grc' dir='ltr'><strong><em>χόορ</em></strong></span> 
     </span>
     <span class='ocr_line' id='line_1_9' title="bbox 328 1257 1519 1341; baseline 0 -15"><span class='ocrx_word' id='word_1_67' title='bbox 328 1260 394 1326; x_wconf 84' lang='grc' dir='ltr'>τόν</span> <span class='ocrx_word' id='word_1_68' title='bbox 428 1257 545 1337; x_wconf 81' lang='grc' dir='ltr'><strong><em>νόμον</em></strong></span> <span class='ocrx_word' id='word_1_69' title='bbox 575 1261 718 1324; x_wconf 82' lang='grc' dir='ltr'><strong><em>τοῦτον</em></strong></span> <span class='ocrx_word' id='word_1_70' title='bbox 748 1258 1060 1341; x_wconf 74' lang='grc' dir='ltr'><strong><em>ἐχειροτόνησεν</em></strong></span> <span class='ocrx_word' id='word_1_71' title='bbox 1092 1259 1326 1335; x_wconf 63' lang='grc' dir='ltr'><strong><em>αὐτοῖο-ἡ</em></strong></span> <span class='ocrx_word' id='word_1_72' title='bbox 1358 1260 1386 1325; x_wconf 87' lang='grc' dir='ltr'>δ’</span> <span class='ocrx_word' id='word_1_73' title='bbox 1417 1258 1519 1336; x_wconf 77' lang='grc' dir='ltr'><strong><em>ἄλλη·</em></strong></span> 
     </span>
     <span class='ocr_line' id='line_1_10' title="bbox 328 1363 1520 1446; baseline -0.002 -13"><span class='ocrx_word' id='word_1_74' title='bbox 328 1369 537 1433; x_wconf 78' lang='grc' dir='ltr'><strong><em>οόνελοῦσα</em></strong></span> <span class='ocrx_word' id='word_1_75' title='bbox 571 1365 649 1444; x_wconf 58' lang='lat' dir='ltr'>sep</span> <span class='ocrx_word' id='word_1_76' title='bbox 683 1366 751 1431; x_wconf 85' lang='grc' dir='ltr'>τόν</span> <span class='ocrx_word' id='word_1_77' title='bbox 781 1363 897 1443; x_wconf 85' lang='grc' dir='ltr'><strong><em>νόμον</em></strong></span> <span class='ocrx_word' id='word_1_78' title='bbox 932 1370 1074 1430; x_wconf 84' lang='grc' dir='ltr'><strong><em>τοῦτον</em></strong></span> <span class='ocrx_word' id='word_1_79' title='bbox 1114 1365 1406 1446; x_wconf 74' lang='grc' dir='ltr'><strong><em>ἐχειροτόνησε</em></strong></span> <span class='ocrx_word' id='word_1_80' title='bbox 1443 1376 1520 1433; x_wconf 85' lang='grc' dir='ltr'>ΛΑ-</span> 
     </span>
     <span class='ocr_line' id='line_1_11' title="bbox 329 1469 1520 1560; baseline 0.002 -22"><span class='ocrx_word' id='word_1_81' title='bbox 329 1481 468 1538; x_wconf 85' lang='lat' dir='ltr'>Bo&#39;rcA</span> <span class='ocrx_word' id='word_1_82' title='bbox 492 1473 694 1535; x_wconf 79' lang='lat' dir='ltr'>&#39;eKelNON</span> <span class='ocrx_word' id='word_1_83' title='bbox 719 1472 831 1552; x_wconf 70' lang='grc' dir='ltr'><strong><em>αὐτῇ.</em></strong></span> <span class='ocrx_word' id='word_1_84' title='bbox 879 1471 1021 1556; x_wconf 80' lang='lat' dir='ltr'>Utraque</span> <span class='ocrx_word' id='word_1_85' title='bbox 1043 1469 1138 1538; x_wconf 84' lang='lat' dir='ltr'>lectio</span> <span class='ocrx_word' id='word_1_86' title='bbox 1160 1492 1223 1537; x_wconf 91' lang='lat' dir='ltr'>non</span> <span class='ocrx_word' id='word_1_87' title='bbox 1242 1475 1290 1537; x_wconf 81' lang='lat' dir='ltr'>est</span> <span class='ocrx_word' id='word_1_88' title='bbox 1308 1474 1405 1537; x_wconf 87' lang='lat' dir='ltr'>unius</span> <span class='ocrx_word' id='word_1_89' title='bbox 1424 1476 1520 1560; x_wconf 87' lang='lat' dir='ltr'>assis,</span> 
     </span>
     <span class='ocr_line' id='line_1_12' title="bbox 330 1575 1520 1662; baseline -0.001 -17"><span class='ocrx_word' id='word_1_90' title='bbox 330 1585 362 1645; x_wconf 81' lang='lat' dir='ltr'>et</span> <span class='ocrx_word' id='word_1_91' title='bbox 393 1577 540 1654; x_wconf 76' lang='grc' dir='ltr'><strong><em>λαβοῦσα</em></strong></span> <span class='ocrx_word' id='word_1_92' title='bbox 571 1575 680 1641; x_wconf 79' lang='grc' dir='ltr'><strong><em>ἐκεῖνον</em></strong></span> <span class='ocrx_word' id='word_1_93' title='bbox 712 1580 767 1641; x_wconf 82' lang='lat' dir='ltr'>aut</span> <span class='ocrx_word' id='word_1_94' title='bbox 790 1577 829 1642; x_wconf 87' lang='lat' dir='ltr'>ab</span> <span class='ocrx_word' id='word_1_95' title='bbox 851 1579 920 1662; x_wconf 87' lang='lat' dir='ltr'>ipso</span> <span class='ocrx_word' id='word_1_96' title='bbox 942 1578 1051 1643; x_wconf 76' lang='lat' dir='ltr'>Attico</span> <span class='ocrx_word' id='word_1_97' title='bbox 1073 1583 1131 1643; x_wconf 78' lang='lat' dir='ltr'>aul</span> <span class='ocrx_word' id='word_1_98' title='bbox 1154 1578 1193 1643; x_wconf 91' lang='lat' dir='ltr'>ab</span> <span class='ocrx_word' id='word_1_99' title='bbox 1217 1577 1279 1644; x_wconf 91' lang='lat' dir='ltr'>alio</span> <span class='ocrx_word' id='word_1_100' title='bbox 1303 1578 1430 1644; x_wconf 82' lang='lat' dir='ltr'>infelice</span> <span class='ocrx_word' id='word_1_101' title='bbox 1452 1599 1520 1644; x_wconf 91' lang='lat' dir='ltr'>cor·</span> 
     </span>
     <span class='ocr_line' id='line_1_13' title="bbox 329 1681 1521 1770; baseline -0.001 -19"><span class='ocrx_word' id='word_1_102' title='bbox 329 1689 449 1751; x_wconf 79' lang='lat' dir='ltr'>rectore</span> <span class='ocrx_word' id='word_1_103' title='bbox 480 1683 520 1748; x_wconf 87' lang='lat' dir='ltr'>de</span> <span class='ocrx_word' id='word_1_104' title='bbox 550 1703 608 1749; x_wconf 86' lang='lat' dir='ltr'>suo</span> <span class='ocrx_word' id='word_1_105' title='bbox 630 1681 777 1748; x_wconf 79' lang='lat' dir='ltr'>additum</span> <span class='ocrx_word' id='word_1_106' title='bbox 801 1688 867 1760; x_wconf 76' lang='lat' dir='ltr'>esi,</span> <span class='ocrx_word' id='word_1_107' title='bbox 890 1683 988 1768; x_wconf 93' lang='lat' dir='ltr'>idque</span> <span class='ocrx_word' id='word_1_108' title='bbox 1009 1686 1076 1749; x_wconf 86' lang='lat' dir='ltr'>eine</span> <span class='ocrx_word' id='word_1_109' title='bbox 1097 1683 1166 1750; x_wconf 88' lang='lat' dir='ltr'>ullo</span> <span class='ocrx_word' id='word_1_110' title='bbox 1188 1684 1314 1762; x_wconf 73' lang='lat' dir='ltr'>hucin,</span> <span class='ocrx_word' id='word_1_111' title='bbox 1340 1687 1415 1770; x_wconf 88' lang='lat' dir='ltr'>quia</span> <span class='ocrx_word' id='word_1_112' title='bbox 1437 1684 1521 1750; x_wconf 92' lang='lat' dir='ltr'>nihil</span> 
     </span>
     <span class='ocr_line' id='line_1_14' title="bbox 331 1789 1520 1878; baseline -0.002 -20"><span class='ocrx_word' id='word_1_113' title='bbox 331 1792 399 1858; x_wconf 89' lang='lat' dir='ltr'>sani</span> <span class='ocrx_word' id='word_1_114' title='bbox 431 1811 470 1854; x_wconf 85' lang='lat' dir='ltr'>ex</span> <span class='ocrx_word' id='word_1_115' title='bbox 492 1789 543 1854; x_wconf 86' lang='lat' dir='ltr'>his</span> <span class='ocrx_word' id='word_1_116' title='bbox 566 1789 672 1854; x_wconf 87' lang='lat' dir='ltr'>verbis</span> <span class='ocrx_word' id='word_1_117' title='bbox 695 1789 828 1854; x_wconf 76' lang='lat' dir='ltr'>extundi</span> <span class='ocrx_word' id='word_1_118' title='bbox 849 1793 963 1875; x_wconf 76' lang='lat' dir='ltr'>polest.</span> <span class='ocrx_word' id='word_1_119' title='bbox 1010 1789 1090 1855; x_wconf 86' lang='lat' dir='ltr'>Vide</span> <span class='ocrx_word' id='word_1_120' title='bbox 1114 1795 1222 1869; x_wconf 72' lang='lat' dir='ltr'>aulem</span> <span class='ocrx_word' id='word_1_121' title='bbox 1245 1791 1329 1855; x_wconf 86' lang='lat' dir='ltr'>mihi</span> <span class='ocrx_word' id='word_1_122' title='bbox 1351 1792 1520 1878; x_wconf 77' lang='lat' dir='ltr'>magistro-</span> 
     </span>
     <span class='ocr_line' id='line_1_15' title="bbox 329 1892 1520 1983; baseline -0.001 -20"><span class='ocrx_word' id='word_1_123' title='bbox 329 1918 403 1963; x_wconf 87' lang='lat' dir='ltr'>rum</span> <span class='ocrx_word' id='word_1_124' title='bbox 435 1896 587 1983; x_wconf 82' lang='lat' dir='ltr'>argutiae.</span> <span class='ocrx_word' id='word_1_125' title='bbox 635 1892 718 1974; x_wconf 80' lang='lat' dir='ltr'>Quid</span> <span class='ocrx_word' id='word_1_126' title='bbox 749 1893 927 1983; x_wconf 86' lang='lat' dir='ltr'>significare</span> <span class='ocrx_word' id='word_1_127' title='bbox 956 1899 1066 1980; x_wconf 80' lang='lat' dir='ltr'>putas:</span> <span class='ocrx_word' id='word_1_128' title='bbox 1090 1899 1245 1960; x_wconf 71' lang='grc' dir='ltr'><strong><em>ἀνελοῦσα</em></strong></span> <span class='ocrx_word' id='word_1_129' title='bbox 1268 1896 1331 1976; x_wconf 72' lang='grc' dir='ltr'>γὰρ</span> <span class='ocrx_word' id='word_1_130' title='bbox 1356 1897 1408 1959; x_wconf 86' lang='grc' dir='ltr'>τόν</span> <span class='ocrx_word' id='word_1_131' title='bbox 1431 1896 1520 1972; x_wconf 80' lang='grc' dir='ltr'><strong><em>νόριον</em></strong></span> 
     </span>
     <span class='ocr_line' id='line_1_16' title="bbox 331 1998 1521 2085; baseline -0.002 -17"><span class='ocrx_word' id='word_1_132' title='bbox 331 2008 437 2068; x_wconf 82' lang='grc' dir='ltr'><strong><em>τοῦτον</em></strong></span> <span class='ocrx_word' id='word_1_133' title='bbox 461 2001 685 2083; x_wconf 76' lang='grc' dir='ltr'><strong><em>ἐχειροτόνησεν</em></strong></span> <span class='ocrx_word' id='word_1_134' title='bbox 710 1998 827 2074; x_wconf 65' lang='lat' dir='ltr'>adria?</span> <span class='ocrx_word' id='word_1_135' title='bbox 872 1999 1011 2066; x_wconf 89' lang='lat' dir='ltr'>Difficile</span> <span class='ocrx_word' id='word_1_136' title='bbox 1035 2001 1123 2066; x_wconf 86' lang='lat' dir='ltr'>dictu</span> <span class='ocrx_word' id='word_1_137' title='bbox 1147 2007 1211 2085; x_wconf 78' lang='lat' dir='ltr'>est,</span> <span class='ocrx_word' id='word_1_138' title='bbox 1234 2001 1344 2067; x_wconf 89' lang='lat' dir='ltr'>nullus</span> <span class='ocrx_word' id='word_1_139' title='bbox 1367 2007 1416 2068; x_wconf 75' lang='lat' dir='ltr'>est</span> <span class='ocrx_word' id='word_1_140' title='bbox 1433 2006 1521 2067; x_wconf 88' lang='lat' dir='ltr'>enim</span> 
     </span>
     <span class='ocr_line' id='line_1_17' title="bbox 333 2105 1520 2193; baseline -0.004 -17"><span class='ocrx_word' id='word_1_141' title='bbox 333 2129 444 2176; x_wconf 90' lang='lat' dir='ltr'>eorum</span> <span class='ocrx_word' id='word_1_142' title='bbox 473 2108 643 2175; x_wconf 84' lang='lat' dir='ltr'>verborum</span> <span class='ocrx_word' id='word_1_143' title='bbox 674 2127 792 2172; x_wconf 89' lang='lat' dir='ltr'>sensus.</span> <span class='ocrx_word' id='word_1_144' title='bbox 839 2105 902 2171; x_wconf 81' lang='lat' dir='ltr'>Sed</span> <span class='ocrx_word' id='word_1_145' title='bbox 932 2105 1162 2193; x_wconf 77' lang='lat' dir='ltr'>Harpocration</span> <span class='ocrx_word' id='word_1_146' title='bbox 1193 2108 1294 2186; x_wconf 81' lang='lat' dir='ltr'>dicet;</span> <span class='ocrx_word' id='word_1_147' title='bbox 1327 2108 1418 2173; x_wconf 85' lang='lat' dir='ltr'>audi:</span> <span class='ocrx_word' id='word_1_148' title='bbox 1450 2107 1520 2172; x_wconf 81' lang='grc' dir='ltr'><strong><em>οῖντῖ</em></strong></span> 
     </span>
     <span class='ocr_line' id='line_1_18' title="bbox 331 2195 1522 2294; baseline -0.003 -14"><span class='ocrx_word' id='word_1_149' title='bbox 331 2220 383 2281; x_wconf 81' lang='grc' dir='ltr'>τοῦ</span> <span class='ocrx_word' id='word_1_150' title='bbox 416 2213 648 2293; x_wconf 72' lang='grc' dir='ltr'>παραβᾶσα</span> <span class='ocrx_word' id='word_1_151' title='bbox 680 2213 760 2294; x_wconf 75' lang='grc' dir='ltr'>γὰρ</span> <span class='ocrx_word' id='word_1_152' title='bbox 789 2217 933 2278; x_wconf 84' lang='grc' dir='ltr'><strong><em>τοῦτον</em></strong></span> <span class='ocrx_word' id='word_1_153' title='bbox 958 2211 1024 2278; x_wconf 84' lang='grc' dir='ltr'>τόν</span> <span class='ocrx_word' id='word_1_154' title='bbox 1050 2195 1165 2291; x_wconf 79' lang='grc' dir='ltr'><strong><em>νόμον</em></strong></span> <span class='ocrx_word' id='word_1_155' title='bbox 1188 2212 1522 2294; x_wconf 72' lang='grc' dir='ltr'><strong><em>διαχειροτονίαν</em></strong></span> 
     </span>
     <span class='ocr_line' id='line_1_19' title="bbox 330 2315 1520 2407; baseline -0.003 -21"><span class='ocrx_word' id='word_1_156' title='bbox 330 2320 423 2400; x_wconf 76' lang='grc' dir='ltr'><strong><em>περὶ</em></strong></span> <span class='ocrx_word' id='word_1_157' title='bbox 450 2321 576 2394; x_wconf 79' lang='grc' dir='ltr'><strong><em>αὐτῆς</em></strong></span> <span class='ocrx_word' id='word_1_158' title='bbox 606 2315 750 2383; x_wconf 73' lang='grc' dir='ltr'><strong><em>ἔδακεν</em></strong></span> <span class='ocrx_word' id='word_1_159' title='bbox 781 2320 813 2384; x_wconf 76' lang='lat' dir='ltr'>al</span> <span class='ocrx_word' id='word_1_160' title='bbox 837 2319 914 2398; x_wconf 70' lang='lat' dir='ltr'>mh</span> <span class='ocrx_word' id='word_1_161' title='bbox 937 2324 1152 2400; x_wconf 83' lang='grc' dir='ltr'><strong><em>ςεφανοῖιν.</em></strong></span> <span class='ocrx_word' id='word_1_162' title='bbox 1199 2318 1297 2384; x_wconf 84' lang='lat' dir='ltr'>Haud</span> <span class='ocrx_word' id='word_1_163' title='bbox 1318 2320 1387 2385; x_wconf 82' lang='lat' dir='ltr'>vidi</span> <span class='ocrx_word' id='word_1_164' title='bbox 1405 2323 1520 2407; x_wconf 86' lang='lat' dir='ltr'>magis.</span> 
     </span>
     <span class='ocr_line' id='line_1_20' title="bbox 330 2423 1521 2508; baseline -0.001 -15"><span class='ocrx_word' id='word_1_165' title='bbox 330 2433 469 2493; x_wconf 81' lang='grc' dir='ltr'><strong><em>Ἀνελεῖν</em></strong></span> <span class='ocrx_word' id='word_1_166' title='bbox 499 2425 588 2503; x_wconf 82' lang='grc' dir='ltr'><strong><em>νόμον</em></strong></span> <span class='ocrx_word' id='word_1_167' title='bbox 620 2429 669 2490; x_wconf 76' lang='lat' dir='ltr'>est</span> <span class='ocrx_word' id='word_1_168' title='bbox 700 2425 900 2506; x_wconf 75' lang='grc' dir='ltr'><strong><em>παραβῆναι,</em></strong></span> <span class='ocrx_word' id='word_1_169' title='bbox 932 2431 964 2490; x_wconf 79' lang='lat' dir='ltr'>el</span> <span class='ocrx_word' id='word_1_170' title='bbox 994 2423 1217 2505; x_wconf 75' lang='grc' dir='ltr'><strong><em>ἐχειροτόνησεν</em></strong></span> <span class='ocrx_word' id='word_1_171' title='bbox 1248 2425 1345 2501; x_wconf 73' lang='grc' dir='ltr'><strong><em>αὐτόν</em></strong></span> <span class='ocrx_word' id='word_1_172' title='bbox 1376 2431 1424 2491; x_wconf 77' lang='lat' dir='ltr'>est</span> <span class='ocrx_word' id='word_1_173' title='bbox 1454 2428 1521 2508; x_wconf 76' lang='grc' dir='ltr'><strong><em>περὶ</em></strong></span> 
     </span>
     <span class='ocr_line' id='line_1_21' title="bbox 331 2529 1522 2617; baseline 0.005 -19"><span class='ocrx_word' id='word_1_174' title='bbox 331 2533 429 2608; x_wconf 76' lang='grc' dir='ltr'><strong><em>αὐτῆς</em></strong></span> <span class='ocrx_word' id='word_1_175' title='bbox 453 2530 543 2596; x_wconf 81' lang='grc' dir='ltr'><strong><em>ἔδωκε</em></strong></span> <span class='ocrx_word' id='word_1_176' title='bbox 568 2529 817 2611; x_wconf 80' lang='grc' dir='ltr'><strong><em>διαχειροτονίαν.</em></strong></span> <span class='ocrx_word' id='word_1_177' title='bbox 865 2530 973 2596; x_wconf 80' lang='lat' dir='ltr'>Satius</span> <span class='ocrx_word' id='word_1_178' title='bbox 998 2536 1046 2597; x_wconf 86' lang='lat' dir='ltr'>est</span> <span class='ocrx_word' id='word_1_179' title='bbox 1068 2535 1171 2597; x_wconf 83' lang='lat' dir='ltr'>tacere</span> <span class='ocrx_word' id='word_1_180' title='bbox 1194 2552 1290 2617; x_wconf 88' lang='lat' dir='ltr'>quam</span> <span class='ocrx_word' id='word_1_181' title='bbox 1310 2531 1387 2598; x_wconf 83' lang='lat' dir='ltr'>talia</span> <span class='ocrx_word' id='word_1_182' title='bbox 1407 2531 1522 2604; x_wconf 90' lang='lat' dir='ltr'>dicere.</span> 
     </span>
     <span class='ocr_line' id='line_1_22' title="bbox 330 2635 1523 2726; baseline -0.001 -21"><span class='ocrx_word' id='word_1_183' title='bbox 330 2635 401 2705; x_wconf 87' lang='lat' dir='ltr'>Hoc</span> <span class='ocrx_word' id='word_1_184' title='bbox 431 2640 534 2726; x_wconf 81' lang='lat' dir='ltr'>igilur</span> <span class='ocrx_word' id='word_1_185' title='bbox 565 2635 671 2702; x_wconf 87' lang='lat' dir='ltr'>solum</span> <span class='ocrx_word' id='word_1_186' title='bbox 701 2637 873 2702; x_wconf 79' lang='lat' dir='ltr'>tenendum</span> <span class='ocrx_word' id='word_1_187' title='bbox 898 2638 1059 2702; x_wconf 68' lang='lat' dir='ltr'>esttecum</span> <span class='ocrx_word' id='word_1_188' title='bbox 1082 2639 1192 2702; x_wconf 80' lang='lat' dir='ltr'>lacuna</span> <span class='ocrx_word' id='word_1_189' title='bbox 1214 2637 1300 2703; x_wconf 81' lang='grc' dir='ltr'><strong><em>όόοτο</em></strong></span> <span class='ocrx_word' id='word_1_190' title='bbox 1324 2645 1352 2702; x_wconf 81' lang='lat' dir='ltr'>cl</span> <span class='ocrx_word' id='word_1_191' title='bbox 1374 2640 1523 2722; x_wconf 74' lang='grc' dir='ltr'><strong><em>οοιιιριόιιτο</em></strong></span> 
     </span>
     <span class='ocr_line' id='line_1_23' title="bbox 330 2741 1519 2827; baseline 0.002 -17"><span class='ocrx_word' id='word_1_192' title='bbox 330 2746 419 2810; x_wconf 81' lang='lat' dir='ltr'>verba</span> <span class='ocrx_word' id='word_1_193' title='bbox 437 2741 642 2820; x_wconf 77' lang='grc' dir='ltr'><strong><em>ιἰιόοιοόόόιεο,</em></strong></span> <span class='ocrx_word' id='word_1_194' title='bbox 664 2762 743 2827; x_wconf 90' lang='lat' dir='ltr'>quae</span> <span class='ocrx_word' id='word_1_195' title='bbox 763 2762 872 2808; x_wconf 84' lang='lat' dir='ltr'>sanare</span> <span class='ocrx_word' id='word_1_196' title='bbox 891 2742 975 2811; x_wconf 80' lang='lat' dir='ltr'>velle</span> <span class='ocrx_word' id='word_1_197' title='bbox 995 2747 1043 2808; x_wconf 82' lang='lat' dir='ltr'>est</span> <span class='ocrx_word' id='word_1_198' title='bbox 1061 2743 1254 2809; x_wconf 86' lang='lat' dir='ltr'>medicinam</span> <span class='ocrx_word' id='word_1_199' title='bbox 1266 2743 1367 2810; x_wconf 82' lang='lat' dir='ltr'>fecere</span> <span class='ocrx_word' id='word_1_200' title='bbox 1379 2751 1519 2812; x_wconf 79' lang='lat' dir='ltr'>mortuo.</span> 
     </span>
    </p>

    <p class='ocr_par' dir='ltr' id='par_1_4' title="bbox 333 2849 1522 3022">
     <span class='ocr_line' id='line_1_24' title="bbox 374 2849 1522 2933; baseline 0.001 -18"><span class='ocrx_word' id='word_1_201' title='bbox 374 2849 473 2915; x_wconf 80' lang='lat' dir='ltr'>Erant</span> <span class='ocrx_word' id='word_1_202' title='bbox 502 2849 580 2914; x_wconf 88' lang='lat' dir='ltr'>haec</span> <span class='ocrx_word' id='word_1_203' title='bbox 611 2868 735 2933; x_wconf 89' lang='lat' dir='ltr'>quoque</span> <span class='ocrx_word' id='word_1_204' title='bbox 767 2850 797 2914; x_wconf 80' lang='grc' dir='ltr'>ἐν</span> <span class='ocrx_word' id='word_1_205' title='bbox 827 2857 891 2922; x_wconf 85' lang='grc' dir='ltr'><strong><em>τοῖς</em></strong></span> <span class='ocrx_word' id='word_1_206' title='bbox 922 2850 1047 2930; x_wconf 80' lang='grc' dir='ltr'><strong><em>πρώτοις</em></strong></span> <span class='ocrx_word' id='word_1_207' title='bbox 1079 2851 1283 2933; x_wconf 79' lang='grc' dir='ltr'><strong><em>οῖντιχροόφοις</em></strong></span> <span class='ocrx_word' id='word_1_208' title='bbox 1306 2849 1466 2933; x_wconf 80' lang='grc' dir='ltr'><strong><em>φθαρέντα</em></strong></span> <span class='ocrx_word' id='word_1_209' title='bbox 1489 2858 1522 2917; x_wconf 81' lang='lat' dir='ltr'>et</span> 
     </span>
     <span class='ocr_line' id='line_1_25' title="bbox 333 2956 701 3022; baseline -0.011 0"><span class='ocrx_word' id='word_1_210' title='bbox 333 2956 479 3022; x_wconf 82' lang='lat' dir='ltr'>hmditus</span> <span class='ocrx_word' id='word_1_211' title='bbox 502 2956 701 3020; x_wconf 76' lang='lat' dir='ltr'>interieremt.</span> 
     </span>
    </p>
   </div>
   <div class='ocr_carea' id='block_1_3' title="bbox 331 3159 1523 4205">
    <p class='ocr_par' dir='ltr' id='par_1_5' title="bbox 331 3159 1523 4205">
     <span class='ocr_line' id='line_1_26' title="bbox 378 3159 1522 3253; baseline -0.001 -22"><span class='ocrx_word' id='word_1_212' title='bbox 378 3163 458 3253; x_wconf 82' lang='lat' dir='ltr'>Peg.</span> <span class='ocrx_word' id='word_1_213' title='bbox 492 3163 568 3229; x_wconf 90' lang='grc'><strong>601.</strong></span> <span class='ocrx_word' id='word_1_214' title='bbox 602 3163 654 3229; x_wconf 88' lang='grc'>11.</span> <span class='ocrx_word' id='word_1_215' title='bbox 688 3163 750 3246; x_wconf 70' lang='grc' dir='ltr'><strong><em>ᾔδει</em></strong></span> <span class='ocrx_word' id='word_1_216' title='bbox 780 3165 843 3244; x_wconf 79' lang='grc' dir='ltr'><strong><em>χόιρ</em></strong></span> <span class='ocrx_word' id='word_1_217' title='bbox 875 3159 960 3241; x_wconf 76' lang='grc' dir='ltr'><strong><em>οἶμαι</em></strong></span> <span class='ocrx_word' id='word_1_218' title='bbox 992 3165 1073 3230; x_wconf 75' lang='grc' dir='ltr'><strong><em>τοῦθ’</em></strong></span> <span class='ocrx_word' id='word_1_219' title='bbox 1109 3163 1154 3231; x_wconf 86' lang='grc' dir='ltr'>ότι</span> <span class='ocrx_word' id='word_1_220' title='bbox 1187 3168 1257 3238; x_wconf 88' lang='grc' dir='ltr'><strong><em>τοὺς</em></strong></span> <span class='ocrx_word' id='word_1_221' title='bbox 1294 3168 1324 3231; x_wconf 79' lang='grc' dir='ltr'>ἐν</span> <span class='ocrx_word' id='word_1_222' title='bbox 1358 3176 1396 3247; x_wconf 72' lang='grc' dir='ltr'>τῇ</span> <span class='ocrx_word' id='word_1_223' title='bbox 1432 3165 1522 3231; x_wconf 76' lang='grc' dir='ltr'><strong><em>πόλει</em></strong></span> 
     </span>
     <span class='ocr_line' id='line_1_27' title="bbox 334 3269 1521 3353; baseline 0.002 -17"><span class='ocrx_word' id='word_1_224' title='bbox 334 3271 477 3352; x_wconf 70' lang='grc' dir='ltr'><strong><em>γενέσθαι</em></strong></span> <span class='ocrx_word' id='word_1_225' title='bbox 497 3269 620 3342; x_wconf 80' lang='grc' dir='ltr'><strong><em>πιόντας</em></strong></span> <span class='ocrx_word' id='word_1_226' title='bbox 638 3269 754 3348; x_wconf 82' lang='grc' dir='ltr'><strong><em>όροοόονς</em></strong></span> <span class='ocrx_word' id='word_1_227' title='bbox 776 3272 792 3345; x_wconf 74' lang='grc' dir='ltr'><em>ἢ</em></span> <span class='ocrx_word' id='word_1_228' title='bbox 817 3269 926 3344; x_wconf 82' lang='grc' dir='ltr'><strong><em>δεινοὺς</em></strong></span> <span class='ocrx_word' id='word_1_229' title='bbox 951 3271 969 3346; x_wconf 73' lang='grc' dir='ltr'><strong><em>ἢ</em></strong></span> <span class='ocrx_word' id='word_1_230' title='bbox 995 3272 1114 3350; x_wconf 86' lang='grc' dir='ltr'><strong><em>όρασεῖς</em></strong></span> <span class='ocrx_word' id='word_1_231' title='bbox 1135 3271 1151 3347; x_wconf 74' lang='grc' dir='ltr'>ἢ</span> <span class='ocrx_word' id='word_1_232' title='bbox 1172 3272 1311 3353; x_wconf 77' lang='grc' dir='ltr'><strong><em>μετρίους</em></strong></span> <span class='ocrx_word' id='word_1_233' title='bbox 1331 3275 1385 3338; x_wconf 84' lang='grc' dir='ltr'>οὐκ</span> <span class='ocrx_word' id='word_1_234' title='bbox 1405 3271 1443 3337; x_wconf 84' lang='grc' dir='ltr'>όιν</span> <span class='ocrx_word' id='word_1_235' title='bbox 1463 3272 1521 3348; x_wconf 84' lang='grc' dir='ltr'><strong><em>εῖη.</em></strong></span> 
     </span>
     <span class='ocr_line' id='line_1_28' title="bbox 332 3375 1521 3458; baseline -0.001 -14"><span class='ocrx_word' id='word_1_236' title='bbox 332 3377 380 3444; x_wconf 81' lang='lat' dir='ltr'>Hx</span> <span class='ocrx_word' id='word_1_237' title='bbox 405 3379 506 3442; x_wconf 86' lang='lat' dir='ltr'>animi</span> <span class='ocrx_word' id='word_1_238' title='bbox 528 3378 685 3442; x_wconf 78' lang='lat' dir='ltr'>sententie</span> <span class='ocrx_word' id='word_1_239' title='bbox 708 3379 861 3441; x_wconf 78' lang='lat' dir='ltr'>assentior</span> <span class='ocrx_word' id='word_1_240' title='bbox 883 3375 1025 3442; x_wconf 88' lang='lat' dir='ltr'>Dobraeo</span> <span class='ocrx_word' id='word_1_241' title='bbox 1049 3379 1247 3443; x_wconf 80' lang='lat' dir='ltr'>emendanti:</span> <span class='ocrx_word' id='word_1_242' title='bbox 1272 3378 1415 3458; x_wconf 77' lang='grc' dir='ltr'><strong><em>γενέσθαι</em></strong></span> <span class='ocrx_word' id='word_1_243' title='bbox 1444 3378 1521 3443; x_wconf 82' lang='grc' dir='ltr'><strong><em>ποόν-</em></strong></span> 
     </span>
     <span class='ocr_line' id='line_1_29' title="bbox 333 3481 1521 3566; baseline -0.001 -17"><span class='ocrx_word' id='word_1_244' title='bbox 333 3508 391 3556; x_wconf 83' lang='grc' dir='ltr'>τας</span> <span class='ocrx_word' id='word_1_245' title='bbox 415 3483 547 3561; x_wconf 67' lang='lat' dir='ltr'>lmine</span> <span class='ocrx_word' id='word_1_246' title='bbox 566 3481 677 3555; x_wconf 83' lang='grc' dir='ltr'><strong><em>δεινοὺς</em></strong></span> <span class='ocrx_word' id='word_1_247' title='bbox 698 3482 750 3546; x_wconf 76' lang='grc' dir='ltr'>καὶ</span> <span class='ocrx_word' id='word_1_248' title='bbox 772 3483 891 3562; x_wconf 83' lang='grc' dir='ltr'><strong><em>όρασεῖς</em></strong></span> <span class='ocrx_word' id='word_1_249' title='bbox 911 3485 964 3547; x_wconf 80' lang='grc' dir='ltr'>οὐκ</span> <span class='ocrx_word' id='word_1_250' title='bbox 981 3482 1018 3547; x_wconf 86' lang='grc' dir='ltr'>όιν</span> <span class='ocrx_word' id='word_1_251' title='bbox 1031 3483 1092 3566; x_wconf 74' lang='grc' dir='ltr'><strong><em>εἴη,</em></strong></span> <span class='ocrx_word' id='word_1_252' title='bbox 1106 3483 1218 3550; x_wconf 78' lang='lat' dir='ltr'>deletis</span> <span class='ocrx_word' id='word_1_253' title='bbox 1230 3488 1371 3550; x_wconf 78' lang='lat' dir='ltr'>caeteris.</span> <span class='ocrx_word' id='word_1_254' title='bbox 1398 3484 1521 3557; x_wconf 76' lang='grc' dir='ltr'><strong><em>Δεινοῖις</em></strong></span> 
     </span>
     <span class='ocr_line' id='line_1_30' title="bbox 334 3589 1522 3676; baseline 0.001 -22"><span class='ocrx_word' id='word_1_255' title='bbox 334 3597 406 3654; x_wconf 83' lang='grc' dir='ltr'>ΚΑΙ</span> <span class='ocrx_word' id='word_1_256' title='bbox 430 3589 549 3669; x_wconf 86' lang='grc' dir='ltr'><strong><em>όρασεῖς</em></strong></span> <span class='ocrx_word' id='word_1_257' title='bbox 573 3589 794 3676; x_wconf 82' lang='lat' dir='ltr'>coniungenda</span> <span class='ocrx_word' id='word_1_258' title='bbox 817 3609 883 3654; x_wconf 87' lang='lat' dir='ltr'>esse</span> <span class='ocrx_word' id='word_1_259' title='bbox 906 3593 1030 3674; x_wconf 83' lang='lat' dir='ltr'>praeter</span> <span class='ocrx_word' id='word_1_260' title='bbox 1052 3591 1156 3674; x_wconf 84' lang='lat' dir='ltr'>ipsam</span> <span class='ocrx_word' id='word_1_261' title='bbox 1178 3592 1225 3655; x_wconf 89' lang='lat' dir='ltr'>rei</span> <span class='ocrx_word' id='word_1_262' title='bbox 1247 3595 1396 3656; x_wconf 77' lang='lat' dir='ltr'>naturam</span> <span class='ocrx_word' id='word_1_263' title='bbox 1420 3591 1522 3656; x_wconf 71' lang='lat' dir='ltr'>tribus</span> 
     </span>
     <span class='ocr_line' id='line_1_31' title="bbox 331 3694 1523 3780; baseline 0.001 -20"><span class='ocrx_word' id='word_1_264' title='bbox 331 3694 410 3762; x_wconf 84' lang='lat' dir='ltr'>locis</span> <span class='ocrx_word' id='word_1_265' title='bbox 429 3697 464 3760; x_wconf 92' lang='lat' dir='ltr'>in</span> <span class='ocrx_word' id='word_1_266' title='bbox 481 3694 541 3760; x_wconf 86' lang='lat' dir='ltr'>hac</span> <span class='ocrx_word' id='word_1_267' title='bbox 561 3696 630 3780; x_wconf 89' lang='lat' dir='ltr'>ipsa</span> <span class='ocrx_word' id='word_1_268' title='bbox 649 3697 790 3760; x_wconf 78' lang='lat' dir='ltr'>oratione</span> <span class='ocrx_word' id='word_1_269' title='bbox 809 3715 829 3760; x_wconf 88' lang='lat' dir='ltr'>a</span> <span class='ocrx_word' id='word_1_270' title='bbox 847 3695 991 3761; x_wconf 86' lang='lat' dir='ltr'>Dobraeo</span> <span class='ocrx_word' id='word_1_271' title='bbox 1010 3696 1158 3761; x_wconf 79' lang='lat' dir='ltr'>indicatis</span> <span class='ocrx_word' id='word_1_272' title='bbox 1175 3695 1405 3762; x_wconf 74' lang='lat' dir='ltr'>Demosthenes</span> <span class='ocrx_word' id='word_1_273' title='bbox 1421 3696 1523 3762; x_wconf 87' lang='lat' dir='ltr'>decla·</span> 
     </span>
     <span class='ocr_line' id='line_1_32' title="bbox 331 3797 1521 3892; baseline 0.002 -28"><span class='ocrx_word' id='word_1_274' title='bbox 331 3807 399 3867; x_wconf 80' lang='lat' dir='ltr'>rai:</span> <span class='ocrx_word' id='word_1_275' title='bbox 420 3821 496 3888; x_wconf 88' lang='lat' dir='ltr'>pag.</span> <span class='ocrx_word' id='word_1_276' title='bbox 523 3798 600 3865; x_wconf 92' lang='grc'><strong>601.</strong></span> <span class='ocrx_word' id='word_1_277' title='bbox 627 3797 679 3865; x_wconf 90' lang='grc'>14.</span> <span class='ocrx_word' id='word_1_278' title='bbox 700 3807 764 3872; x_wconf 89' lang='grc' dir='ltr'><strong><em>τοῖς</em></strong></span> <span class='ocrx_word' id='word_1_279' title='bbox 785 3800 906 3880; x_wconf 80' lang='grc' dir='ltr'><strong><em>όρασέσι</em></strong></span> <span class='ocrx_word' id='word_1_280' title='bbox 927 3801 979 3866; x_wconf 76' lang='grc' dir='ltr'>καὶ</span> <span class='ocrx_word' id='word_1_281' title='bbox 1000 3800 1139 3872; x_wconf 76' lang='grc' dir='ltr'><strong><em>δυνατοῖς</em></strong></span> <span class='ocrx_word' id='word_1_282' title='bbox 1158 3802 1271 3880; x_wconf 74' lang='grc' dir='ltr'><strong><em>λέγειν.</em></strong></span> <span class='ocrx_word' id='word_1_283' title='bbox 1294 3825 1368 3892; x_wconf 85' lang='lat' dir='ltr'>pag.</span> <span class='ocrx_word' id='word_1_284' title='bbox 1392 3801 1468 3867; x_wconf 83' lang='lat'>603.</span> <span class='ocrx_word' id='word_1_285' title='bbox 1491 3802 1521 3866; x_wconf 86' lang='lat'>5.</span> 
     </span>
     <span class='ocr_line' id='line_1_33' title="bbox 333 3904 1521 3994; baseline -0.002 -22"><span class='ocrx_word' id='word_1_286' title='bbox 333 3909 430 3973; x_wconf 77' lang='grc' dir='ltr'><strong><em>εἰπεῖν</em></strong></span> <span class='ocrx_word' id='word_1_287' title='bbox 454 3907 510 3985; x_wconf 75' lang='grc' dir='ltr'>μὲν</span> <span class='ocrx_word' id='word_1_288' title='bbox 533 3905 644 3979; x_wconf 82' lang='grc' dir='ltr'><strong><em>δεινοὺς</em></strong></span> <span class='ocrx_word' id='word_1_289' title='bbox 670 3904 722 3970; x_wconf 76' lang='grc' dir='ltr'>καὶ</span> <span class='ocrx_word' id='word_1_290' title='bbox 746 3905 876 3988; x_wconf 80' lang='grc' dir='ltr'><strong><em>θρασεῖς.</em></strong></span> <span class='ocrx_word' id='word_1_291' title='bbox 901 3927 975 3994; x_wconf 88' lang='lat' dir='ltr'>pag.</span> <span class='ocrx_word' id='word_1_292' title='bbox 1001 3904 1076 3971; x_wconf 90' lang='grc'><strong>614.</strong></span> <span class='ocrx_word' id='word_1_293' title='bbox 1103 3906 1133 3972; x_wconf 84' lang='grc'>2.</span> <span class='ocrx_word' id='word_1_294' title='bbox 1159 3906 1252 3980; x_wconf 77' lang='grc' dir='ltr'><strong><em>οὕτως</em></strong></span> <span class='ocrx_word' id='word_1_295' title='bbox 1276 3907 1313 3973; x_wconf 80' lang='grc' dir='ltr'>ὢν</span> <span class='ocrx_word' id='word_1_296' title='bbox 1334 3909 1444 3988; x_wconf 81' lang='grc' dir='ltr'><strong><em>όρασὺς</em></strong></span> <span class='ocrx_word' id='word_1_297' title='bbox 1469 3907 1521 3972; x_wconf 81' lang='grc' dir='ltr'>καῖ</span> 
     </span>
     <span class='ocr_line' id='line_1_34' title="bbox 332 4011 1522 4106; baseline 0.001 -28"><span class='ocrx_word' id='word_1_298' title='bbox 332 4014 437 4092; x_wconf 69' lang='grc' dir='ltr'><strong><em>λέγειν</em></strong></span> <span class='ocrx_word' id='word_1_299' title='bbox 460 4011 563 4086; x_wconf 81' lang='grc' dir='ltr'><strong><em>δεινός.</em></strong></span> <span class='ocrx_word' id='word_1_300' title='bbox 611 4013 785 4098; x_wconf 82' lang='lat' dir='ltr'>Postquam</span> <span class='ocrx_word' id='word_1_301' title='bbox 809 4013 865 4106; x_wconf 82' lang='grc' dir='ltr'>καί</span> <span class='ocrx_word' id='word_1_302' title='bbox 885 4015 920 4077; x_wconf 91' lang='lat' dir='ltr'>in</span> <span class='ocrx_word' id='word_1_303' title='bbox 943 4013 960 4087; x_wconf 78' lang='grc' dir='ltr'><strong><em>ἢ</em></strong></span> <span class='ocrx_word' id='word_1_304' title='bbox 984 4018 1109 4079; x_wconf 81' lang='lat' dir='ltr'>mutato</span> <span class='ocrx_word' id='word_1_305' title='bbox 1133 4015 1191 4078; x_wconf 82' lang='grc' dir='ltr'><strong><em>εόαο</em></strong></span> <span class='ocrx_word' id='word_1_306' title='bbox 1215 4035 1331 4102; x_wconf 87' lang='lat' dir='ltr'>genera</span> <span class='ocrx_word' id='word_1_307' title='bbox 1353 4015 1522 4081; x_wconf 90' lang='lat' dir='ltr'>hominum</span> 
     </span>
     <span class='ocr_line' id='line_1_35' title="bbox 332 4119 1396 4205; baseline 0 -20"><span class='ocrx_word' id='word_1_308' title='bbox 332 4121 397 4186; x_wconf 90' lang='lat' dir='ltr'>dici</span> <span class='ocrx_word' id='word_1_309' title='bbox 421 4121 611 4187; x_wconf 76' lang='lat' dir='ltr'>videbantur</span> <span class='ocrx_word' id='word_1_310' title='bbox 634 4119 757 4184; x_wconf 79' lang='lat' dir='ltr'>addidit</span> <span class='ocrx_word' id='word_1_311' title='bbox 783 4119 899 4205; x_wconf 87' lang='lat' dir='ltr'>aliquis</span> <span class='ocrx_word' id='word_1_312' title='bbox 923 4140 961 4184; x_wconf 87' lang='lat' dir='ltr'>ex</span> <span class='ocrx_word' id='word_1_313' title='bbox 983 4119 1052 4185; x_wconf 91' lang='lat' dir='ltr'>loco</span> <span class='ocrx_word' id='word_1_314' title='bbox 1075 4122 1181 4186; x_wconf 84' lang='lat' dir='ltr'>vicino</span> <span class='ocrx_word' id='word_1_315' title='bbox 1206 4122 1223 4197; x_wconf 75' lang='grc' dir='ltr'><em>ἢ</em></span> <span class='ocrx_word' id='word_1_316' title='bbox 1247 4123 1396 4202; x_wconf 76' lang='grc' dir='ltr'><strong><em>μετρίους.</em></strong></span> 
     </span>
    </p>
   </div>
   <div class='ocr_carea' id='block_1_4' title="bbox 331 4324 1524 4524">
    <p class='ocr_par' dir='ltr' id='par_1_6' title="bbox 331 4324 1524 4524">
     <span class='ocr_line' id='line_1_36' title="bbox 377 4324 1524 4413; baseline 0.004 -23"><span class='ocrx_word' id='word_1_317' title='bbox 377 4324 458 4413; x_wconf 89' lang='lat' dir='ltr'>Pag.</span> <span class='ocrx_word' id='word_1_318' title='bbox 491 4325 569 4391; x_wconf 86' lang='lat'><strong>601.</strong></span> <span class='ocrx_word' id='word_1_319' title='bbox 603 4325 656 4391; x_wconf 90' lang='grc'>16.</span> <span class='ocrx_word' id='word_1_320' title='bbox 688 4326 749 4392; x_wconf 92' lang='grc' dir='ltr'><strong><em>δεῖν</em></strong></span> <span class='ocrx_word' id='word_1_321' title='bbox 781 4325 813 4390; x_wconf 76' lang='grc' dir='ltr'>δὲ</span> <span class='ocrx_word' id='word_1_322' title='bbox 845 4325 942 4412; x_wconf 83' lang='grc' dir='ltr'><strong><em>[ᾤετο]</em></strong></span> <span class='ocrx_word' id='word_1_323' title='bbox 975 4327 1092 4405; x_wconf 80' lang='grc' dir='ltr'><strong><em>μηδένα</em></strong></span> <span class='ocrx_word' id='word_1_324' title='bbox 1123 4329 1337 4410; x_wconf 79' lang='grc' dir='ltr'><strong><em>οόποςερεῖσόαι</em></strong></span> <span class='ocrx_word' id='word_1_325' title='bbox 1359 4331 1414 4394; x_wconf 81' lang='grc' dir='ltr'>τοῦ</span> <span class='ocrx_word' id='word_1_326' title='bbox 1438 4328 1524 4404; x_wconf 74' lang='grc' dir='ltr'><strong><em>δίκης</em></strong></span> 
     </span>
     <span class='ocr_line' id='line_1_37' title="bbox 331 4428 1524 4524; baseline 0.003 -23"><span class='ocrx_word' id='word_1_327' title='bbox 331 4439 441 4515; x_wconf 87' lang='grc' dir='ltr'><strong><em>τυχεῖν</em></strong></span> <span class='ocrx_word' id='word_1_328' title='bbox 463 4434 502 4505; x_wconf 77' lang='grc' dir='ltr'>ὡς</span> <span class='ocrx_word' id='word_1_329' title='bbox 527 4428 637 4507; x_wconf 64' lang='lat' dir='ltr'>enam</span> <span class='ocrx_word' id='word_1_330' title='bbox 661 4431 803 4500; x_wconf 81' lang='grc' dir='ltr'><strong><em>δύναται.</em></strong></span> <span class='ocrx_word' id='word_1_331' title='bbox 850 4431 969 4511; x_wconf 78' lang='lat' dir='ltr'>Inutile</span> <span class='ocrx_word' id='word_1_332' title='bbox 991 4433 1130 4502; x_wconf 81' lang='lat' dir='ltr'>fulcrum</span> <span class='ocrx_word' id='word_1_333' title='bbox 1153 4435 1300 4501; x_wconf 89' lang='lat' dir='ltr'>demere</span> <span class='ocrx_word' id='word_1_334' title='bbox 1320 4435 1524 4524; x_wconf 79' lang='lat' dir='ltr'>magistellos</span> 
     </span>
    </p>
   </div>
   <div class='ocr_carea' id='block_1_5' title="bbox 0 0 1697 5192">
    <p class='ocr_par' dir='ltr' id='par_1_7' title="bbox 0 0 1697 5192">
     <span class='ocr_line' id='line_1_38' title="bbox 0 0 1697 5192; baseline 0 0"><span class='ocrx_word' id='word_1_335' title='bbox 0 0 1697 5192; x_wconf 95' lang='lat' dir='ltr'> </span> 
     </span>
    </p>
   </div>
  </div>
 </body>
</html>
