3358 5200
903 347 946 420 32

329 541 488 608 animost
510 563 585 609 aure
607 543 718 609 illaesa
741 542 850 612 audire
873 544 970 624 λρςαί
982 591 989 617 ,
1014 541 1129 624 λρςιίς.
1155 541 1270 625 λιιι-αι’,
1294 540 1416 624 sarciri
1447 541 1525 606 Hoc

329 647 458 732 quidem
490 651 554 716 scio
584 669 761 736 numquam
791 671 866 714 eum
896 652 1003 734 ipsum
1026 651 1059 713 in
1082 648 1245 714 scribendo
1268 647 1347 713 talia
1369 649 1524 712 commis-

327 774 449 819 surum.

371 968 451 1055 Pag.
476 965 530 1033 84.
556 970 608 1036 20.
644 970 776 1051 Φεραίων
808 974 969 1054 ἀφῄρηται
1001 973 1056 1046 τὴν
1079 970 1169 1036 πίλιν
1191 971 1242 1036 καί
1267 969 1398 1052 Φρουρδιν
1422 970 1452 1034 ἕν
1475 980 1519 1050 τῇ

327 1074 490 1153 ιίκροπίλει
522 1075 691 1150 κατέτεινεν
722 1073 770 1140 ἵνα
803 1077 838 1152 δὴ
862 1076 1021 1154 αὐτόνομοι
1046 1073 1126 1142 ὦσιν.
1176 1077 1261 1158 Quid
1284 1083 1331 1142 est
1354 1077 1518 1156 ἀφῄρηται

326 1182 380 1253 τὴν
405 1177 515 1245 πθλινί
546 1202 585 1246 an
617 1183 772 1249 οἰνοίςατνν
797 1181 981 1258 πεποίηκενί
1011 1183 1166 1261 Minime,
1200 1205 1257 1248 cur
1280 1185 1365 1247 enim
1387 1184 1422 1246 in
1444 1201 1520 1246 arce

325 1287 519 1372 praesidium
554 1290 757 1372 imposuisset
790 1291 854 1354 nisi
887 1295 925 1354 ut
959 1293 1045 1355 cives
1079 1293 1163 1354 iutra
1196 1289 1309 1354 urbem
1344 1291 1377 1352 in
1412 1285 1519 1351 officio

326 1389 520 1458 contineret?
567 1391 667 1458 Vetus
708 1395 932 1479 compendium
972 1394 1057 1461 male
1101 1394 1263 1482 expletum
1305 1394 1363 1459 has
1405 1393 1521 1458 turbas

324 1497 422 1563 dedit.

369 1609 447 1674 Erat
468 1609 626 1690 ἀφῄρηται
651 1609 706 1682 τὴν
730 1587 790 1694 τί,
811 1610 845 1674 id
867 1617 915 1676 est
937 1613 993 1686 τὴν
1016 1611 1193 1689 πολιτείαν,
1217 1610 1250 1676 id
1275 1613 1323 1675 est
1346 1610 1400 1681 τὶιν
1424 1608 1439 1672 δ
1461 1632 1519 1684 μο-

325 1716 453 1796 κρατίαν
476 1719 508 1778 et
531 1716 768 1800 simplicissime
791 1717 945 1781 κατέλυσε
970 1717 1020 1782 τὸν
1045 1717 1148 1795 δῆμον.

369 1926 449 2014 Peg.
474 1923 527 1990 86.
553 1923 582 1991 7.
608 1930 714 1992 τοῦτον
744 1927 795 1992 τδν
825 1925 921 2008 ἄνδρα
946 1929 1054 2002 ἐκεῖνος
1081 1927 1158 1993 οῑίτω
1184 1927 1303 2007 σΦίδρα
1330 1928 1401 2005 ὑμῖν
1426 1927 1520 2005 ἐβυθ-

325 2049 397 2097 λετο
429 2033 620 2112 χαρίσασθον
651 2031 709 2102 οἶίςε
741 2034 903 2098 ἀπέκτεινε
926 2033 978 2098 καί
1002 2035 1062 2099 οὐδ’
1086 2035 1238 2114 οὶναίρευιν
1261 2032 1378 2098 ἔδωκεν.
1424 2033 1521 2100 Haeo

324 2143 391 2226 ipse
416 2151 521 2204 orator
543 2139 682 2217 dixerat,
708 2141 821 2205 deiude
843 2139 1047 2227 magistellus
1065 2141 1104 2206 de
1123 2161 1179 2205 suo
1198 2139 1321 2205 addidit
1340 2139 1389 2204 ίιιι
1409 2149 1518 2220 ταφῇ.

324 2246 438 2333 Lysias
469 2245 499 2307 ἐν
528 2246 570 2324 τῷ
603 2246 759 2326 ἐπιταφίῳ
783 2247 810 2330 ᾖ.
837 2243 866 2310 7.
892 2246 1076 2324 πέμψαντες
1108 2247 1240 2325 κήρυκας
1273 2245 1388 2309 ἐδέοντο
1412 2248 1521 2310 αὐτῶν

324 2352 423 2416 δοῦναι
444 2357 502 2415 τῶν
522 2357 626 2428 νεκρῶν
648 2352 809 2430 αναίρεσιν.
846 2350 1056 2436 Lepidissime
1076 2351 1273 2437 Antiphanes
1292 2351 1376 2436 apud
1395 2351 1517 2416 Athen.

301 2479 396 2550 pag.
422 2455 489 2523 225
513 2473 544 2521 o.
570 2456 608 2520 ds
629 2457 768 2541 piscibus
789 2457 928 2542 putridis
952 2459 1051 2522 dixit:

504 2562 626 2635 σήπονθ’
649 2559 734 2626 ἕωλοι
760 2562 890 2637 κείμενοι
915 2562 960 2626 δύ’
984 2565 1099 2642 ἡμέρας

505 2667 522 2742 ἢ
545 2675 644 2746 τρεῖς·
666 2667 757 2745 μθλις
782 2668 808 2732 δ’
833 2667 887 2732 εὀίν
911 2670 980 2731 ποτ’
1005 2670 1117 2743 ὠνητὴν
1141 2669 1261 2749 τυφλὸν

504 2773 626 2852 λάβοιτ’
649 2772 764 2838 ἔδωκαν
787 2781 845 2838 τῶν
867 2781 971 2853 νεκρῶν
996 2775 1160 2855 οίναίρεσιν.

368 2881 573 2958 Ἀναιρείτθαι
604 2879 674 2952 τοὺς
705 2881 821 2960 νεκροιίς
852 2879 973 2968 legitur
1002 2883 1121 2965 passim
1153 2881 1237 2965 apud
1265 2900 1391 2956 omnes,
1416 2901 1518 2947 nemo

321 2991 468 3050 veterum
491 2986 563 3063 πρὸς
583 2988 689 3076 ταφήν
710 2991 766 3050 eut
785 2984 834 3050 ίνα
853 2993 994 3064 ταφῶσιν
1014 2987 1136 3051 addidit
1155 3007 1327 3070 umquam,
1351 2988 1413 3048 nisi
1427 2988 1517 3070 quod

322 3091 407 3177 apud
439 3089 615 3156 chricum
648 3091 846 3176 Stephanum
876 3091 1050 3157 Herodiani
1080 3091 1168 3156 locus
1195 3091 1339 3156 affertur:
1370 3092 1408 3163 ὥς
1433 3094 1515 3168 μηδὲ

322 3204 427 3278 νεκρῶν
450 3199 602 3274 οίναίρετιν
627 3201 697 3275 πρὸς
722 3201 828 3276 ταφὴν
852 3199 993 3276 γενέσθαι
1017 3199 1174 3272 δυνηθῆναι
1192 3199 1242 3261 tra
1262 3199 1297 3260 τὸ
1318 3199 1431 3270 πλῆθος
1452 3205 1516 3260 τῶν

321 3303 506 3381 πτωμάτων.
554 3303 607 3369 Sic
627 3307 786 3388 aequiores
808 3303 1028 3389 loquebantur,
1054 3303 1137 3368 unde
1162 3305 1286 3368 exstitit
1307 3301 1515 3386 interpolatio

321 3429 357 3475 eo
379 3409 503 3475 facilior
532 3411 572 3475 ad
601 3411 898 3496 deprehendendum
930 3413 1004 3495 quie
1026 3415 1120 3475 vetus
1142 3411 1275 3494 scriptor
1298 3407 1347 3473 ι’να
1370 3409 1510 3487 ταφείη,

319 3536 382 3581 nou
404 3523 512 3598 ταφῇ,
537 3516 680 3581 dicturus
702 3517 824 3581 fuisset.
1363 3521 1366 3526 '

364 3728 445 3815 Pag.
471 3726 546 3793 113.
582 3727 633 3792 13.
670 3729 696 3814 (ν’
728 3727 894 3812 Φίλιππος)
928 3728 1095 3799 Ὀλυνθίοις
1128 3727 1348 3806 τετταράκοντ’
1379 3725 1510 3806 οίπίχων

319 3841 375 3909 τῆς
399 3833 515 3906 πόλεως
536 3833 630 3902 ςοίδια
656 3829 740 3898 εἶπεν
764 3829 808 3898 θτι
834 3834 881 3899 δεῖ
901 3835 978 3899 δυοῖν
1004 3833 1125 3912 θοίτερον
1150 3833 1166 3908 ἢ
1191 3834 1319 3905 ἐκείνους
1344 3833 1374 3896 ἕν
1397 3832 1509 3896 Ὀλύν-

320 3941 357 4020 θῳ
388 3941 433 4018 μδ
464 3942 553 4006 οίκεῖν
577 3940 594 4015 ἢ
620 3940 711 4004 αὑτὸν
744 3941 774 4004 ἐν
798 3939 994 4023 Μακεδονία,
1028 3939 1135 4004 ποίντα
1158 3938 1209 4003 τὸν
1234 3937 1329 4002 ἄλλον
1353 3935 1457 4016 χρόνον
1483 3936 1514 4002 εί

318 4070 365 4115 τις
390 4045 482 4110 αθτδν
507 4044 687 4111 αίτιοίοοιιτθ
710 4070 739 4109 τι
765 4051 898 4110 τοιοῦτον
923 4047 1111 4122 ἀγανακτῶν
1135 4045 1188 4109 καί
1214 4043 1357 4122 πρέσβεις
1378 4042 1511 4120 πέμπων

319 4151 388 4222 τοὺς
420 4153 717 4228 ἀπολογησομένους.
767 4149 857 4229 Quod
888 4172 962 4215 cum
993 4153 1073 4217 bona
1096 4144 1265 4215 Editorum
1287 4171 1363 4235 pace
1386 4149 1513 4214 dictum

320 4260 380 4340 sit,
403 4256 548 4342 Philippi
571 4258 668 4322 verba
691 4256 783 4341 plane
807 4262 882 4321 suut
905 4278 998 4321 sensu
1022 4277 1121 4321 vacua
1146 4263 1178 4321 et
1201 4259 1318 4340 inepta.
1355 4253 1441 4333 Quae
1462 4263 1514 4320 est

319 4363 403 4428 euim
428 4363 462 4426 in
482 4363 533 4426 his
560 4365 716 4446 oppositio
740 4362 757 4435 ἢ
783 4363 864 4437 ὑμᾶς
897 4364 945 4428 δεῖ
966 4365 996 4426 ἕν
1019 4363 1153 4440 Ὀλύνθῳ
1178 4361 1222 4438 μίν
1246 4361 1335 4424 οίκεῒν
1361 4361 1376 4434 ἢ
1401 4361 1455 4436 ἐμὲ
1481 4363 1513 4426 ἕν

319 4467 476 4534 Μακεδονί
481 4533 486 4552 ,
505 4465 517 4532 l
540 4467 639 4534 Nulla
661 4487 797 4551 prorsus.
833 4466 918 4564 Quid
941 4468 1107 4553 Philippus
1130 4468 1247 4532 dixerit
1269 4465 1362 4531 facile
1382 4486 1420 4529 ex
1440 4469 1512 4550 ipsa
