3410 5180
877 211 941 292 520

679 443 775 508 KAT'
798 440 1142 509 ’ANAPo‘rmNoe

362 611 443 706 Peg.
479 615 555 682 593.
584 615 636 682 11.
662 618 883 700 αἰτιασάμενος
908 619 971 701 χοόρ
994 645 1036 699 με
1059 615 1081 685 όν
1104 621 1156 687 καὶ
1182 618 1286 700 λέχειν
1309 618 1349 686 ῶν
1372 618 1508 695 ὀκνήσειέ

317 745 375 795 τις.
430 720 551 789 Grseee
581 729 767 810 compositio
797 732 863 792 est:
894 723 915 792 ἃ
947 725 1020 792 κῶν
1050 725 1153 806 λέγειν
1188 725 1321 802 όιινήσειέ
1356 751 1414 799 τις.
1462 727 1508 792 Ut

317 849 426 916 saepe,
460 827 518 895 κῶν
548 833 582 895 in
604 832 656 896 καὶ
682 837 846 899 mutatum
869 837 918 898 est
941 837 973 898 et
994 835 1205 899 neeessariam
1228 831 1268 897 ῶν
1291 834 1399 898 minus
1423 851 1508 897 eom-

316 935 412 1002 modo
434 936 503 1003 loeo
524 937 692 1004 insertum.

361 1146 442 1234 Peg.
476 1144 553 1213 594.
585 1145 638 1212 13.
670 1144 836 1222 ἐξαπατῶν
870 1145 898 1211 δ’
932 1147 1014 1226 ὑμῶς
1045 1145 1227 1230 πειρήσεται
1259 1146 1409 1214 πλήττειν
1438 1148 1505 1236 [καὶ

318 1251 482 1340 παρῶχων]
515 1252 588 1336 πρός
618 1249 721 1323 leaeo
750 1253 865 1322 τούτων
895 1254 1082 1335 κακούργους
1109 1254 1232 1336 λόγους.
1278 1255 1508 1343 Dittogrsphie

316 1359 394 1424 haee
418 1363 475 1425 est.

361 1567 440 1655 Peg.
468 1565 543 1633 595.
570 1566 602 1636 7.
628 1568 689 1648 ἐγὼ
713 1567 741 1632 δ’
766 1567 867 1647 οἴομαι
890 1569 947 1647 μέν
971 1568 1040 1649 οὐχ)
1064 1568 1168 1649 λέγειν
1191 1567 1285 1634 αὐτὸν
1304 1568 1505 1654 eliseum,

316 1676 440 1750 μᾶλλον
462 1672 494 1738 δὲ
517 1668 588 1738 οἶδα
609 1680 732 1754 σαφῶς.
778 1674 904 1740 Dicitur
926 1673 1030 1754 λέγειν
1053 1677 1108 1750 τήν
1132 1676 1298 1752 ῶλήόειαν,
1323 1679 1431 1740 πᾶσαν
1450 1677 1506 1749 τήν

317 1780 478 1859 οὶλήόειαν,
512 1781 567 1846 sed
597 1781 751 1848 articulus
774 1781 881 1847 abesse
905 1783 1025 1866 nequit.
1073 1781 1261 1869 Legendum
1283 1779 1389 1861 λέγειν
1412 1779 1505 1847 αὐτὸν

316 1885 455 1962 οὶληόή.
502 1884 707 1954 Scribebstur
730 1869 803 1964 οὶλή.

361 2094 442 2184 Peg.
470 2094 545 2161 595.
571 2094 624 2162 22.
650 2096 795 2175 όεῶρήσαι
820 2095 875 2170 τήν
898 2095 1054 2161 οἰναόδειαν
1076 2099 1130 2161 τοῦ
1153 2095 1263 2178 τρόπον
1283 2095 1321 2161 δι’
1341 2092 1380 2159 ῶν
1400 2096 1506 2176 ἐγχει-

317 2209 365 2284 ρεῖ
398 2201 514 2282 λέγειν.
572 2202 744 2269 Verissime
778 2201 941 2268 Debreeus
964 2200 999 2278 ἐξ
1032 2197 1079 2266 ῶν.
1138 2201 1297 2288 Frequens
1331 2201 1505 2269 admodum

317 2308 395 2376 haee
418 2307 558 2375 confusio
581 2313 630 2374 est
652 2310 735 2374 inter
760 2307 786 2374 δι
800 2343 819 2358 -
844 2313 876 2374 et
899 2305 933 2385 ἐξ
947 2345 967 2357 -
990 2312 1022 2374 et
1044 2306 1108 2385 διεξ

360 2519 440 2608 Peg.
474 2516 550 2583 596.
586 2515 639 2582 16.
671 2515 721 2582 διὰ
751 2521 856 2582 ταῦτα
887 2517 950 2595 γὰρ
982 2525 1166 2583 ΤΟΤΤΟΝ
1194 2516 1261 2600 ἔχει
1286 2517 1338 2583 τόν
1359 2513 1503 2599 τρόπονὸ

317 2623 406 2704 νόμος
441 2625 497 2710 [μή
528 2622 639 2699 ἐξεῖναι
669 2632 707 2706 τῇ
739 2623 838 2706 βουλῇ
864 2623 908 2700 μή
932 2622 1122 2706 ποιησαμένη
1143 2623 1202 2696 πῶς
1225 2624 1351 2706 τριήρεις
1377 2624 1504 2699 αἰτήσαι

317 2733 371 2806 τήν
396 2730 519 2814 δωρεῶν]
545 2727 595 2794 ἵνα
617 2728 695 2807 μηδὲ
720 2729 876 2804 πεισόήναι
901 2727 975 2808 μηδ’
1001 2730 1232 2808 ἐξαπατηθῆναι
1256 2728 1370 2810 γένοιτ’
1391 2729 1442 2794 ἐπὶ
1461 2730 1503 2810 τῷ

317 2837 414 2918 δήμῳ.
462 2835 641 2902 Pronomen
664 2839 769 2900 τοῦτον
793 2839 915 2921 spectet
938 2835 977 2900 sd
1000 2835 1033 2900 id
1057 2835 1141 2921 quod
1164 2836 1341 2921 praeeedit,
1363 2839 1401 2900 ut
1419 2833 1504 2901 τόνδε

317 2943 359 3008 ud
380 2944 416 3008 id
439 2942 523 3027 quod
545 2945 697 3027 sequitur.
745 2942 857 3027 Itaque
880 2944 986 3006 τοῦτον
1008 2943 1060 3007 τὸν
1083 2941 1190 3024 τρόπον
1213 2946 1260 3008 est
1283 2965 1315 3006 eo
1338 2943 1421 3007 modo
1450 2965 1505 3028 quo

317 3055 387 3113 οιοόο
417 3049 498 3126 uisi,
524 3069 639 3135 nempe
662 3068 736 3136 pag.
763 3046 839 3113 595.
866 3046 921 3112 20.
945 3047 1012 3129 περὶ
1035 3047 1133 3113 τοόννν
1156 3053 1210 3113 τοῦ
1235 3048 1325 3127 νόμον
1347 3053 1402 3113 τοῦ
1424 3048 1506 3129 διαρ-

316 3153 404 3235 ρήδην
437 3155 489 3218 σεἰν
520 3155 626 3226 ἐῶντος
659 3150 770 3228 ἐξεῖναι
801 3152 845 3230 μή
876 3153 1066 3235 ποιησαμένη
1096 3163 1134 3237 τῇ
1168 3154 1267 3238 βουλή
1297 3154 1357 3228 τοὶς
1379 3156 1504 3237 τριήρεις

316 3261 444 3332 αἰτήσαι
476 3261 531 3335 τήν
556 3257 674 3340 δωρεῶν.
724 3257 825 3324 Viden
848 3279 885 3324 es
907 3262 976 3345 ipss
998 3260 1095 3326 verbs
1118 3281 1201 3326 nune
1224 3259 1344 3327 insulse
1369 3281 1435 3326 esse
1457 3281 1506 3326 re·

314 3363 435 3453 petite?
479 3364 648 3431 Metuebst
679 3363 795 3431 sciolus
826 3385 866 3430 ne
888 3363 969 3431 forle
992 3386 1133 3432 essemus
1155 3366 1249 3434 obliti
1272 3387 1401 3453 eorum,
1426 3387 1506 3453 quse

317 3473 423 3560 paullo
446 3477 519 3539 ente
542 3475 646 3538 orator
669 3471 813 3538 dixisset.

360 3685 441 3774 Peg.
474 3681 550 3751 597.
587 3681 639 3750 15.
672 3688 793 3749 πολλῶν
827 3682 859 3748 δὲ
891 3682 944 3750 καὶ
975 3680 1127 3763 μεχοόλιον
1158 3684 1284 3764 ἀγαθῶν
1311 3692 1373 3759 τοῖς
1398 3681 1505 3758 ἄλλοις

312 3791 447 3866 Ἕλλησι
472 3789 651 3866 κατέσεισαν
674 3787 781 3874 αἴτιοι,
807 3783 845 3854 ῶν
869 3789 930 3855 οὐδ’
953 3789 968 3854 ό
989 3788 1095 3871 χρόνος
1114 3792 1169 3866 τήν
1187 3790 1310 3870 μνήμην
1331 3791 1505 3874 αφελόσόαι

314 3897 454 3964 δύναται.
501 3896 682 3962 Haerebsm
706 3898 740 3960 in
764 3893 825 3961 οὐδ’
849 3895 863 3958 ό
886 3894 1011 3980 χρόνος,
1034 3899 1125 3980 qussi
1148 3901 1180 3962 et
1203 3895 1292 3962 eliud
1316 3897 1392 3981 quid
1418 3917 1506 3984 pree

313 4009 362 4072 ier
379 4007 507 4087 -όοιιροιο
536 4003 613 4068 diem
644 3989 881 4068 benefactorum
912 4004 1103 4068 memoriam
1136 4001 1260 4068 abolere
1285 4004 1401 4088 possit,
1427 4023 1507 4088 quse

311 4133 375 4178 non
397 4113 460 4177 nisi
485 4111 527 4192 τῷ
550 4107 648 4192 χρόνῳ
672 4107 802 4185 ἐξίτηλα
824 4108 983 4189 γίγνεται.
1024 4107 1215 4196 Suspiesbsr
1238 4108 1387 4175 demere
1410 4111 1507 4194 serip-

312 4223 385 4284 tum
408 4217 505 4282 fuisse
529 4211 567 4284 ὧν
591 4215 710 4281 οὑδΕΙΟ
734 4213 839 4296 χρόνος
862 4215 917 4289 τήν
941 4215 1064 4294 μνήμην
1088 4213 1430 4300 ἀφελέσθαιδύναται,
1451 4214 1506 4280 sed

311 4322 360 4394 nil
388 4342 455 4391 esse
484 4322 679 4390 movendum
712 4321 828 4410 collegi
851 4343 890 4388 ex
913 4320 982 4388 loco
1004 4320 1181 4409 Hyperidis
1204 4321 1277 4386 κατ’
1302 4320 1506 4403 Ἀριςορεότο-
