3372 5192
734 383 797 454 541

215 570 295 668 Pag.
322 577 398 647 672.
425 575 455 642 6.
481 580 516 643 in
538 576 561 643 S
581 576 720 665 legitur:
740 571 803 641 ὅθεν
824 573 1003 658 ἐξηλέγχθη
1024 580 1161 659 φανερῶς
1182 575 1217 642 τὸ
1237 579 1362 659 πρᾶγμ’

171 685 220 750 ἐπ’
252 687 428 768 αὐτοφώρῳ.
461 689 590 751 motat
619 682 764 749 Dindorf.
794 731 811 760 ,‚
821 681 1002 767 αὐτοφώρῳ]
1030 683 1064 748 io
1087 681 1111 748 S
1132 684 1362 768 αιρονσοπὴοθαια

170 795 283 876 οἰρπυοι
314 793 533 857 annotationem
563 791 596 854 οἰι
629 789 762 871 margine
782 789 913 872 positam
937 795 1120 864 ναοαεθτααι,
1145 811 1232 873 quoru
1255 792 1365 857 addere

172 898 281 962 οὐθὶθιιε
303 906 346 962 εει
369 896 542 962 θθθτοτθυε.”
575 894 690 960 Dicam
714 893 791 978 quid
815 893 973 959 acciderit.
1011 891 1149 980 Signum
1174 900 1364 984 superscrip

172 1005 244 1066 lum
276 1010 308 1069 et
338 1007 372 1068 in
401 1005 547 1091 margine
574 1003 747 1086 repetitum
772 1005 829 1064 aut
851 1002 975 1066 variam
999 999 1169 1065 lectionem
1189 1000 1286 1068 habet
1308 1010 1364 1070 aut

172 1111 289 1174 veteris
313 1108 462 1175 vocabuli
485 1107 789 1192 interpretationem.
825 1105 876 1170 Ad
899 1107 949 1170 ἐπ’
969 1105 1135 1188 αὐτοφώρῳ
1156 1105 1365 1195 adscripserat

173 1210 288 1299 aliquis
310 1221 459 1296 φανερῶς.
506 1212 570 1294 Qui
592 1208 743 1278 Oodioem
766 1208 789 1275 S
811 1210 968 1277 scribebat
989 1217 1127 1296 φανερῶς
1151 1233 1190 1278 er
1213 1233 1268 1278 ora
1290 1215 1364 1280 libri

66 1357 71 1366 ι
172 1323 293 1407 recepit
322 1323 357 1386 in
389 1325 514 1388 textum
545 1324 578 1386 et
606 1321 640 1384 in
672 1316 850 1398 obrectabant
882 1316 1014 1403 reliquit
1044 1320 1192 1406 signum,
1218 1322 1271 1385 cui
1293 1325 1364 1386 tum

173 1427 258 1493 nihil
285 1427 503 1513 respondebat.
550 1424 655 1506 Quam
682 1422 791 1488 futiles
813 1429 846 1488 et
868 1424 1011 1509 imperiti
1034 1429 1109 1490 sunt
1131 1424 1182 1490 illi
1203 1427 1364 1506 hominos,

174 1534 290 1620 quibus
312 1533 459 1599 nonnulli
481 1533 589 1600 omnia
610 1530 764 1597 eradenda
787 1549 855 1594 esse
874 1527 1060 1615 opinantur!
1097 1528 1160 1610 Qui
1179 1531 1367 1598 Demosthe-

175 1662 249 1706 nem
282 1640 470 1706 lectitabant
503 1639 580 1726 quid
614 1641 697 1704 esset
728 1636 777 1700 ἐπ’
810 1638 975 1718 αὐτοφώρῳ
1007 1639 1087 1702 scire
1117 1636 1229 1704 debere
1258 1644 1362 1725 putes.

174 1747 247 1812 Non
276 1748 426 1814 ridentur
457 1747 586 1812 scivisse
609 1747 642 1809 et
664 1744 884 1827 interpretatio
908 1742 1108 1809 adscribitur.
1157 1741 1263 1823 Quam
1285 1744 1367 1811 nihil

175 1843 285 1918 autem
303 1852 465 1941 cogitabat
483 1854 512 1918 is
532 1855 588 1938 qui
607 1854 743 1931 φανερῶς
765 1851 867 1933 ipsius
885 1848 1110 1916 Demosthenis
1131 1871 1198 1916 esse
1219 1853 1366 1935 opinatus

175 1961 294 2044 recepit
323 1961 358 2025 in
386 1963 522 2024 textum.
570 1954 665 2023 Solus
691 1956 838 2021 omnium
861 1953 885 2020 S
907 1956 968 2022 hac
990 1956 1119 2023 macula
1139 1957 1276 2022 intectus
1299 1961 1365 2042 est,

176 2065 292 2130 caeteri
314 2062 430 2130 mendo
449 2069 566 2131 carent.

220 2272 300 2363 Pag.
333 2273 409 2340 672.
443 2273 495 2340 10.
529 2274 663 2340 πεθθουσι
694 2275 746 2339 τὸν
778 2270 977 2354 Ἀρτάβαζον
1008 2275 1062 2337 πού
1089 2272 1365 2352 cervenensem

176 2381 228 2448 τὸν
252 2380 424 2463 asplenon
447 2382 616 2462 οὐφεῑσθαι,
641 2382 809 2450 ὐποςεῖλαι
828 2380 855 2443 δ’
876 2377 1070 2445 ὑπόσπονδον.
1103 2377 1225 2445 Vitiosa
1244 2378 1367 2444 dictum
1434 2449 1441 2464 ,

175 2494 223 2553 est
255 2473 404 2552 πείθουσιν
435 2488 596 2568 ἀφεῖσθαι.
643 2485 826 2552 Perfectum
857 2487 891 2550 in'
922 2483 980 2550 tali
1010 2505 1044 2550 re
1066 2485 1142 2569 poni
1165 2505 1227 2550 non
1249 2489 1364 2571 potest.

174 2594 261 2681 Lege
286 2592 425 2675 οὶφθσθαι
452 2598 490 2658 ut
513 2594 690 2661 θποτεῖλαν.
732 2592 918 2657 Promiscue
940 2594 975 2656 in
997 2589 1090 2656 libris
1110 2591 1260 2656 scribitur
1277 2591 1369 2671 ὐφθε-

175 2701 264 2778 σθαι,
291 2699 429 2782 ἀφέσθαι
454 2704 486 2765 et
507 2699 668 2783 ἀφεῖσθαι.
716 2697 801 2779 Quid
825 2700 869 2764 sit
891 2697 1010 2783 ubique
1032 2717 1147 2766 verum
1166 2699 1248 2763 ratio
1267 2696 1369 2763 docet.

220 2909 301 2997 Pag.
336 2905 412 2975 675.
447 2907 499 2974 12.
531 2916 632 2988 μῆνας
665 2905 747 2972 ἑπτὰ
780 2905 934 2984 διήγαγεν
965 2907 1049 2983 ἡμᾶς
1084 2911 1238 2984 πολεμῶν.
1283 2905 1370 2972 Faex

178 3011 409 3081 Graeculorum
437 3013 562 3080 dicebat
596 3019 744 3089 rotensis
778 3009 864 3089 τινα,
901 3030 964 3077 non
998 3010 1236 3076 Demosthenes.
1282 3010 1370 3098 Lege

176 3121 277 3206 (πρὸς)
309 3123 393 3198 ἡμᾶς
428 3125 578 3198 πολεμῶν.
627 3116 834 3182 Ostendimus
867 3115 930 3181 alio
965 3115 1034 3182 loco
1069 3135 1168 3200 quam
1203 3135 1296 3201 saepe
1330 3136 1369 3182 ex

176 3227 268 3293 libris
285 3226 509 3294 Demosthenis
528 3225 718 3312 praepositio
737 3223 809 3304 πρθς
827 3220 1014 3307 compendio
1031 3221 1149 3306 scripta
1160 3220 1367 3287 interciderit.

221 3434 301 3524 Pag.
328 3433 405 3501 678.
429 3434 462 3501 2.
488 3433 686 3516 ἐψηφίσασθε
710 3432 866 3513 ψήφισμα
889 3429 1069 3504 Γλαύκωνος
1091 3429 1227 3502 εθπθντοτ
1246 3427 1368 3494 ἑλέσθαι

176 3540 321 3622 πρέσβεις
345 3541 420 3607 δέκα
443 3539 554 3622 ἄνδρας
579 3537 614 3616 ἐξ
639 3540 721 3617 ἡμῶν
745 3545 915 3604 ΑΤΤΩΝ.
951 3535 1030 3617 Quis
1052 3537 1111 3602 hoc
1135 3537 1216 3602 serre
1239 3539 1273 3601 et
1296 3555 1369 3601 con-

177 3667 308 3733 coquere
339 3645 464 3734 potest?
495 3644 530 3723 ἐξ
555 3646 637 3723 ὑμῶν
661 3647 768 3710 αὐτῶν.
817 3642 867 3708 Dr
890 3643 1006 3728 quibus
1030 3641 1159 3708 tandem
1183 3639 1255 3706 aliia
1282 3646 1369 3727 pote-

176 3760 248 3819 rant
278 3753 402 3841 legatos
431 3749 582 3819 mittere?
627 3750 677 3816 Dr
707 3753 814 3817 vetere
836 3747 976 3814 formula
999 3746 1120 3812 ἑλέσθαι
1146 3745 1180 3824 ἐξ
1202 3746 1368 3820 Ἀθνιυαθυν

177 3857 325 3925 θποθντον
356 3859 589 3925 emendandum
619 3862 668 3922 ost
697 3855 732 3934 ἐξ
762 3855 846 3934 ὐμῶν
878 3858 1081 3921 ἈΠΑΝτον
1128 3852 1215 3918 Inest
1248 3854 1283 3917 in
1317 3853 1368 3918 his

177 3966 283 4035 verbis
305 3966 405 4032 etiam
428 3964 516 4032 aliud
539 3965 669 4030 vitium.
715 3960 813 4028 Recte
837 3961 955 4027 dicitur
978 3958 1099 4025 ἑλέσθαι
1123 3957 1266 4040 πρέσβεις
1291 3956 1368 4023 δέκα

177 4077 210 4138 et
241 4071 363 4138 ἑλέσθαι
397 4071 472 4138 δέκα
505 4068 634 4151 ἄνδρας,
668 4068 813 4134 sednon
843 4071 1027 4151 utrumque.
1072 4063 1291 4132 Resecandum
1320 4069 1369 4130 est

176 4177 334 4259 πρέσβεις.

221 4391 301 4479 Peg.
336 4387 414 4454 680.
451 4386 502 4454 12.
536 4389 652 4468 Ὀρῖιτε
674 4384 728 4450 καὶ
752 4382 871 4448 συνθετε
894 4381 949 4457 τὴν
972 4380 1115 4462 πονηρίαν
1138 4377 1191 4444 καὶ
1216 4381 1272 4456 τὴν
1294 4383 1367 4448 οθπι-

175 4497 259 4568 πθαν.
305 4493 517 4564 Vehementer
540 4493 639 4559 miror
662 4493 698 4558 in
723 4489 782 4557 tali
805 4511 839 4556 re
863 4488 933 4571 θρῖον
957 4485 1009 4553 ani
1031 4485 1161 4553 συνιέναι
1181 4490 1365 4570 coniuncta,
