3392 5186
748 352 812 420 411

184 545 277 634 plum
308 563 503 634 expromam.
551 539 630 610 Lib..
655 540 712 608 III.
746 540 822 608 394.
868 540 961 609 lason
990 540 1031 608 ad
1053 563 1164 630 regem
1187 543 1305 610 Aeeten
1329 545 1377 609 ita

188 654 285 720 dicit:
311 652 419 738 parati
447 671 547 714 εαιιιιιι
577 655 606 712 te
628 653 719 712 armis
740 647 851 712 uostris
878 650 1022 713 οίιίαιιατε
1044 648 1106 712 siue
1128 657 1161 714 tu
1189 651 1378 714 Sauromatas

187 766 249 825 rive
270 783 355 846 quem
377 759 471 822 οίίιιιιι
492 757 633 840 ροραῶιιιι
656 755 778 843 imperio
801 773 862 820 nuo
884 755 1029 820 ειιόίίνεικ
1051 757 1151 840 uuir:

326 863 384 929 είτ’
411 859 458 928 οὖν
484 861 693 943 Σαυρομάτας
717 885 757 939 γε
780 862 919 926 λιλαίεαι
944 861 1007 926 είτε
1031 866 1087 925 τιν’
1110 859 1206 926 ἄλλον

327 971 421 1048 δῆμον
444 974 751 1033 ΟΦΩΙΤΕΡΟΙΕΙΝ
777 967 835 1034 us
858 968 1036 1049 σκήπτροισι
1060 967 1233 1046 δαμάσσας.

190 1097 270 1163 quae
293 1081 486 1163 potestesse
509 1073 675 1141 absurdior
696 1070 819 1139 oratio?

685 1280 880 1348 LXXXVH.

492 1478 535 1527 sn
557 1477 744 1528 uomunnos
767 1481 810 1528 nx
832 1479 943 1528 mmor
964 1477 1075 1528 nonos.

236 1639 328 1707 Iliad.
352 1651 384 1705 B.
412 1635 467 1706 27.
492 1640 505 1704 ὅ
526 1641 664 1720 Ὄνειρος
688 1639 760 1720 πρὸς
785 1640 837 1704 τόν
865 1638 1109 1719 Ἀγαμέμνονα·

305 1751 356 1811 νῦν
379 1745 404 1810 δ’
429 1743 534 1822 ἐμέθεν
557 1744 642 1821 ξύνες
666 1742 748 1822 ὦκα,
776 1747 849 1818 Διὸς
875 1747 905 1811 δέ
929 1769 974 1812 τοι
998 1745 1139 1824 ἄγγελός
1165 1747 1246 1824 είμι,

309 1849 353 1939 [ῶς
377 1875 430 1914 τευ
453 1849 564 1915 ιἰνοιίεν
591 1853 642 1916 ἐὼν
665 1850 755 1928 μέγα
783 1853 909 1926 κήδεται
934 1853 978 1928 ήδ’
1002 1851 1158 1939 ἕλεαίρει.]

192 1978 273 2043 quaa
295 1957 410 2023 iisdem
437 1957 543 2023 verbis
565 1959 699 2042 repetita
720 1956 874 2044 leguntur
895 1979 943 2025 vs.
969 1956 1011 2022 63
1035 1979 1081 2042 sq.

240 2060 350 2143 ήἿρις
374 2062 446 2142 πρὸς
470 2063 522 2126 τὸν
546 2063 683 2142 Πρίαμον
706 2062 798 2128 Ih'ad.
824 2073 871 2131 Ω.
897 2062 973 2133 173.

308 2172 356 2232 νῶν
381 2165 408 2233 δ’
434 2166 539 2245 ἐμέθεν
562 2167 647 2246 ξύνες
671 2164 751 2245 ῶκοι,
777 2172 850 2243 Διός
874 2169 906 2234 δέ
927 2193 973 2235 τοι
997 2166 1139 2246 ῶγγελός
1165 2170 1245 2247 είμι,

307 2269 337 2346 dc
361 2297 414 2339 τεν
438 2272 548 2338 ἄνωθεν
569 2275 621 2338 ἐῶν
643 2273 732 2353 μέγα
757 2275 882 2350 κήδεται
908 2274 957 2350 ήδ’
982 2276 1122 2355 ἐλεαίρει.

193 2380 371 2444 rectissimo
393 2379 477 2444 vidit
499 2380 702 2446 Aristarchus
725 2379 820 2445 illum
842 2379 950 2446 locum
974 2402 1012 2446 ex
1034 2381 1094 2446 hoc
1115 2386 1241 2465 praeter
1262 2385 1387 2447 senten·

195 2487 276 2550 tiam
300 2506 366 2552 essa
389 2486 627 2572 interpolatum.
675 2487 854 2552 Annotatnr
877 2487 917 2552 ad
941 2498 974 2552 Β.
999 2484 1053 2551 28.
1078 2487 1200 2567 (ὀβελὸς
1221 2489 1293 2563 μετ’
1314 2488 1385 2556 dre·

195 2591 309 2674 ρίσκον)
343 2585 389 2655 ὀτι
419 2597 509 2656 τοῦτο
541 2592 627 2672 ὀρθῶς
659 2593 730 2673 πρὸς
755 2593 894 2671 Πρίαμον
911 2589 986 2672 Ἶρις
1011 2592 1114 2671 λέγειΙ
1139 2593 1205 2659 ἐπεὶ
1230 2593 1281 2658 καί
1306 2594 1385 2666 τίνος

195 2695 288 2776 χοίριν
311 2696 407 2761 ε’λεεῖν
430 2696 523 2763 αὐτὸν
547 2696 677 2776 μέλλεις
703 2702 736 2764 et
758 2698 798 2764 ad
820 2710 854 2764 Β.
880 2698 934 2764 64.
958 2698 1081 2780 (ὀβελὸς
1110 2697 1184 2777 μετ’
1210 2699 1382 2786 ereptare)

196 2797 241 2866 ίίτι
266 2801 324 2866 tut
348 2809 403 2877 τής
423 2802 532 2883 Ἴριδος
554 2805 626 2883 τρός
649 2804 788 2885 Πρίαμον
810 2805 934 2878 δεόντως
958 2805 1100 2884 λέγεται.
1127 2810 1159 2871 et
1182 2805 1222 2870 ad
1247 2814 1293 2871 Ω.
1309 2803 1384 2873 174.

198 2908 225 2996 (ὀ
247 2908 419 2994 οίςερίσιιος)
452 2906 499 2973 dre
530 2909 662 2975 ἐνταῦθα
685 2909 778 2988 ὑγιῶς
811 2909 959 2989 λέγεται,
984 2911 1050 2975 ἐκεῖ
1069 2911 1100 2976 δὲ
1124 2916 1225 2982 κακῶς
1250 2909 1307 2977 out
1330 2914 1384 2975 τοῦ

197 3015 330 3096 Ὀνείρου
355 3013 428 3095 πρὸς
458 3014 510 3080 τόν
539 3016 776 3095 Ἀγαμέμνονα.
821 3016 987 3083 Bekkerus
1017 3024 1126 3083 tamen
1148 3019 1294 3103 spurium
1317 3037 1386 3084 ver·

198 3141 271 3187 sum
303 3125 335 3187 et
365 3143 439 3188 curn
471 3120 535 3188 loci
561 3124 717 3188 sententia
745 3128 944 3211 pugnantem
973 3125 1108 3189 retinuit
1133 3129 1166 3189 et
1186 3143 1226 3188 ne
1249 3143 1387 3190 comme·

194 3229 334 3294 muravit
356 3227 488 3313 quidem
510 3249 585 3294 eum
606 3228 645 3293 ab
668 3228 851 3294 Aristarcho
874 3249 940 3294 esse
963 3227 1162 3294 damnatum.

245 3406 439 3473 Admirabili
461 3409 607 3474 acumine
630 3408 850 3492 Aristarchus,
876 3409 931 3493 qui
955 3408 1063 3474 omnia
1084 3407 1220 3473 Homeri
1243 3406 1328 3472 dieta
1348 3407 1388 3474 ad

198 3515 329 3579 naturae
359 3515 529 3579 veritatem
558 3518 590 3579 et
620 3517 706 3581 vitae
735 3514 878 3580 heroicae
909 3534 1006 3578 usum
1030 3515 1177 3601 exigebat
1199 3513 1329 3599 perinde
1353 3535 1389 3578 an

199 3619 227 3683 ei
250 3620 387 3685 eximius
417 3623 509 3704 poeta
538 3640 601 3685 non
624 3618 697 3686 ficta
721 3626 846 3686 caneret
869 3619 923 3685 sed
946 3640 1022 3686 vara
1044 3625 1204 3697 narraret,
1230 3621 1390 3705 perspexit

198 3725 234 3788 in
256 3723 345 3790 Iliad.
371 3735 403 3788 Β.
435 3723 640 3810 interpolatos
663 3747 729 3792 esse
752 3747 862 3793 versus
887 3720 1031 3792 76-83.
1080 3724 1238 3791 Sedebant
1261 3727 1295 3789 in
1319 3745 1390 3791 con-

201 3829 275 3894 eilio
297 3850 386 3895 senes
413 3834 445 3894 et
467 3830 690 3918 Agamemnon
712 3832 841 3912 sedens,
864 3854 928 3899 non
951 3837 1055 3910 stans,
1081 3832 1164 3896 dixit
1187 3832 1388 3896 sententiam.

200 3933 313 4020 Itaque
336 3955 522 4022 perversum
545 3942 609 4002 est:

475 4041 539 4118 ήτοι
565 4039 613 4123 ὅγ’
638 4039 676 4116 ῶς
700 4045 805 4109 ιειτόιν
830 4045 901 4107 κατ’
924 4041 972 4123 ἄρ’
996 4039 1090 4122 ἕζετο.

202 4147 235 4212 οὐ
275 4144 337 4228 γὰρ
371 4147 449 4226 optor
480 4149 607 4234 είρήκει,
638 4151 776 4234 inquit
807 4148 930 4215 Deinde
961 4149 1043 4213 οὐδὲν
1075 4146 1216 4228 τεριτοόν
1246 4146 1334 4226 λίγει
1376 4150 1391 4215 ὀ

203 4251 310 4334 Νέςωρ
333 4252 386 4318 καὶ
412 4251 514 4330 ειίήόες
539 4258 573 4320 τό
598 4256 711 4320 είτεῖν·

384 4360 409 4424 εί
433 4358 560 4439 μέντοι
583 4365 634 4426 rto
656 4359 760 4442 ὀνειριν
784 4359 924 4442 Ἀχαιῶν
947 4356 1043 4433 ῶλλος
1069 4358 1172 4426 ἐνίοτε

386 4465 497 4546 ψεῦδός
522 4491 572 4533 κεν
592 4471 724 4552 Φαῖμεν.
