3232 5176
908 381 952 450 66

326 591 401 660 pag.
422 571 498 639 686.
519 573 574 640 28.
595 574 698 640 ἐκεῖνοι
719 574 776 652 μὲν
794 613 838 625 -
858 571 1039 654 τριακοσίοις
1060 571 1086 636 δ’
1108 573 1238 636 ίππεῦσι
1259 607 1302 620 --
1315 569 1517 646 βοηθήσαντι,

327 679 406 744 heeo
437 682 545 745 omnis
576 679 738 756 αὐτολεξεί
769 680 844 747 hino
875 682 1010 766 repetite
1035 683 1127 755 sunt,
1152 677 1205 742 sed
1230 677 1305 743 vide
1326 677 1402 762 quid
1425 678 1518 744 addet

328 783 458 850 Orator:
490 788 543 851 οὐκ
574 786 772 867 ἐψηφίσαντο
804 786 896 850 αὑτὸν
928 783 966 848 ἀν
995 807 1043 854 τις
1067 786 1234 862 ἀποκτείνη
1257 785 1419 860 ἀγώγιμον
1444 780 1517 848 εἶναι

328 891 426 974 (quod
450 891 488 957 de
512 888 702 957 Charidemo
725 891 934 956 Aristocraten
958 888 1107 975 tulerst),
1127 890 1215 952 ἀλλά
1236 891 1396 954 πολιτείαν
1415 888 1518 953 ἔδοσαν

328 997 381 1059 καί
414 997 530 1070 ταύτην
563 997 668 1070 tzaris
693 995 918 1074 innodationis
943 991 1019 1061 είνοοι
1044 995 1098 1068 την
1123 995 1226 1072 τιμήν.
1273 995 1418 1060 Necdum
1442 998 1518 1060 satis

328 1107 393 1165 est:
426 1105 570 1187 sequitur
601 1104 635 1167 in
666 1103 887 1166 Aristocrateo:
910 1101 961 1165 reni
987 1102 1082 1166 πάλιι
1105 1102 1258 1184 Περδίκκᾳ
1284 1139 1326 1150 -
1351 1103 1419 1172 τοὺς
1447 1103 1517 1165 ἀνα-

328 1211 505 1286 χωροῦντας
530 1210 564 1271 ἐκ
588 1213 754 1272 Πλαταιῶν
777 1215 835 1272 τῶν
855 1205 1025 1286 βαρβάροιν
1045 1207 1255 1284 διαφθείραντι
1277 1245 1317 1256 -
1332 1211 1385 1272 οὐκ
1404 1209 1517 1287 ἑψηφί-

329 1336 424 1378 σαντο
456 1315 618 1392 ἀγώγιμον
649 1310 725 1378 εἶναι
760 1312 798 1376 ἀν
828 1335 875 1384 τις
907 1314 1071 1395 ἀποκτείνη
1099 1313 1286 1390 Περδίκκαν,
1317 1307 1338 1393 ᾧ
1368 1313 1517 1390 βασιλεὺς

330 1419 358 1502 [θ
392 1420 528 1504 Περσῶν]
562 1419 667 1500 ἐχθρὸς
700 1419 737 1483 δι’
769 1422 851 1496 ἡμᾶς
876 1419 1090 1496 ἀπεδέδεικτο,
1116 1419 1204 1483 ἀλλά
1227 1419 1385 1483 πολιτείαν
1408 1419 1518 1484 ἔδωκαν

328 1523 429 1600 μθνον.
476 1523 634 1608 Impostor
662 1523 785 1609 relique
815 1524 855 1589 sd
885 1524 1020 1589 verbum
1052 1524 1233 1610 descripsit,
1266 1525 1375 1590 sedin
1398 1524 1460 1592 fine
1483 1527 1518 1590 de

330 1627 516 1692 suodedit:
541 1632 594 1694 οὐκ
618 1631 814 1710 ἐψηφίσαντο
838 1629 998 1694 πολιτείαν
1024 1628 1101 1694 ἀλλ’
1123 1631 1269 1694 ἀτέλειαν
1290 1631 1403 1696 ἔδωκαν
1422 1631 1517 1708 μθνον.

330 1731 484 1798 Videmus
506 1734 687 1812 hominem,
713 1742 751 1799 ut
773 1736 849 1801 hseo
873 1738 907 1800 in
931 1755 1004 1800 suos
1023 1757 1100 1800 usus
1118 1741 1300 1802 convertere
1318 1739 1434 1821 possit,
1454 1757 1519 1822 per·

329 1845 453 1903 vertere
476 1842 583 1905 omnis
606 1848 638 1905 et
659 1841 936 1926 impudentissime
955 1843 1098 1906 mentiri.
1135 1840 1170 1905 Si
1191 1843 1247 1926 qui
1265 1843 1345 1906 tonte
1365 1846 1519 1920 supersint

330 1945 386 2028 qni
419 1947 599 2010 orationum
634 1948 815 2031 spuriarum
850 1943 947 2012 fidem
975 1953 1008 2012 et
1038 1950 1259 2013 auctoritatem
1292 1949 1375 2012 tueri
1405 1948 1518 2020 velint,

330 2058 454 2122 πολλοῖς
495 2053 670 2130 ἀντιλέγειν
701 2054 765 2132 γάρ
797 2051 859 2125 ἔθος
892 2052 958 2131 περὶ
990 2053 1107 2126 παντὸς
1139 2053 1268 2130 ὁμοίως,
1301 2052 1517 2120 huiuscemodi

329 2154 414 2222 loeos
437 2155 609 2245 diligenter
634 2159 808 2243 expendere
831 2158 942 2225 selim.

374 2367 489 2455 Pergit
518 2369 666 2435 falsarius
697 2391 771 2458 pag.
805 2368 881 2436 173.
915 2369 968 2436 ld.
999 2371 1146 2449 μεγάλην
1176 2371 1229 2435 καί
1261 2373 1388 2448 τιμίαν,
1414 2367 1516 2446 οἶμαι,

330 2471 383 2536 καί
415 2476 529 2549 σεμνὴν
560 2477 615 2548 την
646 2475 748 2540 αὑτῶν
775 2483 966 2542 ΠΑΤΡΙΔΑ
1001 2477 1163 2554 ἡγούμενοι
1190 2477 1242 2540 καί
1268 2476 1372 2550 reione
1396 2476 1518 2557 μείζονα

330 2578 523 2656 εὐεργεσίαι.
559 2584 609 2642 νῦν
645 2580 676 2644 δὲ
710 2618 752 2628 -
775 2581 900 2661 φθθρουι
939 2583 1107 2662 ἀνθρώπους
1141 2619 1182 2631 -
1213 2585 1345 2647 ποιεῖσθε
1379 2583 1516 2652 πολίτας.

330 2683 403 2748 Non
434 2690 508 2749 sunt
538 2684 615 2750 hseo
646 2691 730 2752 rente
760 2689 918 2774 cogitate:
950 2691 1122 2754 nonenim
1147 2687 1517 2772 depatriasermoest.

329 2788 384 2854 sed
419 2789 457 2854 de
493 2791 559 2854 iore
589 2791 730 2856 σίοίθαθιὲι.
780 2794 915 2858 Maiores
945 2795 1043 2858 nostri
1073 2794 1202 2878 (inquit)
1236 2795 1385 2860 σίσθθοθειιι
1409 2793 1518 2858 nemini

330 2895 462 2980 quamvis
492 2897 598 2979 optime
627 2898 664 2962 de
685 2920 717 2962 ee
738 2899 841 2963 merito
865 2898 1127 2982 impertiebantur:
1151 2921 1229 2962 ειιοαο
1252 2901 1383 2965 homines
1406 2900 1517 2984 nequie-

328 3001 417 3063 ιῖιιιοι
447 3001 567 3066 entare
598 3003 752 3068 θοαοιιιιιε.
798 3004 885 3091 llrgo
915 3025 979 3070 non
1009 3007 1146 3081 πατρίδα
1180 3004 1283 3072 dieere
1308 3007 1444 3071 debebat
1466 3004 1518 3069 sed

330 3105 507 3181 πολιτείαν,
538 3113 571 3172 et
600 3111 646 3173 sio
669 3109 801 3174 demum
824 3109 966 3197 intelligi
987 3115 1093 3196 potest
1116 3110 1168 3175 καί
1192 3110 1296 3183 τάσηο
1321 3119 1515 3176 ΜΕΙΖΟΝΑ

327 3211 522 3290 εὐεργεσίαι.
568 3212 697 3299 Optime
726 3214 860 3279 dieitur:
893 3238 952 3280 νιοιι
982 3223 1025 3280 σοί
1055 3216 1145 3280 atiud
1176 3217 1349 3300 terestrium
1374 3234 1517 3283 crvrrnrs

330 3318 437 3383 ιιιοὶοιι.
485 3315 651 3384 Substitue
674 3335 791 3384 rnrnu
813 3321 910 3384 ναοῖσι
933 3326 966 3387 et
987 3320 1072 3387 mele
1095 3343 1171 3388 sena
1193 3324 1294 3388 exibit
1317 3325 1427 3390 oretio.

376 3529 455 3595 Post
476 3548 577 3614 panon
599 3549 672 3615 pag.
701 3525 775 3594 173.
802 3528 857 3593 22.
881 3529 1076 3614 praeolsrsm
1098 3529 1323 3598 Demosthenis
1344 3536 1425 3613 ῥιῖσιν
1453 3553 1516 3596 eur-

330 3637 432 3721 ripuit
460 3655 499 3698 ne
529 3634 662 3700 verbulo
687 3634 817 3720 quidem
839 3641 966 3700 mutato
987 3657 1026 3700 ex
1055 3636 1233 3722 Οίριιίθῖσιο
1255 3639 1345 3702 tertia
1365 3659 1439 3725 ρος.
1463 3634 1516 3702 37.

333 3741 387 3806 10.
419 3741 464 3808 ίςι
496 3741 523 3805 δ’
546 3739 708 3812 οὐδέποτε,
740 3737 845 3817 οἶμαι,
876 3741 964 3820 μέγα
997 3741 1048 3806 καί
1081 3743 1214 3808 νεανικὸν
1241 3742 1385 3823 φρθνημα
1407 3743 1517 3820 λαβεῖν

331 3846 427 3927 μικρά
452 3846 504 3910 καί
529 3850 643 3928 φαῦλα
667 3845 881 3927 προίττονταο·
906 3847 984 3912 ὁποῖ’
1009 3847 1095 3912 ἀττα
1116 3848 1178 3927 γάρ
1198 3848 1237 3912 ἂν
1254 3849 1517 3926 τάπιτηδεύματα

332 3957 391 4017 τῶν
413 3953 571 4032 ἀνθρώπων
597 3949 614 4034 ᾗ
638 3957 769 4017 τοιοῦτον
794 3953 918 4029 ἀνάγκη
944 3953 995 4018 καί
1022 3953 1058 4018 τὸ
1081 3954 1226 4035 φρθνημα
1249 3953 1344 4035 ἔχειν.

378 4057 531 4142 Sequitur
560 4059 649 4124 loeus
678 4079 751 4146 pag.
788 4055 861 4123 173.
888 4057 942 4124 28.
966 4061 1001 4124 in
1025 4080 1087 4145 quo
1109 4063 1269 4148 insignem
1293 4062 1464 4128 scribarum
1488 4065 1517 4124 st

332 4167 543 4229 oorreotornm
574 4165 718 4231 freudem
750 4163 928 4230 manifestis
959 4164 1086 4231 indiciis
1117 4165 1342 4251 deprehensam
1367 4174 1517 4234 tenemus.

331 4268 510 4354 Proponem
543 4273 684 4356 primum
720 4269 828 4337 locum
859 4273 1021 4358 integrum
1046 4279 1083 4336 ut
1108 4273 1147 4336 nb
1171 4275 1309 4338 suetonis
1333 4293 1430 4340 menn
1450 4291 1516 4357 pro

331 4373 434 4438 teotus
466 4379 529 4441 est.
561 4376 673 4440 deinde
704 4375 848 4462 singulas
877 4376 1004 4442 frendes
1034 4376 1188 4444 refutabo.
1236 4377 1425 4466 Legendnm
1454 4383 1514 4443 est:

331 4477 496 4558 Σκίφασθε
531 4480 562 4544 δὲ
597 4477 619 4544 ἀ
654 4504 700 4552 τις
736 4479 901 4562 κεφοίλαιοο
937 4481 975 4546 ἀν
1010 4481 1076 4562 ἔχοι
1113 4485 1208 4548 εἰπεῖν
1244 4491 1302 4550 τῶν
1334 4489 1364 4550 τ’
1398 4485 1513 4556 ἐκείνοις
