3392 5186
734 367 795 440 361

164 561 265 630 fuisse
288 566 334 629 'sic
357 561 505 628 declarat.
541 562 591 627 Ad
614 561 705 629 lliad.
731 572 756 626 1.
783 561 858 626 191.
883 555 1053 628 annotatur
1075 565 1108 626 in
1132 571 1171 625 Α.
1196 561 1358 643 γράφεται

164 671 219 736 καὶ
253 669 403 745 δέΧμενας
433 667 482 732 διαὶ
512 672 565 731 τοῦ
591 679 626 733 Χ.
675 667 796 733 Eadem
828 667 1040 752 discrepantia
1068 665 1146 732 olim
1169 668 1360 754 inperfecti

164 776 269 843 forma
292 776 457 840 observata
480 777 538 838 est.
584 773 676 838 Iliad.
703 782 740 836 Θ.
766 772 842 838 296.

350 883 383 945 εἰι
406 884 458 944 ποῦ
485 880 519 952 δη
544 876 655 954 τόξοισι
681 877 862 955 δεδεγμένος
886 877 997 960 ἄνδρας
1023 879 1160 960 ε’ναέρεις.
1207 887 1210 894 “

163 988 224 1052 ubi
254 992 440 1051 annotatur:
472 984 565 1057 οὕτως
596 987 629 1050 αἱ
661 986 846 1066 Ἀριςοέρχοιι
877 985 928 1050 διὰ
959 990 1013 1050 τοῦ
1044 997 1071 1050 Χ
1094 983 1299 1070 δεδεΧμένος,
1324 991 1357 1051 11

164 1091 259 1158 Iliad.
284 1103 323 1157 Ψ.
350 1091 428 1160 273.
1325 1085 1326 1090 ’

347 1200 467 1271 ἱππῆας
492 1195 563 1262 ποὶδ·
586 1195 685 1262 ἄεθλα
710 1195 882 1274 δεδεγμένα
906 1198 985 1262 κεῖτ’
1010 1199 1039 1262 έν
1063 1199 1170 1276 οὶγῶνι.

164 1306 224 1370 ubi
245 1305 460 1370 Aristonicus:
487 1306 503 1378 ἡ
530 1303 623 1380 διπλῆ
646 1299 692 1369 ὅτι
716 1302 750 1368 πὸ
775 1302 1011 1382 δεδεγμένα
1032 1305 1102 1370 cirri
1123 1309 1176 1370 ποῦ
1197 1305 1360 1386 προοδε-

166 1411 340 1493 χόμενα.
374 1416 406 1475 11
429 1410 607 1497 Didymus:
633 1411 725 1489 διχῶς
751 1411 937 1492 Ἀρίςαρχορ
965 1409 1145 1489 δεδεΓμένοι
1171 1411 1223 1476 καὶ
1249 1411 1359 1477 δεδεΧ-

166 1517 267 1596 μένος.
323 1519 464 1601 Apparet
498 1537 536 1581 ex
570 1516 633 1581 loci
667 1522 781 1581 natura
822 1522 855 1582 et
889 1517 1066 1582 Aristarchi
1101 1520 1360 1603 interpretatione

165 1623 342 1709 perfectum
374 1623 524 1700 δέδεγμαι
558 1623 729 1706 praesentia
758 1625 912 1707 temporis
948 1627 1096 1688 naturam
1131 1628 1164 1688 et
1197 1628 1360 1690 notionem

166 1729 324 1812 induisse,
348 1735 386 1793 ut
409 1727 568 1806 δεδέξομαι
584 1729 714 1814 sutori,
739 1735 771 1794 et
795 1727 894 1804 δέδεξο
915 1736 1099 1812 maerentia,
1125 1732 1360 1807 11111δεδοαη-

167 1833 267 1914 μένος.
291 1837 384 1899 utin
407 1833 502 1900 Iliad.
530 1844 567 1898 0.
595 1832 669 1900 730.

485 1937 542 2004 ἔνθ’
566 1939 612 2020 ἄρ’
636 1936 686 2018 ὅγ’
709 1941 810 2017 iratast
834 1939 1038 2018 δεδοκημένος.

167 2047 203 2113 id
225 2053 274 2112 est
296 2051 477 2126 παρατηρῶν
498 2047 669 2122 absmarus,
695 2052 727 2111 st
754 2054 791 2109 E.
817 2044 894 2110 238.

464 2148 549 2216 τόνδε
574 2150 602 2215 δ’
628 2152 705 2230 ἐγὼν
728 2148 855 2215 έπιδνπα
880 2150 1052 2229 δεδέξομαι.

169 2259 247 2346 quid
271 2257 359 2324 uliud
382 2263 429 2322 est
452 2255 611 2334 δεδέξομαι
636 2278 732 2343 quum
756 2257 893 2342 simplex
906 2257 1081 2343 saturam?
1104 2262 1137 2321 et
1155 2279 1204 2325 vs.
1225 2258 1303 2326 228.

603 2365 634 2436 ἦὲ
659 2366 696 2429 σὺ
721 2363 807 2430 τόνδε
826 2361 937 2439 δέδεξο.

169 2493 268 2560 quam
292 2471 389 2538 aliam
413 2474 575 2538 notionem
599 2469 699 2546 δέδεξο
725 2471 822 2536 habet
846 2491 943 2555 quam
960 2471 1129 2554 praeemit
1155 2469 1361 2555 imperativi?

216 2579 280 2644 Ubi
310 2581 412 2666 igitur
439 2577 562 2663 liquido
586 2583 708 2644 constat
736 2576 884 2659 δέγμενος
915 2597 990 2641 cum
1021 2578 1205 2661 compositis
1235 2579 1362 2643 nonnisi

159 2686 334 2773 praesentia
352 2687 504 2768 temporis
522 2683 788 2770 significationem
808 2687 843 2748 in
861 2705 894 2749 se
914 2686 1073 2749 continere
1093 2686 1224 2769 eiusque
1240 2684 1361 2749 formae

168 2793 361 2858 memoriam
386 2790 425 2854 ab
448 2788 570 2854 idoneis
593 2790 728 2855 testibus
750 2811 817 2855 esse
841 2794 1077 2874 conservatam,
1101 2789 1361 2856 dubitabimusne

168 2901 283 2983 poetae
306 2895 340 2960 id
362 2895 491 2961 tandem
512 2897 679 2961 restituere
703 2895 786 2980 quod
809 2898 891 2961 ratio
913 2896 1032 2981 ubique
1056 2893 1189 2962 suadet?

697 3161 842 3229 xnvm

613 3341 718 3410 *aare
739 3383 780 3392 -
802 3307 924 3409 111111.

219 3527 334 3594 Editur
355 3529 388 3590 in
413 3524 553 3613 Odyssea
576 3525 700 3592 duobus
722 3525 801 3591 locis
823 3549 858 3602 μ.
881 3523 959 3592 399.
985 3529 1018 3590 11
1043 3549 1069 3590 ο.
1092 3522 1167 3594 477.

312 3634 387 3698 ἀλλ’
412 3629 463 3697 ὅτε
487 3633 521 3709 δη
545 3629 675 3710 ἕβδομον
700 3628 783 3712 ἦμαρ
806 3632 856 3697 ἐπὶ
881 3632 957 3702 Ζεὺς
984 3637 1067 3704 Oine
1091 3631 1227 3712 Κρονίων.

173 3741 322 3810 abhorret
344 3759 363 3804 a
392 3739 455 3804 loci
478 3741 634 3804 sententia
657 3739 822 3822 ἐπιθεῖναι,
846 3738 901 3803 sed
924 3743 1081 3824 expuncta
1104 3737 1234 3803 literula
1257 3757 1364 3802 emen·

173 3846 334 3914 dandum:
359 3845 409 3908 ἕπ1
434 3844 510 3916 Ζεὺς
528 3841 622 3910 'ilua
647 3841 695 3910 Of.
721 3853 758 3908 K.
784 3842 837 3912 71.

336 3953 412 4024 Ζεὺς
436 3952 486 4017 ἐπὶ
510 3951 733 4031 γιγνομένοισιν
754 3951 825 4015 ‘1e1
851 3949 1011 4026 κακότητα
1034 3951 1178 4032 βαρεῖαν.

175 4057 290 4145 Odyss.
315 4068 352 4124 Σ.
382 4056 458 4122 136.

358 4172 435 4233 ποῖος
458 4163 522 4242 γὰρ
547 4159 609 4234 νόος
634 4162 696 4230 ecta
719 4160 897 4239 ἐπιχθονίων
920 4162 1078 4243 ἀνθρώπων

358 4263 414 4333 οἷον
438 4270 487 4332 ἐπ’
510 4266 592 4349 ἦμαρ
617 4267 713 4350 ἄγησι
737 4269 840 4345 πατὴρ
864 4267 974 4347 ἀνδρῶν
999 4292 1033 4332 πε
1057 4269 1129 4333 θεῶν
1151 4291 1198 4333 πε.

221 4373 313 4440 Nihil
343 4377 428 4440 enim
458 4377 590 4440 interest
621 4376 704 4438 inter
735 4373 867 4451 ἐπάγειν
900 4367 983 4453 ἦμαρ
1009 4379 1041 4438 11
1065 4373 1198 4456 ἐφιέναι.
1246 4373 1367 4440 lisdem

177 4479 319 4550 conlusio
342 4485 391 4546 est
413 4483 496 4546 inter
519 4479 571 4558 ἧκε
595 4485 628 4546 11
651 4482 722 4556 θῆκε
745 4478 837 4545 lliad.
864 4488 902 4544 0.
928 4477 1005 4547 327.
1030 4482 1087 4547 ubi
1107 4483 1140 4545 in
1163 4479 1255 4546 libris
1278 4489 1343 4546 est:
