<?xml version="1.0" encoding="UTF-8"?>
<!DOCTYPE html PUBLIC "-//W3C//DTD XHTML 1.0 Transitional//EN"
    "http://www.w3.org/TR/xhtml1/DTD/xhtml1-transitional.dtd">
<html xmlns="http://www.w3.org/1999/xhtml" xml:lang="en" lang="en">
 <head>
  <title>
</title>
<meta http-equiv="Content-Type" content="text/html;charset=utf-8" />
  <meta name='ocr-system' content='tesseract 3.04.00' />
  <meta name='ocr-capabilities' content='ocr_page ocr_carea ocr_par ocr_line ocrx_word'/>
</head>
<body>
  <div class='ocr_page' id='page_1' title='image "./miscellaneacrit01cobegoog_0366.png"; bbox 0 0 3392 5186; ppageno 0'>
   <div class='ocr_carea' id='block_1_1' title="bbox 727 379 791 450">
    <p class='ocr_par' dir='ltr' id='par_1_1' title="bbox 727 379 791 450">
     <span class='ocr_line' id='line_1_1' title="bbox 727 379 791 450; baseline 0 -1"><span class='ocrx_word' id='word_1_1' title='bbox 727 379 791 450; x_wconf 80' lang='lat'>341</span> 
     </span>
    </p>
   </div>
   <div class='ocr_carea' id='block_1_2' title="bbox 162 572 1394 2889">
    <p class='ocr_par' dir='ltr' id='par_1_2' title="bbox 162 572 1355 857">
     <span class='ocr_line' id='line_1_2' title="bbox 208 572 1355 657; baseline -0.003 -11"><span class='ocrx_word' id='word_1_2' title='bbox 208 587 248 645; x_wconf 84' lang='grc' dir='ltr'>Λ.</span> <span class='ocrx_word' id='word_1_3' title='bbox 275 575 328 645; x_wconf 80' lang='grc'>72.</span> <span class='ocrx_word' id='word_1_4' title='bbox 353 579 420 644; x_wconf 85' lang='lat' dir='ltr'>erat</span> <span class='ocrx_word' id='word_1_5' title='bbox 444 573 572 657; x_wconf 70' lang='grc' dir='ltr'><em>ὑσμίνη,</em></span> <span class='ocrx_word' id='word_1_6' title='bbox 597 575 682 641; x_wconf 88' lang='lat' dir='ltr'>recta</span> <span class='ocrx_word' id='word_1_7' title='bbox 706 573 908 641; x_wconf 73' lang='lat' dir='ltr'>Aristarchus</span> <span class='ocrx_word' id='word_1_8' title='bbox 933 572 1043 652; x_wconf 70' lang='grc' dir='ltr'><em>ὑσμίνη</em></span> <span class='ocrx_word' id='word_1_9' title='bbox 1065 575 1210 642; x_wconf 84' lang='lat' dir='ltr'>correxit.</span> <span class='ocrx_word' id='word_1_10' title='bbox 1229 575 1304 644; x_wconf 86' lang='lat' dir='ltr'>ride</span> <span class='ocrx_word' id='word_1_11' title='bbox 1323 580 1355 642; x_wconf 85' lang='lat' dir='ltr'>ei</span> 
     </span>
     <span class='ocr_line' id='line_1_3' title="bbox 162 679 1355 753; baseline -0.001 0"><span class='ocrx_word' id='word_1_12' title='bbox 162 695 204 752; x_wconf 92' lang='grc' dir='ltr'>Λ.</span> <span class='ocrx_word' id='word_1_13' title='bbox 226 681 281 753; x_wconf 95' lang='grc'>76.</span> <span class='ocrx_word' id='word_1_14' title='bbox 299 690 345 749; x_wconf 90' lang='lat' dir='ltr'>M.</span> <span class='ocrx_word' id='word_1_15' title='bbox 368 681 421 748; x_wconf 82' lang='lat'>46.</span> <span class='ocrx_word' id='word_1_16' title='bbox 442 690 485 748; x_wconf 88' lang='grc' dir='ltr'>Ν.</span> <span class='ocrx_word' id='word_1_17' title='bbox 506 679 559 746; x_wconf 82' lang='grc'>29.</span> <span class='ocrx_word' id='word_1_18' title='bbox 584 690 624 747; x_wconf 91' lang='lat'>0.</span> <span class='ocrx_word' id='word_1_19' title='bbox 648 679 725 748; x_wconf 82' lang='grc'><strong>741.</strong></span> <span class='ocrx_word' id='word_1_20' title='bbox 748 682 805 747; x_wconf 91' lang='lat' dir='ltr'>ubi</span> <span class='ocrx_word' id='word_1_21' title='bbox 822 684 870 746; x_wconf 86' lang='lat' dir='ltr'>est</span> <span class='ocrx_word' id='word_1_22' title='bbox 891 679 1001 747; x_wconf 88' lang='lat' dir='ltr'>eadam</span> <span class='ocrx_word' id='word_1_23' title='bbox 1021 683 1105 748; x_wconf 88' lang='lat' dir='ltr'>inter</span> <span class='ocrx_word' id='word_1_24' title='bbox 1118 685 1355 752; x_wconf 75' lang='lat' dir='ltr'><strong>nominativum</strong></span> 
     </span>
     <span class='ocr_line' id='line_1_4' title="bbox 163 785 874 857; baseline -0.004 -1"><span class='ocrx_word' id='word_1_25' title='bbox 163 796 197 857; x_wconf 88' lang='lat' dir='ltr'>et</span> <span class='ocrx_word' id='word_1_26' title='bbox 219 790 365 857; x_wconf 85' lang='lat' dir='ltr'>dativum</span> <span class='ocrx_word' id='word_1_27' title='bbox 388 789 611 855; x_wconf 82' lang='lat' dir='ltr'>controversia.</span> <span class='ocrx_word' id='word_1_28' title='bbox 638 787 677 853; x_wconf 82' lang='lat' dir='ltr'>cf.</span> <span class='ocrx_word' id='word_1_29' title='bbox 703 792 734 853; x_wconf 90' lang='lat' dir='ltr'>et</span> <span class='ocrx_word' id='word_1_30' title='bbox 759 797 794 852; x_wconf 90' lang='lat' dir='ltr'>Z.</span> <span class='ocrx_word' id='word_1_31' title='bbox 821 785 874 853; x_wconf 92' lang='grc'>10.</span> 
     </span>
    </p>

    <p class='ocr_par' dir='ltr' id='par_1_3' title="bbox 163 891 1358 1601">
     <span class='ocr_line' id='line_1_5' title="bbox 208 891 1355 983; baseline -0.002 -22"><span class='ocrx_word' id='word_1_32' title='bbox 208 896 369 963; x_wconf 80' lang='lat' dir='ltr'><strong>Homerus</strong></span> <span class='ocrx_word' id='word_1_33' title='bbox 401 914 597 982; x_wconf 89' lang='lat' dir='ltr'>quamquam</span> <span class='ocrx_word' id='word_1_34' title='bbox 628 915 667 959; x_wconf 85' lang='lat' dir='ltr'>ex</span> <span class='ocrx_word' id='word_1_35' title='bbox 698 891 825 960; x_wconf 87' lang='lat' dir='ltr'>Ionicae</span> <span class='ocrx_word' id='word_1_36' title='bbox 856 891 984 960; x_wconf 76' lang='lat' dir='ltr'><strong>dialecti</strong></span> <span class='ocrx_word' id='word_1_37' title='bbox 1011 894 1141 983; x_wconf 83' lang='lat' dir='ltr'>ingenio</span> <span class='ocrx_word' id='word_1_38' title='bbox 1164 893 1289 962; x_wconf 82' lang='lat' dir='ltr'>vocales</span> <span class='ocrx_word' id='word_1_39' title='bbox 1312 902 1355 960; x_wconf 86' lang='lat' dir='ltr'>HI</span> 
     </span>
     <span class='ocr_line' id='line_1_6' title="bbox 164 999 1356 1080; baseline -0.005 -9"><span class='ocrx_word' id='word_1_40' title='bbox 164 1007 196 1071; x_wconf 84' lang='lat' dir='ltr'>at</span> <span class='ocrx_word' id='word_1_41' title='bbox 229 1011 279 1069; x_wconf 79' lang='lat' dir='ltr'>nl</span> <span class='ocrx_word' id='word_1_42' title='bbox 311 1001 482 1070; x_wconf 87' lang='lat' dir='ltr'>dissolvere</span> <span class='ocrx_word' id='word_1_43' title='bbox 512 999 593 1066; x_wconf 84' lang='lat' dir='ltr'>solet</span> <span class='ocrx_word' id='word_1_44' title='bbox 616 1001 674 1066; x_wconf 91' lang='lat' dir='ltr'>ubi</span> <span class='ocrx_word' id='word_1_45' title='bbox 696 1000 836 1069; x_wconf 76' lang='grc' dir='ltr'><em>ὑστικιςὺ</em></span> <span class='ocrx_word' id='word_1_46' title='bbox 859 1000 1103 1080; x_wconf 86' lang='lat' dir='ltr'>contrahuntur,</span> <span class='ocrx_word' id='word_1_47' title='bbox 1127 1006 1166 1067; x_wconf 89' lang='lat' dir='ltr'>ut</span> <span class='ocrx_word' id='word_1_48' title='bbox 1186 1004 1221 1067; x_wconf 90' lang='lat' dir='ltr'>in</span> <span class='ocrx_word' id='word_1_49' title='bbox 1244 999 1356 1079; x_wconf 79' lang='grc' dir='ltr'><em>ηΐὺεσς,</em></span> 
     </span>
     <span class='ocr_line' id='line_1_7' title="bbox 164 1104 1356 1195; baseline -0.002 -21"><span class='ocrx_word' id='word_1_50' title='bbox 164 1109 334 1187; x_wconf 79' lang='grc' dir='ltr'><em>ληΐσσατο,</em></span> <span class='ocrx_word' id='word_1_51' title='bbox 359 1111 519 1188; x_wconf 77' lang='grc' dir='ltr'><em>ληϊςῆρες,</em></span> <span class='ocrx_word' id='word_1_52' title='bbox 541 1105 594 1183; x_wconf 77' lang='grc' dir='ltr'>ἤϊα</span> <span class='ocrx_word' id='word_1_53' title='bbox 619 1106 731 1195; x_wconf 65' lang='lat' dir='ltr'>(lior),</span> <span class='ocrx_word' id='word_1_54' title='bbox 744 1106 850 1187; x_wconf 70' lang='grc' dir='ltr'><em>δήϊοι,</em></span> <span class='ocrx_word' id='word_1_55' title='bbox 872 1104 990 1192; x_wconf 83' lang='grc' dir='ltr'><em>δηϊὺινν,</em></span> <span class='ocrx_word' id='word_1_56' title='bbox 1010 1107 1147 1188; x_wconf 78' lang='grc' dir='ltr'><em>ὑρὺϊκες,</em></span> <span class='ocrx_word' id='word_1_57' title='bbox 1169 1108 1235 1185; x_wconf 84' lang='grc' dir='ltr'><em>νῶϊ,</em></span> <span class='ocrx_word' id='word_1_58' title='bbox 1257 1109 1356 1191; x_wconf 74' lang='grc' dir='ltr'><em>σφῶϊ,</em></span> 
     </span>
     <span class='ocr_line' id='line_1_8' title="bbox 164 1211 1357 1297; baseline 0 -17"><span class='ocrx_word' id='word_1_59' title='bbox 164 1216 294 1297; x_wconf 73' lang='grc' dir='ltr'><em>Τρώϊοι,</em></span> <span class='ocrx_word' id='word_1_60' title='bbox 329 1213 502 1296; x_wconf 80' lang='grc' dir='ltr'><em>Τρωϊώδες,</em></span> <span class='ocrx_word' id='word_1_61' title='bbox 540 1211 672 1294; x_wconf 87' lang='grc' dir='ltr'><em>ὑπερώϊα</em></span> <span class='ocrx_word' id='word_1_62' title='bbox 707 1218 739 1278; x_wconf 88' lang='lat' dir='ltr'>et</span> <span class='ocrx_word' id='word_1_63' title='bbox 771 1211 962 1294; x_wconf 83' lang='grc' dir='ltr'><em>ὑπερώϊὺὑεν,</em></span> <span class='ocrx_word' id='word_1_64' title='bbox 996 1219 1028 1279; x_wconf 88' lang='lat' dir='ltr'>et</span> <span class='ocrx_word' id='word_1_65' title='bbox 1058 1217 1131 1279; x_wconf 89' lang='lat' dir='ltr'>sim.</span> <span class='ocrx_word' id='word_1_66' title='bbox 1162 1219 1271 1280; x_wconf 88' lang='lat' dir='ltr'>tamen</span> <span class='ocrx_word' id='word_1_67' title='bbox 1304 1234 1357 1280; x_wconf 89' lang='lat' dir='ltr'>aas</span> 
     </span>
     <span class='ocr_line' id='line_1_9' title="bbox 163 1317 1358 1407; baseline -0.003 -20"><span class='ocrx_word' id='word_1_68' title='bbox 163 1323 360 1407; x_wconf 91' lang='lat' dir='ltr'>ubicumque</span> <span class='ocrx_word' id='word_1_69' title='bbox 391 1340 470 1406; x_wconf 91' lang='lat' dir='ltr'>opus</span> <span class='ocrx_word' id='word_1_70' title='bbox 502 1323 550 1386; x_wconf 85' lang='lat' dir='ltr'>ast</span> <span class='ocrx_word' id='word_1_71' title='bbox 581 1319 690 1385; x_wconf 86' lang='lat' dir='ltr'>Attico</span> <span class='ocrx_word' id='word_1_72' title='bbox 713 1339 802 1386; x_wconf 89' lang='lat' dir='ltr'>mora</span> <span class='ocrx_word' id='word_1_73' title='bbox 825 1325 968 1399; x_wconf 80' lang='grc' dir='ltr'><em>συναιρεῖ.</em></span> <span class='ocrx_word' id='word_1_74' title='bbox 1014 1317 1077 1386; x_wconf 88' lang='grc' dir='ltr'>Ρτο</span> <span class='ocrx_word' id='word_1_75' title='bbox 1099 1341 1133 1386; x_wconf 92' lang='lat' dir='ltr'>re</span> <span class='ocrx_word' id='word_1_76' title='bbox 1155 1325 1231 1386; x_wconf 89' lang='lat' dir='ltr'>nata</span> <span class='ocrx_word' id='word_1_77' title='bbox 1253 1321 1304 1385; x_wconf 82' lang='grc' dir='ltr'>νῶϊ</span> <span class='ocrx_word' id='word_1_78' title='bbox 1326 1323 1358 1384; x_wconf 86' lang='lat' dir='ltr'>et</span> 
     </span>
     <span class='ocr_line' id='line_1_10' title="bbox 166 1423 1357 1515; baseline -0.003 -20"><span class='ocrx_word' id='word_1_79' title='bbox 166 1427 203 1511; x_wconf 83' lang='grc' dir='ltr'>νώ</span> <span class='ocrx_word' id='word_1_80' title='bbox 234 1430 342 1515; x_wconf 86' lang='lat' dir='ltr'>ponit,</span> <span class='ocrx_word' id='word_1_81' title='bbox 374 1427 459 1511; x_wconf 84' lang='grc' dir='ltr'><em>σφῶϊ</em></span> <span class='ocrx_word' id='word_1_82' title='bbox 483 1430 515 1492; x_wconf 88' lang='lat' dir='ltr'>et</span> <span class='ocrx_word' id='word_1_83' title='bbox 537 1423 626 1509; x_wconf 78' lang='grc' dir='ltr'><em>σφώ,</em></span> <span class='ocrx_word' id='word_1_84' title='bbox 654 1425 771 1508; x_wconf 77' lang='grc' dir='ltr'><em>ὑρηϊνιες</em></span> <span class='ocrx_word' id='word_1_85' title='bbox 794 1431 827 1492; x_wconf 88' lang='lat' dir='ltr'>et</span> <span class='ocrx_word' id='word_1_86' title='bbox 852 1426 969 1509; x_wconf 73' lang='grc' dir='ltr'><em>ὑρῇκες,</em></span> <span class='ocrx_word' id='word_1_87' title='bbox 994 1427 1050 1503; x_wconf 75' lang='grc' dir='ltr'>ἤϊα</span> <span class='ocrx_word' id='word_1_88' title='bbox 1073 1431 1105 1492; x_wconf 88' lang='lat' dir='ltr'>at</span> <span class='ocrx_word' id='word_1_89' title='bbox 1129 1426 1196 1508; x_wconf 74' lang='grc' dir='ltr'>ὑων.</span> <span class='ocrx_word' id='word_1_90' title='bbox 1244 1425 1357 1514; x_wconf 84' lang='lat' dir='ltr'>Odyss.</span> 
     </span>
     <span class='ocr_line' id='line_1_11' title="bbox 165 1533 294 1601; baseline 0 -1"><span class='ocrx_word' id='word_1_91' title='bbox 165 1561 190 1600; x_wconf 87' lang='grc' dir='ltr'><em>ε.</em></span> <span class='ocrx_word' id='word_1_92' title='bbox 217 1533 294 1601; x_wconf 82' lang='grc'><strong>368.</strong></span> 
     </span>
    </p>

    <p class='ocr_par' dir='ltr' id='par_1_4' title="bbox 393 1635 1093 1721">
     <span class='ocr_line' id='line_1_12' title="bbox 393 1635 1093 1721; baseline -0.001 -17"><span class='ocrx_word' id='word_1_93' title='bbox 393 1641 432 1712; x_wconf 71' lang='lat' dir='ltr'>br</span> <span class='ocrx_word' id='word_1_94' title='bbox 458 1638 485 1704; x_wconf 91' lang='grc' dir='ltr'>δ’</span> <span class='ocrx_word' id='word_1_95' title='bbox 510 1635 622 1716; x_wconf 82' lang='grc' dir='ltr'><em>άνεμις</em></span> <span class='ocrx_word' id='word_1_96' title='bbox 646 1636 723 1720; x_wconf 80' lang='grc' dir='ltr'>ζαὺης</span> <span class='ocrx_word' id='word_1_97' title='bbox 748 1639 804 1721; x_wconf 69' lang='grc' dir='ltr'><em>ἤιεν</em></span> <span class='ocrx_word' id='word_1_98' title='bbox 829 1639 950 1716; x_wconf 82' lang='grc' dir='ltr'><em>ὑημὺνα</em></span> <span class='ocrx_word' id='word_1_99' title='bbox 975 1636 1093 1720; x_wconf 80' lang='grc' dir='ltr'><em>τινάξη.</em></span> 
     </span>
    </p>

    <p class='ocr_par' dir='ltr' id='par_1_5' title="bbox 166 1742 1360 2357">
     <span class='ocr_line' id='line_1_13' title="bbox 212 1742 1358 1832; baseline -0.002 -22"><span class='ocrx_word' id='word_1_100' title='bbox 212 1747 300 1822; x_wconf 76' lang='grc' dir='ltr'><em>Δηϊνι</em></span> <span class='ocrx_word' id='word_1_101' title='bbox 326 1749 358 1811; x_wconf 87' lang='lat' dir='ltr'>et</span> <span class='ocrx_word' id='word_1_102' title='bbox 381 1744 463 1820; x_wconf 81' lang='grc' dir='ltr'><em>δηΐου</em></span> <span class='ocrx_word' id='word_1_103' title='bbox 487 1749 560 1810; x_wconf 88' lang='lat' dir='ltr'>anta</span> <span class='ocrx_word' id='word_1_104' title='bbox 582 1742 727 1811; x_wconf 79' lang='lat' dir='ltr'><strong>vocalem</strong></span> <span class='ocrx_word' id='word_1_105' title='bbox 750 1744 918 1832; x_wconf 76' lang='lat' dir='ltr'>trisyllaba</span> <span class='ocrx_word' id='word_1_106' title='bbox 941 1751 1033 1811; x_wconf 84' lang='lat' dir='ltr'>sunt:</span> <span class='ocrx_word' id='word_1_107' title='bbox 1058 1745 1131 1819; x_wconf 76' lang='grc' dir='ltr'><em>δήϊοι</em></span> <span class='ocrx_word' id='word_1_108' title='bbox 1157 1742 1266 1824; x_wconf 61' lang='lat' dir='ltr'>scyta</span> <span class='ocrx_word' id='word_1_109' title='bbox 1286 1749 1358 1819; x_wconf 80' lang='grc' dir='ltr'><em>νηῶν</em></span> 
     </span>
     <span class='ocr_line' id='line_1_14' title="bbox 167 1847 1356 1935; baseline -0.003 -17"><span class='ocrx_word' id='word_1_110' title='bbox 167 1854 199 1918; x_wconf 83' lang='lat' dir='ltr'>et</span> <span class='ocrx_word' id='word_1_111' title='bbox 221 1851 302 1927; x_wconf 74' lang='grc' dir='ltr'><em>δηΐου</em></span> <span class='ocrx_word' id='word_1_112' title='bbox 326 1852 360 1916; x_wconf 78' lang='grc' dir='ltr'>ἐν</span> <span class='ocrx_word' id='word_1_113' title='bbox 384 1849 538 1929; x_wconf 78' lang='grc' dir='ltr'><em>πολέμου,</em></span> <span class='ocrx_word' id='word_1_114' title='bbox 560 1851 615 1916; x_wconf 80' lang='lat' dir='ltr'>secl</span> <span class='ocrx_word' id='word_1_115' title='bbox 635 1850 866 1916; x_wconf 88' lang='lat' dir='ltr'>contrahuntur</span> <span class='ocrx_word' id='word_1_116' title='bbox 885 1851 980 1935; x_wconf 72' lang='grc' dir='ltr'><em>δὺνιο,</em></span> <span class='ocrx_word' id='word_1_117' title='bbox 1002 1850 1113 1932; x_wconf 74' lang='grc' dir='ltr'><em>δηνισι,</em></span> <span class='ocrx_word' id='word_1_118' title='bbox 1134 1847 1236 1934; x_wconf 67' lang='lat' dir='ltr'>ericae,</span> <span class='ocrx_word' id='word_1_119' title='bbox 1261 1851 1356 1932; x_wconf 70' lang='grc' dir='ltr'><em>δῄων,</em></span> 
     </span>
     <span class='ocr_line' id='line_1_15' title="bbox 166 1954 1356 2040; baseline -0.003 -17"><span class='ocrx_word' id='word_1_120' title='bbox 166 1963 200 2024; x_wconf 82' lang='lat' dir='ltr'>et</span> <span class='ocrx_word' id='word_1_121' title='bbox 229 1957 364 2040; x_wconf 77' lang='grc' dir='ltr'><em>δρώσας,</em></span> <span class='ocrx_word' id='word_1_122' title='bbox 396 1957 535 2040; x_wconf 81' lang='grc' dir='ltr'><em>δηώσειν,</em></span> <span class='ocrx_word' id='word_1_123' title='bbox 568 1960 606 2021; x_wconf 84' lang='lat' dir='ltr'>ut</span> <span class='ocrx_word' id='word_1_124' title='bbox 636 1957 671 2020; x_wconf 89' lang='lat' dir='ltr'>in</span> <span class='ocrx_word' id='word_1_125' title='bbox 701 1961 764 2033; x_wconf 76' lang='grc' dir='ltr'>γνώ</span> <span class='ocrx_word' id='word_1_126' title='bbox 799 1961 824 2034; x_wconf 79' lang='grc' dir='ltr'>ῥ’</span> <span class='ocrx_word' id='word_1_127' title='bbox 861 1954 971 2037; x_wconf 74' lang='grc' dir='ltr'><em>ἄνδρας</em></span> <span class='ocrx_word' id='word_1_128' title='bbox 1007 1957 1112 2037; x_wconf 65' lang='lat' dir='ltr'>balaac,</span> <span class='ocrx_word' id='word_1_129' title='bbox 1150 1956 1243 2036; x_wconf 80' lang='grc' dir='ltr'><em>πυρὸς</em></span> <span class='ocrx_word' id='word_1_130' title='bbox 1278 1956 1356 2036; x_wconf 63' lang='grc' dir='ltr'><em>δηίοιο</em></span> 
     </span>
     <span class='ocr_line' id='line_1_16' title="bbox 169 2061 1357 2146; baseline -0.003 -18"><span class='ocrx_word' id='word_1_131' title='bbox 169 2061 325 2146; x_wconf 76' lang='grc' dir='ltr'><em>θέρωνται,</em></span> <span class='ocrx_word' id='word_1_132' title='bbox 357 2063 449 2146; x_wconf 74' lang='grc' dir='ltr'><em>δηὺσισι</em></span> <span class='ocrx_word' id='word_1_133' title='bbox 480 2061 665 2141; x_wconf 74' lang='grc' dir='ltr'><em>μάχεσθαι,</em></span> <span class='ocrx_word' id='word_1_134' title='bbox 699 2061 842 2141; x_wconf 85' lang='grc' dir='ltr'><em>άνδράσιν</em></span> <span class='ocrx_word' id='word_1_135' title='bbox 873 2063 904 2125; x_wconf 78' lang='grc' dir='ltr'>ἕν</span> <span class='ocrx_word' id='word_1_136' title='bbox 928 2061 1037 2144; x_wconf 73' lang='grc' dir='ltr'><em>δῄοισι,</em></span> <span class='ocrx_word' id='word_1_137' title='bbox 1062 2062 1138 2144; x_wconf 70' lang='grc' dir='ltr'><em>δῄων</em></span> <span class='ocrx_word' id='word_1_138' title='bbox 1160 2062 1228 2126; x_wconf 80' lang='grc' dir='ltr'>κνσὺ</span> <span class='ocrx_word' id='word_1_139' title='bbox 1255 2061 1357 2141; x_wconf 79' lang='grc' dir='ltr'><em>κώραα</em></span> 
     </span>
     <span class='ocr_line' id='line_1_17' title="bbox 168 2165 1360 2254; baseline -0.003 -20"><span class='ocrx_word' id='word_1_140' title='bbox 168 2168 323 2250; x_wconf 74' lang='grc' dir='ltr'><em>γενέσθαι.</em></span> <span class='ocrx_word' id='word_1_141' title='bbox 381 2169 440 2244; x_wconf 78' lang='lat' dir='ltr'>mc</span> <span class='ocrx_word' id='word_1_142' title='bbox 475 2171 573 2235; x_wconf 88' lang='lat' dir='ltr'>etiam</span> <span class='ocrx_word' id='word_1_143' title='bbox 608 2168 814 2254; x_wconf 73' lang='lat' dir='ltr'>participium</span> <span class='ocrx_word' id='word_1_144' title='bbox 850 2167 922 2251; x_wconf 82' lang='grc' dir='ltr'><em>δηών</em></span> <span class='ocrx_word' id='word_1_145' title='bbox 959 2176 991 2231; x_wconf 86' lang='lat' dir='ltr'>P.</span> <span class='ocrx_word' id='word_1_146' title='bbox 1030 2165 1082 2232; x_wconf 82' lang='lat'>65.</span> <span class='ocrx_word' id='word_1_147' title='bbox 1118 2167 1174 2232; x_wconf 90' lang='lat' dir='ltr'>ubi</span> <span class='ocrx_word' id='word_1_148' title='bbox 1209 2169 1360 2233; x_wconf 87' lang='lat' dir='ltr'>annotant</span> 
     </span>
     <span class='ocr_line' id='line_1_18' title="bbox 168 2273 859 2357; baseline -0.004 -15"><span class='ocrx_word' id='word_1_149' title='bbox 168 2281 309 2342; x_wconf 80' lang='lat' dir='ltr'>veteres:</span> <span class='ocrx_word' id='word_1_150' title='bbox 332 2273 388 2340; x_wconf 84' lang='grc' dir='ltr'>σὺν</span> <span class='ocrx_word' id='word_1_151' title='bbox 412 2277 455 2357; x_wconf 78' lang='grc' dir='ltr'>τῷ</span> <span class='ocrx_word' id='word_1_152' title='bbox 481 2285 494 2340; x_wconf 93' lang='lat' dir='ltr'>l</span> <span class='ocrx_word' id='word_1_153' title='bbox 519 2275 679 2356; x_wconf 68' lang='grc' dir='ltr'><em>γράφεται</em></span> <span class='ocrx_word' id='word_1_154' title='bbox 705 2283 859 2340; x_wconf 84' lang='grc' dir='ltr'><strong>ΔΗΙΩΝ.</strong></span> 
     </span>
    </p>

    <p class='ocr_par' dir='ltr' id='par_1_6' title="bbox 168 2376 1362 2574">
     <span class='ocr_line' id='line_1_19' title="bbox 212 2376 1362 2464; baseline -0.003 -18"><span class='ocrx_word' id='word_1_155' title='bbox 212 2379 322 2462; x_wconf 78' lang='grc' dir='ltr'><em>Τρώϊοι</em></span> <span class='ocrx_word' id='word_1_156' title='bbox 353 2387 386 2448; x_wconf 84' lang='lat' dir='ltr'>ei</span> <span class='ocrx_word' id='word_1_157' title='bbox 417 2381 530 2464; x_wconf 80' lang='grc' dir='ltr'><em>Τρῳοϊ,</em></span> <span class='ocrx_word' id='word_1_158' title='bbox 556 2380 710 2462; x_wconf 79' lang='grc' dir='ltr'><em>Τρνιϊάδες</em></span> <span class='ocrx_word' id='word_1_159' title='bbox 734 2385 767 2446; x_wconf 84' lang='lat' dir='ltr'>ei</span> <span class='ocrx_word' id='word_1_160' title='bbox 790 2378 950 2462; x_wconf 78' lang='grc' dir='ltr'><em>Τρῳάδες,</em></span> <span class='ocrx_word' id='word_1_161' title='bbox 974 2376 1107 2460; x_wconf 83' lang='grc' dir='ltr'><em>ὑπερώϊα</em></span> <span class='ocrx_word' id='word_1_162' title='bbox 1130 2384 1162 2446; x_wconf 87' lang='lat' dir='ltr'>et</span> <span class='ocrx_word' id='word_1_163' title='bbox 1186 2379 1306 2460; x_wconf 75' lang='grc' dir='ltr'><em>ὑπερῷα</em></span> <span class='ocrx_word' id='word_1_164' title='bbox 1329 2382 1362 2444; x_wconf 86' lang='lat' dir='ltr'>et</span> 
     </span>
     <span class='ocr_line' id='line_1_20' title="bbox 168 2484 592 2574; baseline -0.007 -20"><span class='ocrx_word' id='word_1_165' title='bbox 168 2484 312 2569; x_wconf 78' lang='grc' dir='ltr'><em>ὑπερῴην.</em></span> <span class='ocrx_word' id='word_1_166' title='bbox 336 2493 367 2555; x_wconf 86' lang='lat' dir='ltr'>el</span> <span class='ocrx_word' id='word_1_167' title='bbox 392 2489 463 2554; x_wconf 89' lang='lat' dir='ltr'>sim.</span> <span class='ocrx_word' id='word_1_168' title='bbox 488 2487 592 2574; x_wconf 89' lang='lat' dir='ltr'>plura.</span> 
     </span>
    </p>

    <p class='ocr_par' dir='ltr' id='par_1_7' title="bbox 213 2590 997 2682">
     <span class='ocr_line' id='line_1_21' title="bbox 213 2590 997 2682; baseline 0 -24"><span class='ocrx_word' id='word_1_169' title='bbox 213 2591 364 2682; x_wconf 82' lang='lat' dir='ltr'>Superest</span> <span class='ocrx_word' id='word_1_170' title='bbox 386 2597 421 2660; x_wconf 92' lang='lat' dir='ltr'>in</span> <span class='ocrx_word' id='word_1_171' title='bbox 445 2615 482 2661; x_wconf 92' lang='lat' dir='ltr'>ea</span> <span class='ocrx_word' id='word_1_172' title='bbox 504 2615 538 2660; x_wconf 89' lang='lat' dir='ltr'>rc</span> <span class='ocrx_word' id='word_1_173' title='bbox 561 2593 716 2660; x_wconf 87' lang='lat' dir='ltr'>mendum</span> <span class='ocrx_word' id='word_1_174' title='bbox 738 2595 773 2659; x_wconf 90' lang='lat' dir='ltr'>in</span> <span class='ocrx_word' id='word_1_175' title='bbox 796 2592 856 2660; x_wconf 90' lang='lat' dir='ltr'>Od.</span> <span class='ocrx_word' id='word_1_176' title='bbox 879 2616 905 2676; x_wconf 92' lang='grc' dir='ltr'>ρ.</span> <span class='ocrx_word' id='word_1_177' title='bbox 932 2590 997 2659; x_wconf 86' lang='grc'>530</span> 
     </span>
    </p>

    <p class='ocr_par' dir='ltr' id='par_1_8' title="bbox 166 2699 1394 2889">
     <span class='ocr_line' id='line_1_22' title="bbox 441 2699 1051 2782; baseline -0.002 -17"><span class='ocrx_word' id='word_1_178' title='bbox 441 2701 473 2776; x_wconf 74' lang='grc' dir='ltr'>ὑὲ</span> <span class='ocrx_word' id='word_1_179' title='bbox 495 2699 608 2782; x_wconf 83' lang='grc' dir='ltr'><em>ὑὺρηισι</em></span> <span class='ocrx_word' id='word_1_180' title='bbox 622 2701 695 2778; x_wconf 77' lang='grc' dir='ltr'>-ἣ</span> <span class='ocrx_word' id='word_1_181' title='bbox 721 2699 816 2765; x_wconf 83' lang='grc' dir='ltr'><em>αὑτοῦ</em></span> <span class='ocrx_word' id='word_1_182' title='bbox 842 2699 929 2765; x_wconf 79' lang='grc' dir='ltr'><em>κατά</em></span> <span class='ocrx_word' id='word_1_183' title='bbox 952 2699 1051 2778; x_wconf 78' lang='grc' dir='ltr'><em>δῶμα.</em></span> 
     </span>
     <span class='ocr_line' id='line_1_23' title="bbox 166 2804 1394 2889; baseline 0.002 -17"><span class='ocrx_word' id='word_1_184' title='bbox 166 2810 206 2873; x_wconf 78' lang='lat' dir='ltr'>ui</span> <span class='ocrx_word' id='word_1_185' title='bbox 236 2805 444 2873; x_wconf 80' lang='lat' dir='ltr'>Athenienses</span> <span class='ocrx_word' id='word_1_186' title='bbox 475 2807 622 2873; x_wconf 85' lang='lat' dir='ltr'>dicebant</span> <span class='ocrx_word' id='word_1_187' title='bbox 649 2805 773 2888; x_wconf 83' lang='grc' dir='ltr'><em>ὑὺρασι,</em></span> <span class='ocrx_word' id='word_1_188' title='bbox 798 2805 924 2887; x_wconf 83' lang='grc' dir='ltr'><em>ὑὺραὺεν</em></span> <span class='ocrx_word' id='word_1_189' title='bbox 949 2812 981 2873; x_wconf 88' lang='lat' dir='ltr'>et</span> <span class='ocrx_word' id='word_1_190' title='bbox 1003 2804 1126 2889; x_wconf 81' lang='grc' dir='ltr'><em>ὑὺραζε,</em></span> <span class='ocrx_word' id='word_1_191' title='bbox 1151 2808 1197 2872; x_wconf 88' lang='lat' dir='ltr'>sic</span> <span class='ocrx_word' id='word_1_192' title='bbox 1219 2805 1360 2874; x_wconf 80' lang='lat' dir='ltr'>Homero</span> <span class='ocrx_word' id='word_1_193' title='bbox 1391 2843 1394 2852; x_wconf 78' lang='lat'><em>,</em></span> 
     </span>
    </p>
   </div>
   <div class='ocr_carea' id='block_1_3' title="bbox 167 2911 1466 3000">
    <p class='ocr_par' dir='ltr' id='par_1_9' title="bbox 167 2911 1466 3000">
     <span class='ocr_line' id='line_1_24' title="bbox 167 2911 1466 3000; baseline 0.001 -22"><span class='ocrx_word' id='word_1_194' title='bbox 167 2911 289 2993; x_wconf 82' lang='grc' dir='ltr'><em>ὑὺρησι,</em></span> <span class='ocrx_word' id='word_1_195' title='bbox 321 2912 425 2994; x_wconf 84' lang='grc' dir='ltr'>ὑὺρηὺε</span> <span class='ocrx_word' id='word_1_196' title='bbox 456 2918 488 2980; x_wconf 90' lang='lat' dir='ltr'>et</span> <span class='ocrx_word' id='word_1_197' title='bbox 520 2911 629 2996; x_wconf 84' lang='grc' dir='ltr'><em>ὑὺραζε</em></span> <span class='ocrx_word' id='word_1_198' title='bbox 654 2918 842 2980; x_wconf 89' lang='lat' dir='ltr'>consuetum</span> <span class='ocrx_word' id='word_1_199' title='bbox 865 2919 913 2979; x_wconf 88' lang='lat' dir='ltr'>est</span> <span class='ocrx_word' id='word_1_200' title='bbox 936 2911 1049 2980; x_wconf 87' lang='lat' dir='ltr'>dicare.</span> <span class='ocrx_word' id='word_1_201' title='bbox 1097 2911 1210 2999; x_wconf 88' lang='lat' dir='ltr'>Itaque</span> <span class='ocrx_word' id='word_1_202' title='bbox 1232 2919 1358 2981; x_wconf 81' lang='lat' dir='ltr'>exemto</span> <span class='ocrx_word' id='word_1_203' title='bbox 1463 2995 1466 3000; x_wconf 20' lang='grc' dir='ltr'>Ι</span> 
     </span>
    </p>
   </div>
   <div class='ocr_carea' id='block_1_4' title="bbox 167 3019 547 3102">
    <p class='ocr_par' dir='ltr' id='par_1_10' title="bbox 167 3019 547 3102">
     <span class='ocr_line' id='line_1_25' title="bbox 167 3019 547 3102; baseline -0.003 -16"><span class='ocrx_word' id='word_1_204' title='bbox 167 3029 182 3086; x_wconf 93' lang='lat'>1</span> <span class='ocrx_word' id='word_1_205' title='bbox 206 3019 409 3087; x_wconf 87' lang='lat' dir='ltr'>scribendum</span> <span class='ocrx_word' id='word_1_206' title='bbox 435 3019 547 3102; x_wconf 84' lang='grc' dir='ltr'><em>ὑὺρησι.</em></span> 
     </span>
    </p>
   </div>
   <div class='ocr_carea' id='block_1_5' title="bbox 165 3223 1404 4586">
    <p class='ocr_par' dir='ltr' id='par_1_11' title="bbox 165 3223 1404 4053">
     <span class='ocr_line' id='line_1_26' title="bbox 212 3223 1359 3315; baseline 0.002 -22"><span class='ocrx_word' id='word_1_207' title='bbox 212 3223 258 3294; x_wconf 86' lang='lat' dir='ltr'>Ut</span> <span class='ocrx_word' id='word_1_208' title='bbox 287 3227 370 3294; x_wconf 87' lang='lat' dir='ltr'>nihil</span> <span class='ocrx_word' id='word_1_209' title='bbox 400 3228 483 3314; x_wconf 86' lang='lat' dir='ltr'>quod</span> <span class='ocrx_word' id='word_1_210' title='bbox 513 3228 553 3294; x_wconf 88' lang='lat' dir='ltr'>ad</span> <span class='ocrx_word' id='word_1_211' title='bbox 583 3229 665 3295; x_wconf 89' lang='lat' dir='ltr'>hanc</span> <span class='ocrx_word' id='word_1_212' title='bbox 695 3228 949 3296; x_wconf 80' lang='lat' dir='ltr'>observationem</span> <span class='ocrx_word' id='word_1_213' title='bbox 972 3231 1129 3315; x_wconf 85' lang='lat' dir='ltr'>pertineat</span> <span class='ocrx_word' id='word_1_214' title='bbox 1152 3232 1301 3295; x_wconf 88' lang='lat' dir='ltr'>omittam</span> <span class='ocrx_word' id='word_1_215' title='bbox 1325 3231 1359 3294; x_wconf 92' lang='lat' dir='ltr'>in</span> 
     </span>
     <span class='ocr_line' id='line_1_27' title="bbox 165 3331 1359 3421; baseline 0.003 -23"><span class='ocrx_word' id='word_1_216' title='bbox 165 3331 229 3399; x_wconf 85' lang='lat' dir='ltr'>fine</span> <span class='ocrx_word' id='word_1_217' title='bbox 250 3354 367 3420; x_wconf 88' lang='lat' dir='ltr'>ponam</span> <span class='ocrx_word' id='word_1_218' title='bbox 389 3334 602 3419; x_wconf 75' lang='lat' dir='ltr'>venabulum,</span> <span class='ocrx_word' id='word_1_219' title='bbox 627 3355 689 3419; x_wconf 90' lang='lat' dir='ltr'>qno</span> <span class='ocrx_word' id='word_1_220' title='bbox 713 3334 875 3400; x_wconf 77' lang='lat' dir='ltr'>Homerus</span> <span class='ocrx_word' id='word_1_221' title='bbox 894 3356 1052 3421; x_wconf 89' lang='lat' dir='ltr'>nusquam</span> <span class='ocrx_word' id='word_1_222' title='bbox 1071 3355 1147 3400; x_wconf 87' lang='lat' dir='ltr'>usus</span> <span class='ocrx_word' id='word_1_223' title='bbox 1166 3340 1215 3400; x_wconf 89' lang='lat' dir='ltr'>est</span> <span class='ocrx_word' id='word_1_224' title='bbox 1235 3344 1359 3402; x_wconf 84' lang='grc' dir='ltr'><strong>ΩΙΟΝ.</strong></span> 
     </span>
     <span class='ocr_line' id='line_1_28' title="bbox 165 3437 1361 3524; baseline 0.003 -19"><span class='ocrx_word' id='word_1_225' title='bbox 165 3437 257 3506; x_wconf 88' lang='lat' dir='ltr'>lones</span> <span class='ocrx_word' id='word_1_226' title='bbox 275 3444 455 3506; x_wconf 74' lang='lat' dir='ltr'>constanter</span> <span class='ocrx_word' id='word_1_227' title='bbox 473 3440 558 3518; x_wconf 78' lang='lat' dir='ltr'>cli&#39;cc,</span> <span class='ocrx_word' id='word_1_228' title='bbox 580 3439 639 3504; x_wconf 76' lang='lat' dir='ltr'>clia</span> <span class='ocrx_word' id='word_1_229' title='bbox 660 3440 824 3524; x_wconf 89' lang='lat' dir='ltr'>dicebant,</span> <span class='ocrx_word' id='word_1_230' title='bbox 851 3439 1018 3507; x_wconf 83' lang='lat' dir='ltr'>Dorienses</span> <span class='ocrx_word' id='word_1_231' title='bbox 1041 3441 1126 3517; x_wconf 84' lang='grc' dir='ltr'><em>ώεον,</em></span> <span class='ocrx_word' id='word_1_232' title='bbox 1151 3438 1361 3508; x_wconf 83' lang='lat' dir='ltr'>Athenienses</span> 
     </span>
     <span class='ocr_line' id='line_1_29' title="bbox 169 3544 1404 3631; baseline 0.001 -20"><span class='ocrx_word' id='word_1_233' title='bbox 169 3544 233 3628; x_wconf 79' lang='grc' dir='ltr'>ᾠόν.</span> <span class='ocrx_word' id='word_1_234' title='bbox 280 3547 514 3631; x_wconf 81' lang='lat' dir='ltr'>Antiquissima</span> <span class='ocrx_word' id='word_1_235' title='bbox 542 3546 647 3611; x_wconf 86' lang='lat' dir='ltr'>forma</span> <span class='ocrx_word' id='word_1_236' title='bbox 667 3545 740 3610; x_wconf 89' lang='lat' dir='ltr'>-fuit</span> <span class='ocrx_word' id='word_1_237' title='bbox 771 3547 867 3624; x_wconf 83' lang='grc' dir='ltr'><em>ώιισν,</em></span> <span class='ocrx_word' id='word_1_238' title='bbox 896 3547 980 3612; x_wconf 90' lang='lat' dir='ltr'>unde</span> <span class='ocrx_word' id='word_1_239' title='bbox 1005 3545 1198 3612; x_wconf 87' lang='lat' dir='ltr'>Laconicum</span> <span class='ocrx_word' id='word_1_240' title='bbox 1222 3545 1306 3624; x_wconf 83' lang='grc' dir='ltr'><em>ώβειι</em></span> <span class='ocrx_word' id='word_1_241' title='bbox 1331 3551 1364 3612; x_wconf 87' lang='lat' dir='ltr'>et</span> <span class='ocrx_word' id='word_1_242' title='bbox 1403 3567 1404 3572; x_wconf 47' lang='lat'>¹</span> 
     </span>
     <span class='ocr_line' id='line_1_30' title="bbox 169 3649 1362 3739; baseline -0.001 -21"><span class='ocrx_word' id='word_1_243' title='bbox 169 3649 368 3730; x_wconf 79' lang='grc' dir='ltr'><em>ώβεινὺπτας</em></span> <span class='ocrx_word' id='word_1_244' title='bbox 392 3651 477 3737; x_wconf 92' lang='lat' dir='ltr'>apud</span> <span class='ocrx_word' id='word_1_245' title='bbox 500 3650 721 3739; x_wconf 76' lang='lat' dir='ltr'>Hesychium‚</span> <span class='ocrx_word' id='word_1_246' title='bbox 745 3656 776 3717; x_wconf 85' lang='lat' dir='ltr'>et</span> <span class='ocrx_word' id='word_1_247' title='bbox 800 3652 953 3719; x_wconf 89' lang='lat' dir='ltr'>Latinum</span> <span class='ocrx_word' id='word_1_248' title='bbox 976 3675 1070 3718; x_wconf 87' lang='grc' dir='ltr'><em>ονιιινι.</em></span> <span class='ocrx_word' id='word_1_249' title='bbox 1111 3652 1278 3718; x_wconf 91' lang='lat' dir='ltr'>Habemus</span> <span class='ocrx_word' id='word_1_250' title='bbox 1300 3652 1362 3718; x_wconf 92' lang='lat' dir='ltr'>duo</span> 
     </span>
     <span class='ocr_line' id='line_1_31' title="bbox 168 3755 1361 3844; baseline -0.003 -18"><span class='ocrx_word' id='word_1_251' title='bbox 168 3755 463 3826; x_wconf 77' lang='lat' dir='ltr'>Grammaticorum</span> <span class='ocrx_word' id='word_1_252' title='bbox 494 3763 641 3823; x_wconf 80' lang='lat' dir='ltr'>ueterum</span> <span class='ocrx_word' id='word_1_253' title='bbox 674 3759 873 3836; x_wconf 85' lang='lat' dir='ltr'>testimonia,</span> <span class='ocrx_word' id='word_1_254' title='bbox 910 3779 990 3842; x_wconf 89' lang='lat' dir='ltr'>quae</span> <span class='ocrx_word' id='word_1_255' title='bbox 1018 3765 1066 3824; x_wconf 89' lang='lat' dir='ltr'>est</span> <span class='ocrx_word' id='word_1_256' title='bbox 1088 3777 1199 3844; x_wconf 86' lang='lat' dir='ltr'>operae</span> <span class='ocrx_word' id='word_1_257' title='bbox 1221 3759 1361 3843; x_wconf 89' lang='lat' dir='ltr'>pretium</span> 
     </span>
     <span class='ocr_line' id='line_1_32' title="bbox 169 3860 1362 3952; baseline -0.001 -22"><span class='ocrx_word' id='word_1_258' title='bbox 169 3863 297 3930; x_wconf 87' lang='lat' dir='ltr'>andire:</span> <span class='ocrx_word' id='word_1_259' title='bbox 329 3861 473 3951; x_wconf 76' lang='lat' dir='ltr'>litymol.</span> <span class='ocrx_word' id='word_1_260' title='bbox 497 3862 546 3929; x_wconf 87' lang='lat' dir='ltr'>M.</span> <span class='ocrx_word' id='word_1_261' title='bbox 570 3883 645 3951; x_wconf 80' lang='lat' dir='ltr'>pag.</span> <span class='ocrx_word' id='word_1_262' title='bbox 669 3860 755 3940; x_wconf 81' lang='lat'>822,</span> <span class='ocrx_word' id='word_1_263' title='bbox 783 3861 825 3928; x_wconf 84' lang='lat'>39</span> <span class='ocrx_word' id='word_1_264' title='bbox 849 3865 901 3949; x_wconf 86' lang='lat' dir='ltr'>(cx</span> <span class='ocrx_word' id='word_1_265' title='bbox 922 3863 1134 3952; x_wconf 82' lang='lat' dir='ltr'>Herodianc):</span> <span class='ocrx_word' id='word_1_266' title='bbox 1160 3865 1304 3929; x_wconf 77' lang='lat' dir='ltr'>&#39;nloNz</span> <span class='ocrx_word' id='word_1_267' title='bbox 1318 3901 1362 3914; x_wconf 93' lang='lat'>-</span> 
     </span>
     <span class='ocr_line' id='line_1_33' title="bbox 169 3966 1257 4053; baseline 0 -18"><span class='ocrx_word' id='word_1_268' title='bbox 169 3969 205 4035; x_wconf 82' lang='grc' dir='ltr'>τὸ</span> <span class='ocrx_word' id='word_1_269' title='bbox 228 3979 241 4034; x_wconf 89' lang='lat' dir='ltr'>i</span> <span class='ocrx_word' id='word_1_270' title='bbox 266 3967 344 4051; x_wconf 82' lang='grc' dir='ltr'><em>ἔχει.</em></span> <span class='ocrx_word' id='word_1_271' title='bbox 361 3966 540 4050; x_wconf 90' lang='grc' dir='ltr'><em>-εὑρηται</em></span> <span class='ocrx_word' id='word_1_272' title='bbox 564 3971 598 4036; x_wconf 82' lang='grc' dir='ltr'>νδ</span> <span class='ocrx_word' id='word_1_273' title='bbox 622 3979 635 4034; x_wconf 90' lang='grc' dir='ltr'>Ι</span> <span class='ocrx_word' id='word_1_274' title='bbox 660 3969 747 4035; x_wconf 79' lang='grc' dir='ltr'><em>κατά</em></span> <span class='ocrx_word' id='word_1_275' title='bbox 771 3969 914 4038; x_wconf 79' lang='grc' dir='ltr'><em>διάςασιν</em></span> <span class='ocrx_word' id='word_1_276' title='bbox 938 3970 1023 4050; x_wconf 75' lang='grc' dir='ltr'><em>παρὰ</em></span> <span class='ocrx_word' id='word_1_277' title='bbox 1047 3979 1085 4053; x_wconf 74' lang='grc' dir='ltr'>τῇ</span> <span class='ocrx_word' id='word_1_278' title='bbox 1113 3974 1257 4051; x_wconf 80' lang='grc' dir='ltr'><em>Σαπφοῖ·</em></span> 
     </span>
    </p>

    <p class='ocr_par' dir='ltr' id='par_1_12' title="bbox 238 4073 1275 4158">
     <span class='ocr_line' id='line_1_34' title="bbox 238 4073 1275 4158; baseline -0.001 -17"><span class='ocrx_word' id='word_1_279' title='bbox 238 4076 320 4158; x_wconf 79' lang='grc' dir='ltr'>Φασὶ</span> <span class='ocrx_word' id='word_1_280' title='bbox 345 4073 379 4152; x_wconf 78' lang='grc' dir='ltr'>δη</span> <span class='ocrx_word' id='word_1_281' title='bbox 405 4074 614 4150; x_wconf 65' lang='lat' dir='ltr'>morcilliaco</span> <span class='ocrx_word' id='word_1_282' title='bbox 638 4075 800 4142; x_wconf 83' lang='grc' dir='ltr'><em>ὑαιώνὺινσν</em></span> <span class='ocrx_word' id='word_1_283' title='bbox 825 4074 1060 4154; x_wconf 79' lang='grc' dir='ltr'><em>πεπνιιαδμένσν</em></span> <span class='ocrx_word' id='word_1_284' title='bbox 1084 4076 1178 4157; x_wconf 79' lang='grc' dir='ltr'><em>εὑρεῖν</em></span> <span class='ocrx_word' id='word_1_285' title='bbox 1201 4075 1275 4141; x_wconf 84' lang='grc' dir='ltr'><em>ώϊνν.</em></span> 
     </span>
    </p>

    <p class='ocr_par' dir='ltr' id='par_1_13' title="bbox 174 4168 1362 4354">
     <span class='ocr_line' id='line_1_35' title="bbox 215 4168 1362 4272; baseline 0 -22"><span class='ocrx_word' id='word_1_286' title='bbox 215 4184 397 4250; x_wconf 82' lang='lat' dir='ltr'>Athenaeus</span> <span class='ocrx_word' id='word_1_287' title='bbox 429 4201 503 4272; x_wconf 77' lang='lat' dir='ltr'>pag.</span> <span class='ocrx_word' id='word_1_288' title='bbox 536 4179 590 4247; x_wconf 79' lang='lat'>5⁷.</span> <span class='ocrx_word' id='word_1_289' title='bbox 614 4199 645 4247; x_wconf 87' lang='lat' dir='ltr'>n.</span> <span class='ocrx_word' id='word_1_290' title='bbox 672 4184 797 4264; x_wconf 77' lang='grc' dir='ltr'><em>Σαπφώ</em></span> <span class='ocrx_word' id='word_1_291' title='bbox 821 4180 852 4248; x_wconf 70' lang='grc' dir='ltr'>δὲ</span> <span class='ocrx_word' id='word_1_292' title='bbox 876 4181 955 4248; x_wconf 76' lang='grc' dir='ltr'><em>αὑτὸ</em></span> <span class='ocrx_word' id='word_1_293' title='bbox 979 4181 1121 4268; x_wconf 81' lang='grc' dir='ltr'>(ΩΙΟΝ)</span> <span class='ocrx_word' id='word_1_294' title='bbox 1145 4168 1362 4264; x_wconf 74' lang='grc' dir='ltr'><em>τρισυλλάβως</em></span> 
     </span>
     <span class='ocr_line' id='line_1_36' title="bbox 174 4295 279 4354; baseline 0 0"><span class='ocrx_word' id='word_1_295' title='bbox 174 4295 279 4354; x_wconf 75' lang='grc' dir='ltr'><em>καλεῖ·</em></span> 
     </span>
    </p>

    <p class='ocr_par' dir='ltr' id='par_1_14' title="bbox 441 4391 1041 4475">
     <span class='ocr_line' id='line_1_37' title="bbox 441 4391 1041 4475; baseline 0.005 -16"><span class='ocrx_word' id='word_1_296' title='bbox 441 4391 522 4475; x_wconf 73' lang='grc' dir='ltr'>Φασὶ</span> <span class='ocrx_word' id='word_1_297' title='bbox 546 4393 582 4470; x_wconf 72' lang='grc' dir='ltr'>δώ</span> <span class='ocrx_word' id='word_1_298' title='bbox 606 4415 688 4460; x_wconf 86' lang='grc' dir='ltr'><em>ποτε</em></span> <span class='ocrx_word' id='word_1_299' title='bbox 709 4393 817 4472; x_wconf 72' lang='grc' dir='ltr'><em>Λήδαν</em></span> <span class='ocrx_word' id='word_1_300' title='bbox 842 4393 912 4461; x_wconf 87' lang='grc' dir='ltr'><em>ώϊνν</em></span> <span class='ocrx_word' id='word_1_301' title='bbox 936 4394 1041 4474; x_wconf 77' lang='grc' dir='ltr'><em>εὑρεῖν.</em></span> 
     </span>
    </p>

    <p class='ocr_par' dir='ltr' id='par_1_15' title="bbox 218 4495 708 4586">
     <span class='ocr_line' id='line_1_38' title="bbox 218 4495 708 4586; baseline 0 -20"><span class='ocrx_word' id='word_1_302' title='bbox 218 4533 261 4550; x_wconf 87' lang='lat'>·-</span> <span class='ocrx_word' id='word_1_303' title='bbox 276 4497 337 4566; x_wconf 88' lang='grc' dir='ltr'>ώεα</span> <span class='ocrx_word' id='word_1_304' title='bbox 360 4497 386 4564; x_wconf 82' lang='grc' dir='ltr'>δ’</span> <span class='ocrx_word' id='word_1_305' title='bbox 407 4495 468 4584; x_wconf 79' lang='grc' dir='ltr'>ἔφη</span> <span class='ocrx_word' id='word_1_306' title='bbox 493 4497 708 4586; x_wconf 76' lang='grc' dir='ltr'><em>Ἐπίχαρμος·</em></span> 
     </span>
    </p>
   </div>
   <div class='ocr_carea' id='block_1_6' title="bbox 0 0 1705 5186">
    <p class='ocr_par' dir='ltr' id='par_1_16' title="bbox 0 0 1705 5186">
     <span class='ocr_line' id='line_1_39' title="bbox 0 0 1705 5186; baseline 0 0"><span class='ocrx_word' id='word_1_307' title='bbox 0 0 1705 5186; x_wconf 95' lang='lat' dir='ltr'> </span> 
     </span>
    </p>
   </div>
  </div>
 </body>
</html>
