3232 5176
851 371 894 440 94

279 559 396 628 Fuerat
431 563 848 639 soerssuinroes'rfiliessc,
881 563 977 647 idque
1007 557 1224 648 reponendum
1255 561 1486 638 κατελύθησαν

279 667 404 739 τελέας.

219 827 220 830 ,
323 795 370 840 vs.
404 772 458 838 36.
483 774 718 862 ΛΕΙΠ(αιδρεῖ)
743 771 851 842 Codex
874 780 906 840 et
928 773 1104 840 Κιιιιιιιιιιι
1127 773 1263 841 solemni
1285 795 1388 841 errore
1414 797 1483 862 pro

278 880 448 960 λιπανδρεῖ.

756 999 914 1068 Columna
936 1001 993 1068 Ill.

323 1236 369 1283 vs.
409 1214 439 1280 5.
476 1211 554 1281 (lod.
588 1214 761 1280 τοδεπαλαι
795 1213 918 1302 (decem
952 1213 1064 1280 literae
1094 1217 1270 1300 perierunt)
1305 1209 1440 1282 τιναιὲλι
1456 1217 1481 1258 ¹*

278 1323 539 1396 αυτηνκαλεισθαι
591 1320 641 1386 Κι·
685 1320 720 1384 τὸ
757 1320 787 1384 δὲ
823 1320 959 1384 παλαιὸν
994 1319 1204 1398 ἑκατόμπολιν
1238 1326 1336 1401 Φασιν
1371 1323 1479 1399 αὐτὴν

279 1431 452 1493 καλεῖσθαι.
506 1426 544 1491 Ιιι
566 1423 681 1492 Codice
704 1425 824 1492 fuerat:
848 1421 1403 1510 τιδεααλαι(ονφασινεκα)τινπᾶλιν.

192 1569 193 1572 “
323 1554 371 1599 vs.
398 1531 450 1597 10.
475 1530 551 1598 (lod.
577 1554 894 1610 κατετισπαραυτιισ.
919 1531 977 1597 Kr.
1001 1534 1074 1612 παρ’
1097 1535 1202 1604 αὐτοῖς
1227 1533 1300 1598 κατ’
1325 1529 1403 1606 ἔτος.

323 1661 370 1704 vs.
408 1635 463 1702 34.
496 1634 573 1704 Ood.
609 1661 762 1717 υπωριαις.
801 1637 859 1703 Kr.
897 1638 1058 1716 ὑπωρείαις
1093 1637 1218 1704 Passim
1251 1641 1349 1705 etiam
1384 1661 1477 1706 nunc

279 1745 363 1830 apud
389 1742 577 1809 Strabonem
599 1753 613 1807 1
635 1744 784 1809 scribitur
807 1745 864 1809 nbi
889 1749 1020 1810 errarat
1043 1743 1262 1823 scribendum,
1286 1749 1319 1810 et
1341 1751 1472 1824 contra,

277 1855 315 1916 ut
339 1870 434 1935 supra
457 1849 622 1927 turreis.

321 2063 390 2130 Iam
414 2068 452 2129 tu
476 2065 564 2130 rides
585 2063 668 2128 nihil
690 2064 724 2128 in
747 2064 798 2128 bis
818 2065 919 2129 inesse
942 2063 1026 2147 quod
1045 2062 1123 2128 laeti
1143 2068 1176 2129 et
1194 2065 1281 2152 grati
1300 2085 1319 2130 a
1337 2070 1472 2131 vetusto

276 2169 358 2235 libro
381 2172 593 2255 accipiamus,
618 2168 701 2234 nihil
725 2168 809 2255 qnod
830 2168 925 2234 faeiat
948 2169 988 2233 ad
1008 2167 1196 2236 Strabonem
1217 2169 1470 2237 emendandum.

276 2276 312 2341 In
334 2275 417 2342 libro
440 2275 488 2340 IX
511 2275 665 2359 quidquid
688 2295 708 2339 a
730 2271 874 2361 vulgatis
892 2275 1049 2359 discrepat
1069 2277 1224 2342 vitiosum
1244 2278 1379 2342 estsine
1399 2275 1473 2343 ulla

276 2385 476 2467 exceptione:
512 2385 753 2459 πρατιιεφαμεν
787 2400 843 2465 pro
874 2371 908 2450 is
939 2383 1058 2460 πρώταν
1092 2379 1233 2464 ἔφαμεν,
1269 2381 1471 2448 auersissima

275 2508 332 2573 pro
352 2489 556 2562 συντιθεισῶν,
578 2509 754 2562 aepporinum
778 2507 833 2571 pro
856 2487 1058 2568 χερρονήσειν,
1084 2489 1283 2568 aparctiam
1302 2509 1358 2576 pro
1372 2511 1469 2568 arpoc-

275 2597 413 2666 rsisioa‚
456 2585 1008 2670 τριτηνὸἦταυτηνπρισλαμβανιυσιν
1043 2613 1099 2678 pro
1146 2595 1231 2674 τρίτη
1277 2593 1303 2658 δ’
1339 2595 1356 2669 *i
1391 2595 1469 2674 πρὸς

274 2699 375 2779 ταύτῃ
407 2695 705 2775 πρισλαμβανουσα.
752 2695 906 2785 Indignae
938 2706 1119 2765 memoratu
1152 2705 1228 2764 sunt
1257 2700 1316 2765 hae
1352 2719 1467 2766 omnes

274 2807 464 2878 varietates,
498 2808 530 2868 et
559 2805 628 2869 siue
658 2802 774 2868 damno
805 2803 883 2870 haee
916 2825 987 2890 pars
1010 2804 1210 2890 palimpsesti
1233 2801 1359 2871 Codicis
1383 2803 1466 2870 olim

273 2912 375 2996 perire
398 2910 563 2996 potuisset.

319 3014 356 3080 In
384 3015 528 3102 longiore
551 3015 731 3103 fragmento
754 3014 830 3080 libri
852 3014 928 3080 VIII
950 3017 1027 3101 qnid
1049 3013 1133 3081 lucri
1154 3013 1311 3082 fecimus?
1352 3015 1467 3082 Sicubi

274 3118 382 3188 Codex
412 3141 430 3186 a
461 3120 595 3209 vulgata
626 3123 782 3206 scriptura
809 3119 943 3190 discedit
974 3127 1101 3186 tantum
1132 3141 1194 3186 non
1217 3124 1326 3187 omnia
1347 3123 1466 3188 mande

274 3232 350 3293 sunt
372 3247 470 3312 eaque
492 3225 672 3291 futilissimi
696 3228 821 3314 generis
845 3231 878 3291 et
900 3226 971 3292 luce
994 3226 1137 3314 indigna.
1170 3227 1320 3292 Fueritne
1343 3229 1378 3292 in
1402 3228 1464 3294 col.

273 3332 316 3398 11.
349 3333 381 3400 2.
412 3352 487 3398 vera
519 3331 614 3397 lectio
641 3331 658 3406 ἢ
684 3331 849 3408 abacistae
873 3331 1046 3397 admodum
1069 3335 1228 3398 Incertum
1250 3339 1315 3410 est,
1340 3338 1373 3398 et
1395 3337 1465 3400 sine

273 3435 400 3504 (lodieis
423 3436 544 3504 anxilio
563 3435 721 3502 Porsenna
745 3435 909 3502 Strabonis
931 3459 1063 3503 manum
1088 3441 1236 3523 repperit.
1272 3438 1309 3504 In
1332 3441 1466 3505 caeteris

272 3544 356 3610 nibil
375 3549 422 3610 est
445 3543 528 3628 qnod
551 3545 708 3629 suscipere
728 3542 808 3608 velis
826 3548 950 3629 praeter
973 3544 1033 3609 hoo
1055 3559 1163 3627 ιιιιιιιι,
1186 3549 1224 3609 ut
1248 3541 1316 3610 001.
1340 3543 1381 3610 IL
1408 3545 1464 3611 18.

272 3648 398 3738 legatur
419 3649 635 3723 κατελύθησαν
657 3647 788 3722 τελέως,
813 3650 870 3714 ubi
894 3652 1009 3715 caeteri
1031 3649 1108 3714 libri
1130 3651 1242 3722 τελέας
1267 3653 1431 3717 omittunt.

317 3859 332 3924 l
361 3881 446 3926 nune
475 3865 508 3926 et
538 3861 628 3926 erade
657 3859 782 3924 Editori
814 3860 946 3925 dicenti:
984 3860 1050 3936 „Lo
1074 3862 1238 3944 discoperta
1260 3861 1294 3924 di
1317 3883 1360 3925 αα
1382 3862 1464 3926 asti·

270 3965 405 4030 ctissime
434 3973 507 4030 testo
538 3966 617 4029 delia
650 3967 805 4050 Geopraflo
836 3967 869 4029 di
898 3967 1038 4030 Strabone
1067 3965 1083 4030 i
1114 3967 1147 4030 di
1173 3967 1238 4030 alta
1260 3967 1463 4050 impostorem,

270 4093 330 4135 asoa
359 4073 421 4137 solo
444 4095 503 4157 per
529 4073 576 4153 pii
604 4072 687 4136 stedi
717 4072 835 4136 classici
866 4094 881 4135 c
902 4071 1053 4155 fiioiopioi
1083 4073 1126 4135 ad
1146 4081 1280 4136 ασσαιαν
1303 4073 1335 4136 io
1352 4072 1466 4156 pariit

200 4262 205 4271 .
270 4178 321 4240 dec
343 4184 429 4254 usto,
455 4199 503 4240 ma
526 4177 661 4241 eaioodio
680 4201 735 4260 per
757 4179 852 4262 questi
870 4177 1029 4261 peoprofici
1052 4201 1068 4242 e
1089 4177 1223 4242 storici.'‘

314 4281 364 4346 Ne
398 4283 531 4347 verbnm
566 4281 695 4366 quidem
726 4286 759 4347 in
790 4283 842 4348 his
874 4303 987 4348 verum
1023 4288 1070 4348 est
1102 4287 1135 4348 et
1165 4303 1271 4349 merae
1302 4288 1377 4348 sunt
1401 4285 1466 4352 bae

270 4386 390 4452 indocti
422 4387 563 4452 hominis
592 4385 874 4471 hallucinationes,
907 4394 944 4453 nt
973 4391 1007 4452 in
1032 4409 1106 4454 eum
1138 4391 1305 4456 conveniat
1335 4389 1466 4456 dictum

269 4491 413 4559 Electrae
435 4491 476 4558 ad
499 4491 629 4557 fratrem
652 4499 888 4582 aegrotantem:
