3410 5180
759 353 822 423 471

242 547 401 631 Ἑτοοιιοιιε
423 543 483 608 hoo
505 563 607 630 genus
629 544 738 610 mendi
761 549 809 610 est
831 543 933 611 veluti
956 564 1031 632 pag.
1057 541 1110 612 72.
1126 541 1190 609 .16.
1210 541 1327 618 λήσεθ’
1345 543 1384 614 ῶς

200 651 263 730 ε’μοῖ
288 651 384 726 δοκεῖ,
407 647 465 714 ubi
487 645 510 712 8
533 649 667 722 λιθοεοθ.

242 756 324 845 Pag.
351 753 429 822 274.
457 751 510 820 17.
535 753 668 829 ἀδύναθ’
691 757 731 827 ἀι
754 754 857 820 ἔοικεν.
882 752 905 820 S
929 752 1080 829 ἦδθνασθ.

243 861 324 948 Pag.
350 859 425 926 306.
450 858 481 925 8.
506 861 685 940 προύτίθεθ’
709 861 806 938 ὑμεῖς.
831 859 854 926 8
877 861 1074 941 προύτθθετθ,
1099 860 1156 926 alii
1175 861 1362 941 προῶτθθετε.

243 966 322 1053 Pag.
349 963 426 1031 468.
453 965 503 1030 10.
530 967 668 1041 έτιθοαΘ’
694 968 792 1044 ὑμεῖς.
816 967 846 1032 Α
870 971 902 1032 et
924 967 950 1033 F
974 967 1130 1042 έςιὶοαοθ.

243 1070 324 1160 Pag.
350 1068 427 1137 778.
453 1070 483 1136 3.
507 1071 591 1149 μθνοι
616 1071 761 1153 dioride&
786 1075 867 1149 ἡμῖν.
894 1070 917 1137 S
940 1071 1102 1154 διαάζεοθ.

244 1177 294 1242 Ad
324 1177 384 1242 hoo
414 1175 597 1263 exemplum
627 1178 731 1244 multa
760 1182 879 1264 passim
910 1180 995 1265 apud
1026 1179 1273 1245 Demosthenem
1296 1175 1389 1242 refin-

199 1281 303 1370 genda
333 1286 424 1360 nunt3
456 1303 557 1348 orares
586 1304 709 1369 quoque
738 1290 861 1350 veteres
893 1289 926 1350 et
960 1289 1063 1352 certae
1096 1283 1311 1362 revocandae,
1349 1282 1387 1347 de

201 1387 315 1472 quibus
338 1386 417 1453 alibi
439 1387 569 1453 dabitur
590 1389 716 1454 dicendi
736 1387 836 1454 loona.

244 1493 294 1558 Ex
322 1493 381 1557 heo
410 1495 496 1578 ipae,
528 1513 624 1579 qnam
655 1497 841 1580 praesertim
871 1494 1050 1560 iunioribus
1085 1493 1289 1571 commendo,
1322 1491 1387 1558 alta

199 1619 276 1666 voco
306 1599 532 1684 pronuntiandi
561 1601 786 1666 consuetudine
817 1602 903 1665 auria
934 1605 1099 1665 exercetur
1127 1605 1160 1665 et
1181 1599 1338 1664 sentimus
1360 1599 1389 1662 ai

201 1704 278 1790 quid
308 1705 342 1768 in
372 1704 541 1770 verborum
565 1706 701 1772 moleste
723 1707 911 1790 repetitione
934 1711 990 1770 aut
1012 1708 1046 1769 in
1070 1704 1174 1770 aliena
1196 1705 1269 1770 sede
1293 1704 1386 1769 eollo·

200 1795 321 1875 oati'one
350 1817 432 1874 ιοιιοο
460 1811 576 1875 οῖιῖιαν.
623 1810 735 1876 Reoite
764 1811 848 1876 mihi
876 1809 985 1877 looum
1015 1831 1089 1898 pag.
1114 1807 1192 1876 200.
1217 1809 1271 1876 22.
1297 1812 1384 1874 ἀλλὰ

200 1916 262 1994 pap
285 1917 345 1995 οὐχ
369 1911 387 1978 θ
408 1939 438 1980 τι
457 1939 504 1989 τις
523 1920 727 1997 κατηγορήσει
747 1917 860 1981 τούτων
879 1916 896 1992 ἢ
916 1923 980 1989 τοῖς
999 1914 1106 1988 ἀλλοις
1127 1918 1198 1993 ὑμῖν
1219 1914 1382 1992 ἐπιπλήξει

201 2023 346 2102 χαλεπὸν
380 2023 488 2106 εὑρεῖν,
519 2020 597 2087 ἀλλ’
622 2023 681 2103 ἀφ’
705 2023 810 2088 θποθαν
836 2021 937 2099 λόγιον
960 2023 977 2097 ἢ
1002 2019 1141 2103 πράξειος
1165 2023 1285 2108 [ποῖαι]
1309 2021 1389 2085 ε’πα-

202 2126 380 2209 νορθώσεταθ
406 2151 453 2200 τις
479 2118 501 2192 ἀ
525 2131 575 2191 νῦν
599 2129 651 2192 οὐκ
682 2128 768 2208 ὀρθῶς
799 2125 867 2208 έχει
895 2126 990 2214 [τοῦτ’
1013 2124 1099 2207 ἔργον
1123 2127 1242 2211 εὐρεῖν].
1290 2125 1389 2191 Auris

204 2233 353 2298 admonet
374 2231 532 2320 frigidum
555 2231 811 2299 additamentum
835 2231 907 2299 tolli
924 2237 1076 2318 oportere.
1113 2233 1279 2298 Praeterea
1298 2229 1389 2301 ποῖαι

200 2336 286 2403 male
308 2357 365 2423 pro
389 2338 495 2411 ῖποθας
520 2337 643 2403 dietum
668 2341 700 2404 et
723 2353 849 2424 prorsus
871 2337 986 2403 inutile
1008 2337 1212 2404 resecandum
1237 2343 1296 2404 eet.

245 2443 431 2509 Praeclarus
454 2448 502 2508 eat
524 2445 558 2508 in
581 2444 640 2510 hoo
663 2451 853 2532 argumento
875 2443 964 2509 loono
983 2444 1068 2529 apud
1086 2444 1279 2531 Dionysium
1297 2439 1388 2507 Hali·

201 2569 303 2623 carn.,
334 2569 429 2634 quem
459 2568 521 2614 non
556 2545 713 2637 g'rarabor
746 2550 923 2615 iunioribus
958 2549 1142 2615 describere.
1188 2549 1322 2637 Legitur
1355 2550 1389 2611 in

200 2654 283 2720 libro
313 2655 350 2719 de
376 2656 544 2740 οθοριιοιιοῖο
566 2655 770 2720 Demosthenis
791 2675 866 2744 pag.
892 2654 978 2721 1021
1002 2655 1110 2721 Reisk.
1134 2653 1209 2719 θταν
1233 2650 1388 2732 Δημοσθέ·

202 2784 265 2834 νονς
290 2759 360 2825 τινά
386 2761 477 2838 λάβοι
498 2759 591 2838 λόγον
611 2763 745 2826 ἐνθουσιῶ
766 2785 802 2826 τε
822 2761 872 2825 καὶ
895 2760 978 2842 δεῦρο
1002 2763 1128 2827 κάκεῖσε
1149 2761 1271 2840 ἀγομαι
1292 2758 1388 2832 πάθος

201 2863 298 2947 ἕτερον
323 2863 357 2942 ἐξ
382 2865 480 2946 ἑτέρου
505 2867 783 2945 μεταλαμβάνων,
809 2869 943 2944 ἀπιτῶν,
969 2869 1122 2945 ἀγωνιῶν,
1147 2867 1266 2941 δεδιώς,
1289 2891 1390 2932 κατα-

201 2977 332 3055 Φρονῶν,
364 2977 479 3055 μισῶν,
510 2971 619 3050 ἐλεῶν,
651 2973 776 3049 εθνοῶν,
801 2970 1011 3053 θρμιζθμενος,
1033 2973 1167 3055 Φθονῶν,
1194 2968 1324 3037 ἀπαντα
1347 2972 1390 3036 τά

202 3077 283 3151 πάθη
326 3075 586 3154 μεταλαμβάνων
625 3073 683 3142 θοα
719 3086 828 3157 ιιρατεῖ
860 3077 1043 3158 ἀνθρωπίνης
1079 3077 1216 3155 γνώμης.
1252 3081 1285 3143 et
1318 3082 1390 3162 post

201 3203 318 3268 pauca:
350 3181 402 3245 ιιαῖ
433 3183 468 3257 δη
501 3205 577 3247 τοτε
604 3181 656 3246 καὶ
681 3183 861 3261 ἐνεθυμήθην
882 3183 915 3249 τέ
938 3207 1012 3248 ποτε
1035 3183 1106 3255 τοὺς
1130 3181 1195 3247 τθτ’
1220 3183 1388 3263 ἀνθρώπους

200 3287 366 3360 ἀκούονται
399 3291 494 3352 αὑτοῦ
526 3287 669 3366 λέγοντος
701 3294 807 3354 ταῦτα
842 3288 979 3368 πάοχειν
1015 3289 1093 3361 riade
1129 3285 1177 3362 ἦν·
1214 3284 1288 3354 ὅπου
1324 3287 1387 3368 pap

201 3394 290 3470 ἡμεῖς
325 3393 351 3457 οῖ
386 3398 526 3458 τοσοῦτον
561 3393 768 3473 ἀπηρτημένοι
803 3403 866 3468 τοῖς
897 3392 1016 3474 χρθνοιι
1047 3393 1098 3458 ιιαῖ
1130 3393 1212 3459 οὐδὲν
1242 3393 1314 3471 πρθι
1345 3393 1389 3457 τῶ

201 3500 383 3578 πράγματα
423 3498 604 3570 πεπονθότες
649 3495 742 3572 οὕτως
784 3499 971 3578 ὑπαγθμεθα
1007 3498 1060 3564 καὶ
1096 3497 1300 3581 κρατούμεθα
1335 3497 1389 3563 καὶ

199 3601 265 3670 θποι
299 3601 370 3668 ποτ’
402 3603 440 3668 ἀν
473 3606 555 3679 ἡμᾶς
580 3606 594 3669 θ
618 3605 710 3683 λθγος
735 3603 801 3686 ἀγη
825 3606 1032 3690 πορευθμεθα,
1055 3612 1118 3678 πῶς
1143 3603 1215 3670 τθτε
1238 3605 1391 3680 Ἀθηναῖοθ

200 3734 236 3775 τε
259 3708 311 3774 οιαὶ
337 3711 363 3775 οῖ
386 3709 478 3774 ἀλλοι
500 3707 651 3786 Ἕλληνες
676 3713 785 3789 ἤγοντο
811 3712 867 3776 ὑπὸ
892 3715 946 3777 τοῦ
970 3709 1075 3789 ἀνδρὸς
1096 3709 1146 3776 έπῖ
1167 3717 1224 3776 τῶν
1243 3713 1390 3786 ἀληθινῶν

200 3839 236 3880 τε
268 3813 321 3879 καὶ
347 3814 426 3880 idion
449 3816 591 3894 ἀγῶνοις
616 3815 729 3881 deinde
753 3816 792 3882 de
815 3820 937 3883 actione
960 3815 1039 3881 dioit
1063 3819 1096 3881 et
1118 3819 1390 3901 pronuntiatione:

199 3923 254 3988 οὐκ
273 3919 314 3986 ένι
334 3921 377 4002 τῷ
396 3920 572 4001 βουλομένῳ
591 3920 622 3984 έν
642 3921 728 4003 ἡδονῇ
748 3923 787 3995 ῶς
806 3920 1002 4000 ἀνάγνιοομα
1023 3922 1149 3987 διελθεῖν
1169 3922 1239 3996 τοὺς
1264 3923 1391 4000 λθγουι.

200 4027 275 4092 ἀλλ’
300 4023 385 4092 αὐτοὶ
411 4023 583 4091 θιῶάσιιουοι
609 4029 673 4100 πῶς
698 4027 810 4099 αὐτοὺς
835 4027 1044 4108 ὑποκρίνεσθαι
1069 4027 1132 4106 δεῖ,
1157 4033 1208 4093 νῶν
1231 4029 1287 4106 μέν
1311 4030 1390 4108 εῖροι-

200 4131 370 4210 νευθμενον,
406 4137 457 4196 νῦν
488 4130 514 4195 δ’
546 4135 808 4217 ἀγανακτοῦντα,
833 4139 884 4198 νῦν
907 4133 938 4199 δέ
964 4139 1159 4210 νεμεσῶντα,
1184 4133 1391 4211 δεδιττόμενον

200 4233 242 4306 αὖ
265 4237 318 4304 καῖ
343 4235 550 4318 θεραπεύοντα
576 4237 629 4302 καὶ
654 4241 851 4304 νουθετοῦντα
874 4239 927 4304 ιιαῖ
953 4245 1156 4320 παρορμῶντα
1179 4240 1231 4305 καὶ
1256 4236 1390 4306 πάνθόθ

199 4343 351 4423 βούλεται
380 4349 476 4408 ποιεῖν
506 4347 523 4420 ἡ
552 4341 637 4420 λέξις
668 4344 921 4424 ἀποδεικνύμενον
953 4343 1003 4409 ἐπὶ
1036 4353 1093 4419 τῶς
1116 4350 1281 4427 τρυφεροῖς.
1305 4349 1332 4412 ri
1356 4347 1392 4421 dd

199 4454 234 4517 τὸ
254 4449 306 4516 tre
327 4449 476 4517 τοοοθταν
495 4447 582 4538 (ἑτῶν
600 4447 686 4530 add.)
703 4449 1018 4531 έριιαταμιρνθμενον
1036 4458 1100 4524 τοῖς
1116 4451 1253 4531 βιβλίοις
1266 4458 1391 4534 πνεῦμα
