3392 5186
750 381 812 449 421

232 572 324 641 Iliad.
340 543 395 639 ¹n.
422 571 475 640 16.

367 681 430 762 τρὶς
452 680 477 746 δ’
500 680 609 760 ἒρὺσας
633 679 699 760 περὶ
723 687 812 758 σήραα

366 781 455 859 αὑτις
479 786 520 851 ἐν)
546 787 648 868 κλισόη
672 787 866 859 παυέσκετο,
893 783 980 849 τόνδε
1002 783 1027 848 δ’
1050 784 1172 851 ἔασκεν.

186 892 233 955 sie
263 889 446 979 legendum.
493 892 658 958 Beklrerus
689 889 773 956 male
805 890 857 954 σδν
892 889 924 953 δέ
959 891 989 954 τ’
1020 889 1141 956 ἔασκεν.
1189 891 1372 958 Haerebant

186 995 264 1061 olim
297 999 333 1061 in
364 1006 715 1063 TONAeAeACKeN
751 999 783 1061 et
817 996 947 1060 fuerunt
981 998 1036 1082 qui
1066 1000 1229 1084 perinepte
1258 997 1309 1062 τὸν
1340 997 1371 1064 δὲ

187 1099 315 1166 δέασκεν
337 1102 497 1190 legebant.
543 1103 698 1169 Restituit
720 1122 789 1167 rem
813 1101 1030 1166 Aristarchus:
1052 1102 1160 1180 ὁμοίως
1180 1095 1373 1183 stupuerat

186 1210 316 1292 (inquit)
339 1207 374 1272 τδ
397 1207 482 1274 τόνδε
506 1209 566 1290 τῷ·

345 1312 429 1379 τόνδε
455 1314 481 1378 δ’
504 1314 581 1393 ἕρδον
606 1313 732 1380 ἐπιόντα
759 1310 963 1402 (δεδέξομαι),
989 1312 1027 1378 Π.
1051 1322 1088 1378 Ε.
1113 1311 1190 1378 288.

187 1418 259 1485 καό·

344 1525 429 1590 τόνδε
452 1524 478 1588 δ’
502 1525 563 1602 ἐγὼ
588 1526 703 1609 κομιῶ,
727 1524 785 1591 Od.
813 1535 852 1590 0.
878 1521 954 1591 575.

230 1632 372 1716 Apposui
394 1631 472 1698 haee
494 1635 532 1695 ut
553 1632 754 1696 emendarem
775 1629 881 1696 losum
902 1629 994 1694 Iliad.
1012 1637 1047 1694 Γ.
1067 1626 1146 1696 207.
1166 1631 1223 1696 ubi
1239 1629 1375 1718 legitur:

344 1735 414 1808 τοὺς
437 1736 465 1801 δ’
489 1736 549 1814 ἐγὼ
574 1733 726 1812 ἐξείνισσα
750 1735 802 1800 καὶ
827 1737 858 1800 ἒν
881 1734 1044 1817 μεγάροισι
1070 1736 1204 1817 Φόλησα.

186 1840 240 1906 ssd
262 1841 435 1929 legendum
459 1846 523 1907 est:

344 1947 452 2014 τούσδε
475 1947 502 2011 δ’
526 1948 587 2026 ἐγὼ
610 1947 758 2025 ξεόνισσα.

230 2156 288 2222 Bis
309 2156 430 2243 legitur
454 2165 500 2222 Ω.
527 2153 601 2221 348.
628 2161 660 2222 et
682 2179 711 2221 κ.
739 2154 817 2223 279.
842 2177 953 2224 versus
976 2155 1178 2244 perelegans:

413 2269 529 2344 πρῶτον
553 2264 689 2344 ὑπηνήτη
713 2267 824 2341 τοῦπερ
846 2262 1022 2342 χαριεςοίτη
1048 2263 1121 2340 ήβη.

187 2372 355 2434 annotatur
385 2367 425 2433 ad
455 2366 651 2455 Odyssesm:
684 2368 835 2443 ὑπηνήτην
870 2369 884 2434 ὑ
909 2371 943 2433 τὸ
968 2377 1076 2449 χεῖλος
1101 2374 1216 2446 πρῶτον
1238 2365 1378 2450 χνοοὺζων

186 2475 307 2556 γενείῳ,
337 2476 395 2541 ubi
421 2475 523 2540 scribe
546 2475 688 2561 (πρῶτον)
716 2474 880 2549 ὑπηνήτης.
927 2474 1092 2539 Admoueo
1115 2473 1260 2538 Platonis
1284 2493 1378 2538 causa

186 2578 271 2665 apud
292 2600 388 2665 quem
412 2585 526 2661 πρῶτον
551 2583 705 2646 omissum
730 2599 858 2646 omnem
879 2578 943 2646 1οοὶ
966 2578 1107 2665 leporem
1128 2580 1269 2646 sustulit.
1303 2578 1379 2645 Edi·

186 2689 240 2750 tur
262 2687 348 2750 enim
371 2688 406 2750 in
428 2687 594 2768 Protapora
617 2707 690 2774 pag.
718 2685 796 2750 309.
822 2704 852 2750 Δ.
880 2687 912 2750 οὑ
937 2687 975 2750 σὺ
1000 2687 1105 2764 μέντοι
1130 2688 1264 2766 Ὁμήρου
1289 2686 1378 2750 ἐπαι-

186 2789 273 2864 νέτης
304 2787 347 2869 εἷ,
382 2787 413 2862 tr
445 2789 506 2873 ἔφη
536 2790 730 2870 χαριεςοίτην
763 2789 840 2868 ήβην
874 2785 950 2856 εἶναι
983 2797 1036 2856 τοῦ
1070 2791 1240 2867 ὑπηνήτου,
1266 2788 1300 2865 ήν
1325 2795 1377 2855 νὺν

185 2895 390 2974 Ἀλκιβιάδης
415 2894 499 2977 ἔχω
522 2897 606 2981 quod
625 2899 732 2982 inepte
752 2897 876 2962 dietum
896 2899 958 2961 erit
981 2896 1078 2962 donee
1102 2896 1299 2982 suppleveris
1322 2901 1375 2961 τοῦ

188 3002 328 3091 (πρῶτον)
352 3003 519 3078 ὑπηνήτου.
565 2999 637 3066 Nou
662 3007 710 3066 est
734 3001 868 3066 dubium
892 3003 971 3086 quin
993 3002 1057 3066 hue
1080 3005 1252 3087 respexerit
1275 3004 1378 3088 isqui

185 3110 225 3176 ad
257 3107 374 3173 Iliados
397 3107 419 3172 l.
444 3107 466 3172 l.
491 3107 675 3192 adscripsit:
703 3113 817 3186 πρῶτον
844 3107 998 3186 ὑπηνήτητ
1025 3106 1160 3186 μεθόριον
1183 3108 1304 3182 ήλικόαρ
1327 3109 1378 3171 σόν-

187 3213 252 3295 apte
283 3213 336 3278 καὶ
366 3213 486 3286 παιδός.
511 3249 554 3262 -
579 3213 646 3293 περὶ
679 3212 749 3283 τσὺρ
780 3213 931 3282 τοιοὺτονρ
957 3212 987 3276 δὲ
1011 3210 1045 3288 ήν
1071 3211 1124 3275 καὶ
1147 3211 1161 3274 ό
1187 3213 1378 3292 Σωκρατικὸς

187 3319 267 3401 ἔρος.
314 3320 352 3385 Iu
383 3319 519 3387 scholiis
546 3319 586 3386 ad
607 3316 752 3383 Platonis
777 3316 800 3382 l.
822 3317 846 3382 l.
873 3316 1010 3404 legitur:
1034 3326 1089 3392 σήσ
1114 3320 1212 3392 αὑτής
1235 3317 1378 3398 Φρὺσειος

187 3428 239 3492 καὶ
275 3427 310 3493 τό
346 3425 415 3506 ἄρτι
449 3424 587 3505 χνοαζον
621 3424 682 3495 τοὶς
716 3420 866 3506 παρειάς,
898 3423 950 3487 καὶ
986 3423 1020 3487 τδ
1054 3424 1232 3505 σὶρτίχνοος,
1261 3424 1313 3487 καὶ
1343 3421 1379 3487 τό

186 3535 295 3608 ἰούλοις
320 3531 575 3612 ὑποσκιαζόμενσσ
601 3529 676 3605 ήδη,
702 3529 754 3594 καὶ
774 3527 810 3594 τό
831 3535 946 3609 πρῶτος
966 3527 1043 3616 (leg.
1064 3531 1191 3617 πρῶτον)
1214 3529 1378 3604 ὑπηνήτηρ.

676 3767 885 3835 LXXXVIII.

488 3995 531 4042 An
555 3991 706 4053 QUOSDAM
728 3993 772 4040 llX
795 3991 936 4041 ODYSSXA
960 3989 1070 4040 Locos.

233 4156 292 4225 Od·
314 4155 483 4342 δόσὺρδῗὺορ
505 4259 617 4343 πατέρ’
643 4263 748 4329 :statu
773 4261 815 4328 ἐν)
839 4261 948 4344 Φρεσὺν
971 4259 1001 4328 εὑ
1024 4261 1114 4328 ποόεν
1137 4263 1228 4330 :arsa

323 4371 479 4452 ρινηεήρων
501 4371 560 4436 τῶν
584 4371 641 4450 μὲν
664 4367 810 4435 σκέδασιν
834 4367 921 4434 κατόν
945 4367 1079 4447 δόματα
1104 4369 1183 4448 όεόη,

324 4477 418 4557 τιμήν
441 4475 467 4542 δ’
491 4475 584 4549 αὑτδσ
609 4473 687 4559 ἔχοι.
