3208 5158
897 337 964 406 204

377 529 544 596 Praeterea
566 550 623 617 pro
642 529 767 607 Ἰοιέβας
787 531 905 616 ubique
924 529 1029 609 Ἰόβας
1050 529 1283 617 reponendum,
1305 533 1344 592 ut
1361 531 1392 593 et
1408 529 1508 606 Νομᾶς

329 659 387 725 pro
411 642 553 714 Nauaris.

377 744 493 831 Bogud
522 764 540 810 a
571 742 673 810 Dione
706 741 814 811 Caesio
846 743 983 822 Βονούας
1007 747 1205 827 nominatur,
1229 747 1268 808 nt
1292 741 1348 808 41.
1374 739 1424 805 42.
1446 741 1509 819 πρὸς

331 857 385 918 τοῦ
409 854 560 932 Καίσαρος
586 887 629 900 -
652 845 671 914 ά
691 875 726 915 τε
749 852 866 932 Βάκχος
891 850 943 914 καὶ
966 850 980 914 i
1002 857 1140 928 Βογοάας
1159 848 1304 926 βασιλεῖς
1327 885 1368 896 -
1389 847 1508 924 ὠνομάσ-

331 961 437 1032 θησαν.
483 957 628 1024 Bocchus
658 978 713 1023 rex
736 963 803 1023 erat
826 956 1039 1024 Mauritaniae
1063 953 1291 1038 Caesariensis,
1316 952 1428 1040 Bogud
1444 951 1509 1016 Τίο-

332 1067 481 1154 germae,
506 1083 586 1148 quae
609 1069 642 1128 et
664 1063 852 1150 Bogudiana
875 1062 1046 1127 dicebatur.
1094 1060 1179 1126 Ptin.
1203 1059 1245 1124 H.
1272 1059 1314 1124 N.
1339 1057 1376 1122 V.
1403 1057 1432 1124 2.
1468 1057 1509 1123 ne

332 1169 465 1258 Bogude
495 1169 534 1235 ab
564 1170 709 1258 Agrippa
732 1171 833 1234 occiso
856 1171 891 1233 in
913 1167 997 1233 bello
1019 1169 1148 1233 A‘ctiaco
1171 1166 1283 1230 scribit
1306 1164 1368 1230 Dio
1392 1161 1507 1228 50.11.

333 1275 347 1339 d
375 1277 559 1355 Ἀγρίππας
589 1277 644 1348 τὴν
676 1275 818 1348 Μεάάνην
849 1277 898 1353 (in
927 1274 1036 1339 littore
1067 1272 1256 1359 Messeniae)
1291 1271 1325 1334 έκ
1350 1270 1508 1350 προσβολῆς

332 1382 440 1461 λαβὼν
463 1381 514 1445 τὸν
539 1383 675 1458 Βονοάαν
700 1381 730 1446 έν
753 1381 833 1464 αὐτῇ
858 1379 999 1446 ἔκτεινεν.

377 1591 458 1680 Peg.
482 1589 559 1657 833.
584 1591 637 1656 καὶ
658 1592 722 1672 γάρ
746 1591 781 1667 δη
804 1592 857 1657 καὶ
882 1587 967 1666 οὗτος
990 1590 1186 1678 (Masinissa)
1206 1589 1268 1658 ε’ςδν
1287 1589 1302 1652 d
1323 1589 1392 1660 τοὺς
1412 1586 1508 1666 Νομά-

332 1698 390 1770 δας
433 1699 608 1770 πολιτικοὺς
649 1699 894 1770 κατασκευάσας
930 1697 982 1762 καὶ
1016 1697 1170 1776 γεωργούς
1178 1743 1187 1774 ,
1224 1696 1269 1760 έτι
1303 1695 1330 1761 δ’
1364 1695 1430 1760 cieri
1462 1699 1507 1759 τοῦ

333 1811 598 1871 ΛΗΙΕΤΕΤΕΙΝ
630 1805 755 1882 διδάξας
789 1807 958 1884 ςροιτεύειν.
1000 1803 1090 1868 Ἴδιον
1121 1803 1184 1883 γάρ
1215 1827 1245 1868 τι
1273 1811 1336 1874 τοῖς
1361 1803 1508 1880 άνάράποις
1591 1797 1592 1808 ’

333 1909 447 1988 συνέβη
477 1910 612 1983 τούτοις·
644 1911 750 1991 χάραν
781 1913 844 1990 γάρ
867 1911 1016 1980 οἰκοῦντες
1040 1910 1207 1987 εὐδαίμονα
1233 1911 1316 1982 πλην
1338 1913 1393 1973 τοῦ
1417 1907 1508 1984 θηρίοις
1591 1959 1592 1976 ,

333 2014 511 2096 πλεονάζειν
544 2018 693 2090 ἐάσαντες
725 2019 912 2083 secessus
943 2021 1047 2082 ταῦτα
1078 2016 1131 2080 καὶ
1163 2017 1217 2090 πέρι
1248 2023 1308 2092 γῆν
1340 2012 1509 2094 ἐργάζεσθαι

333 2126 405 2202 μετ’
437 2125 544 2197 άδεέας
577 2125 627 2188 ἐπ’
660 2133 885 2189 ΑΛΛΗΛΟΙΕ
914 2123 1092 2207 ἐτρέποντο,
1115 2123 1169 2194 την
1194 2121 1224 2184 δὲ
1250 2128 1309 2198 γῆν
1332 2129 1397 2192 τοῖς
1420 2121 1510 2198 έηρέοις

333 2232 483 2312 άφεῖοαν,
531 2228 681 2294 Primum
712 2229 883 2294 manifesto
908 2229 1096 2294 mendosum
1122 2233 1171 2293 est
1190 2225 1327 2306 ἐκφέρειν
1352 2227 1396 2290 τά
1419 2227 1509 2301 θηρία,

333 2337 389 2403 sed
417 2336 481 2402 loci
511 2338 669 2402 sententia
697 2339 729 2401 et
752 2333 997 2422 palaeographia
1022 2332 1108 2399 facili
1131 2335 1260 2420 negotio
1283 2352 1394 2398 veram
1416 2331 1508 2397 lectio-

332 2464 406 2509 nem
430 2442 628 2529 patesacient.
677 2439 842 2506 Sententia
864 2443 998 2526 requirit
1021 2439 1208 2522 exscindere,
1228 2443 1396 2521 extirparej
1409 2437 1510 2524 sardi

333 2557 382 2615 tas
405 2549 510 2612 delere.
548 2544 703 2614 Codicum
724 2568 801 2613 usus
819 2549 910 2612 docet
932 2549 1106 2611 sexcenties
1129 2545 1286 2624 <piscarent
1309 2547 1510 2624 Φέιίρεινοοο·

333 2653 436 2719 fundi.
470 2653 581 2738 Itaque
600 2651 714 2719 Strabo
738 2652 819 2717 dixit
839 2653 1034 2731 έκΦΘΕΙρειν
1052 2655 1167 2716 ταῦτα.
1206 2648 1321 2716 Strabo
1341 2651 1510 2735 saepissime

334 2779 371 2825 eo
393 2759 490 2825 verbo
512 2762 545 2823 in
568 2758 627 2825 tali
650 2779 683 2824 re
707 2763 828 2832 utitur.
852 2758 954 2826 aelati
977 2777 1051 2846 pag.
1075 2755 1154 2823 814.
1181 2755 1289 2820 πάντα
1312 2757 1420 2835 τρόπον
1443 2757 1510 2839 (σοιν

334 2863 489 2947 codilum)
521 2865 735 2946 έκφθείρονσιν.
780 2861 842 2929 Sed
873 2871 1015 2948 superest
1050 2863 1186 2930 alterum
1220 2862 1387 2928 mendum.
1439 2857 1511 2940 Quid

335 2976 384 3036 est
412 2972 461 3035 ἐπ’
484 2973 633 3044 άλλήλοις
657 2968 837 3050 έτρέποντοέ
870 2969 1013 3037 Dixiseet
1034 2975 1146 3036 saitem
1171 2970 1222 3034 έπ*
1247 2970 1417 3044 ἀλλήλους.
1460 2963 1512 3030 Sed

334 3076 386 3142 έπ’
416 3079 572 3152 άλληλονς
603 3077 765 3156 τρέπεσθαι
798 3077 837 3142 ab
870 3077 930 3142 hcc
959 3077 1029 3141 loco
1059 3075 1293 3141 alienissimum
1319 3081 1384 3140 est:
1409 3073 1512 3137 dicitur

334 3185 420 3250 enim
444 3184 482 3249 de
504 3186 563 3260 iis,
588 3186 643 3269 qui
667 3189 759 3249 autea
782 3185 941 3248 mniuncti
965 3189 1034 3247 orta
1053 3181 1208 3246 discordia
1225 3181 1307 3245 inter
1324 3203 1356 3244 sc
1373 3181 1511 3250 saeviant,
1591 3185 1592 3266 i

334 3296 373 3356 ut
394 3292 428 3356 in
453 3288 538 3355 bello
562 3289 662 3355 civili.
698 3287 778 3355 Vide
802 3295 910 3355 contra
932 3289 1008 3374 quid
1031 3291 1186 3354 sententis
1204 3286 1268 3352 loci
1288 3287 1404 3352 diserte
1422 3283 1512 3368 requi·
1591 3283 1592 3286 ’

333 3400 395 3461 rat.
440 3396 592 3461 Numidae
623 3396 751 3481 (inquit)
785 3403 854 3460 ante
884 3395 1081 3460 Masinissam
1110 3393 1271 3458 latrocinia
1300 3391 1513 3456 exercebantei

334 3523 381 3566 eas
403 3501 571 3566 Masinissa
593 3501 693 3565 docuit
715 3503 874 3580 ςρατεάειν
898 3500 967 3565 sieri
992 3507 1044 3565 τοῦ
1070 3499 1219 3582 ληςεάειν.
1256 3497 1340 3563 Τοιη
1362 3493 1512 3584 singulae

334 3607 492 3692 quoddam
515 3607 574 3694 ,his
603 3607 788 3674 hominibus
812 3610 953 3673 evenisse
976 3612 1092 3672 narrat.
1140 3605 1225 3685 Quid
1250 3601 1380 3670 autem?
1429 3601 1512 3682 Quas

333 3714 474 3778 haberent
503 3737 589 3795 apros
610 3714 820 3796 fertilissimos
841 3715 896 3778 sed
914 3737 934 3776 a
947 3713 1036 3798 seris
1057 3712 1235 3798 infestatae,
1258 3733 1347 3796 ρνιιιιιι
1360 3709 1454 3795 feras
1473 3727 1513 3769 οι·

333 3820 468 3885 scindere
490 3826 519 3884 et
539 3842 625 3902 apros
648 3827 711 3885 cua
734 3822 829 3885 coiere
850 3821 1032 3895 debuissent,
1058 3819 1227 3882 ιιιοέιιινκιιέ
1252 3851 1272 3865 -
1286 3851 1306 3865 -
1319 3815 1371 3878 ·.?
1395 3822 1423 3879 et
1441 3829 1514 3893 οριοο

334 3926 414 3998 ferie
445 3925 622 4012 relinquere.
669 3925 754 4005 Quid
786 3922 894 3992 deest?
932 3924 1017 4004 Quid
1038 3923 1140 3990 facere
1162 3917 1368 3988 maluerunt?
1402 3917 1513 4000 Perspi-

335 4053 433 4098 cuum
462 4032 496 4097 id
525 4033 655 4117 quidem
681 4037 744 4114 est,
769 4052 883 4117 nempe
906 4031 1058 4113 sperica:
1083 4036 1116 4095 et
1134 4029 1194 4094 hcc
1216 4031 1324 4113 ipsum
1349 4034 1397 4091 eet
1419 4026 1451 4088 in
1471 4021 1515 4084 hia

335 4135 497 4225 singulare
528 4137 642 4225 (ἴδιον),
674 4141 825 4223 qnoniam
854 4136 1036 4203 latrocinari
1059 4134 1109 4200 illi
1133 4141 1261 4200 tantum
1284 4132 1428 4198 sciebant
1447 4145 1514 4212 qaas

337 4261 414 4329 ager
437 4263 512 4308 suns
535 4264 599 4308 non
623 4247 700 4309 satis
727 4243 833 4309 aiebat
857 4249 889 4309 et
913 4239 1103 4307 stimulabat
1124 4242 1230 4324 inopia
1252 4243 1284 4304 et
1303 4237 1414 4303 fames.

380 4346 492 4432 ltaque
531 4353 687 4415 sententia
726 4351 796 4434 ipsa
837 4348 926 4413 ducit
961 4345 1000 4412 ad
1034 4346 1116 4411 hanc
1150 4343 1339 4410 lectionem:
1377 4330 1514 4408 ἐάσαντες

336 4453 503 4539 έκφάείρειν
544 4460 649 4520 ταῦτα
691 4453 743 4519 καὶ
788 4456 843 4530 την
878 4463 938 4533 γῆν
975 4451 1160 4536 ἐργάζεσθαι
1195 4453 1267 4532 μετ’
1298 4449 1410 4523 άδεέας
1442 4449 1513 4509 'esti
