3232 5176
670 361 734 430 119

121 549 261 628 Φαληρέα
285 552 458 632 Δημήτριον
481 550 662 634 ἐλπιζούσης
687 559 741 626 σῦς
766 550 945 628 πλεονεξίας
968 549 1092 624 ἀνοίξειν
1111 555 1145 617 έκ
1166 557 1223 619 τῶν
1243 575 1301 632 μυ-

116 662 177 738 χῶν
200 665 256 731 τῆς
281 665 340 734 γῆς
365 660 458 722 αὐτὸν
481 658 532 721 τῶν
553 658 737 722 Πλούτωνα
758 658 1023 738 χαριεντιζόμενος
1043 664 1117 735 γοῦν
1130 661 1231 746 ,Φησίν
1253 655 1298 725 ὅτι

118 763 287 838 ητολλάκις
320 767 600 835 καταναλώσαντες
635 765 676 829 τά
709 765 830 842 Φανερά
855 771 914 828 τῶν
936 764 1058 837 ἀδήλων
1081 760 1171 828 ἕνεκα
1195 760 1216 828 ἀ
1242 765 1300 840 μέν

116 865 241 942 ἔμελλον
275 871 328 934 οῦκ
359 867 494 950 ἔλαβον,
528 864 549 936 ἀ
581 871 608 935 δ’
640 866 725 949 εἶχαν
756 869 939 948 ἀπέβαλον,
971 871 1158 948 αἰνίγματος
1191 871 1299 949 τρίπον

116 973 331 1054 ἀτυχοῦντες.”
372 973 485 1042 Strabo
517 999 589 1065 pag.
627 973 701 1042 147.
734 979 919 1054 παρατίθησι
947 974 1162 1059 (Posidonius)
1186 973 1220 1038 τί
1244 980 1298 1041 τοῦ

117 1081 274 1158 Φαληρέως
314 1075 359 1144 ὅτι
399 1083 492 1161 Φησίν
525 1085 633 1154 ἐκεῖνος
665 1082 715 1146 έπί
746 1087 806 1146 τῶν
848 1082 997 1146 Ἀττικῶν
1026 1081 1190 1160 ἀργυρείων
1221 1078 1297 1148 ούτω

116 1185 255 1256 συνπύνως
289 1186 421 1265 ὀρύττειν
444 1188 514 1262 τοὺς
538 1189 706 1270 ἀνθρώπους
730 1189 768 1258 ῶς
792 1186 830 1251 ἀν
854 1187 1081 1263 προσδοκώντων
1105 1189 1199 1251 αύτδν
1222 1187 1297 1252 ἀνά-

115 1286 172 1366 ξειν
201 1290 253 1356 τὸν
278 1292 457 1358 Πλούτωνα.
506 1293 595 1361 Heeo
619 1293 748 1380 quidem
771 1313 847 1358 sona
871 1294 1023 1359 suntsed
1047 1294 1165 1358 vitium
1191 1312 1298 1362 conoe·

116 1403 224 1480 petunt
247 1399 369 1464 vioine:
394 1399 515 1472 έκείνονς
535 1401 592 1477 μέν
614 1398 887 1485 (Atheniensibus)
907 1399 1075 1476 αἰνίγματι
1097 1399 1222 1464 έοικέναι
1244 1400 1298 1473 τήν

116 1505 321 1578 μεταλλείαν·
353 1499 410 1568 ὅσα
441 1507 499 1582 μέν
521 1507 586 1583 γάρ
609 1503 782 1580 ἀνέλαβον,
807 1504 921 1581 φησίν,
948 1505 1000 1568 οῦκ
1025 1501 1161 1582 ἔλαβον,
1185 1500 1243 1569 θ’σα
1268 1503 1298 1568 δὲ

117 1602 194 1687 εἰχον
226 1607 402 1684 ἀπέβαλον.
458 1609 559 1676 Senon
591 1631 678 1676 cosso
707 1608 785 1674 haee
816 1614 908 1686 sunt,
941 1610 994 1674 sed
1027 1630 1102 1675 vere
1131 1609 1227 1674 lectio
1257 1609 1297 1675 ab

116 1712 272 1780 Athenaeo
294 1716 465 1780 sumenda:
490 1713 548 1782 θσα
571 1716 627 1793 μὲν
652 1717 714 1794 γάρ
735 1719 967 1780 νΕΜΕΛΛΟΝ
992 1717 1045 1780 ούκ
1068 1715 1194 1792 ἔλαβον.

155 1817 232 1884 Post
254 1840 354 1906 pauca
378 1823 488 1888 scribit
511 1821 643 1888 Strabo:
668 1824 723 1896 τήν
746 1821 776 1888 δέ
801 1829 859 1898 γήν
884 1819 1001 1895 ταύτην
1025 1822 1126 1899 Φέρειν
1149 1821 1220 1893 τοὺς
1245 1845 1296 1887 πο-

117 1927 245 2002 ταμούς·
270 1928 325 2002 τήν
349 1927 381 1991 δέ
404 1911 531 1994 σκαλίσι
555 1931 613 1999 τάς
638 1937 790 2006 γυναῖκας
814 1928 973 2003 διαμῶσας
995 1929 1119 1992 πλύνειν
1140 1927 1170 1989 έν
1191 1928 1297 2002 ήθητη·

115 2029 179 2108 ρίσις
209 2041 352 2103 πλεκτοῖς
377 2033 397 2072 *
420 2033 470 2098 ε’πί
503 2035 599 2110 κίςην.
647 2033 727 2099 Boni
758 2033 834 2098 libri
864 2040 1008 2104 πλεκτοῖς
1040 2055 1204 2104 επιπιστην
1227 2033 1294 2096 sine

118 2155 221 2214 sensu,
257 2138 312 2204 sed
346 2137 447 2204 nihilo
480 2139 596 2206 melius
627 2144 674 2204 est
705 2140 753 2204 ὲπί
787 2139 891 2222 κίςην,
923 2138 1005 2224 quod
1036 2139 1121 2204 docti
1150 2137 1295 2202 homines

118 2246 325 2326 reposuerunt.
368 2243 558 2310 Posidonius
589 2243 673 2329 opud
696 2244 896 2309 Athenaeum
920 2243 942 2307 1.
964 2243 989 2323 Ι1.
1014 2243 1108 2308 dicit:
1133 2243 1174 2306 πά
1199 2240 1295 2307 ποτά-

117 2367 172 2422 μια
191 2347 234 2414 τά
257 2346 399 2426 τυχίντα
423 2351 586 2428 ψήγματα
609 2354 724 2429 χρυσοῦ
747 2349 920 2432 καταφέρει
944 2349 996 2414 καί
1022 2352 1127 2412 ταῦτα
1146 2355 1294 2424 γυναῖκες

117 2452 163 2516 καί
197 2453 300 2533 ἀνδρες
332 2454 468 2524 ἀσθενεῖς
501 2455 544 2518 τά
574 2457 710 2532 σῶματα
742 2454 796 2519 σῦν
826 2463 896 2525 ταῖς
929 2451 1046 2532 ἀμμοις
1079 2453 1294 2533 ὑποψήχοντες

117 2554 223 2626 διιςάσι
255 2559 309 2624 καί
342 2559 515 2632 πλύναντες
549 2557 676 2637 ἀγουσον
700 2560 750 2624 ε’πί
775 2563 829 2636 τήν
852 2561 961 2639 χύνην.
1009 2559 1120 2644 Itaque
1145 2558 1293 2626 Straboni

117 2663 219 2731 redde:
255 2667 379 2729 πλύνειν
414 2667 446 2729 έν
478 2667 642 2746 ήθητηρίοις
676 2673 822 2737 πλεκτοῖς
858 2660 942 2746 (εἶτα
976 2663 1080 2746 ἀγειν)
1115 2666 1165 2730 έπί
1201 2672 1291 2730 ΤΗΝ

118 2777 276 2836 anHN.

157 2875 243 2958 Quod
273 2877 385 2944 scribit
409 2875 523 2944 Strabo
545 2878 622 2943 ibid.
648 2877 764 2952 τούτοις
788 2879 819 2944 δέ
844 2875 1004 2955 ύπεράγαν
1028 2885 1177 2952 λυσιτελή
1203 2873 1292 2962 (εἰναι

118 2981 166 3054 τήν
188 2984 392 3060 μεταλλείαν.
416 2982 501 3050 mele
525 2983 674 3049 Meineke
698 2983 902 3071 λυσιτελεῖν)·
926 2993 989 3054 τοῖς
1010 2984 1067 3061 μέν
1086 2993 1295 3064 χαλκουργοῖς

117 3087 253 3166 τέταρτον
282 3088 370 3168 μέρος
402 3088 548 3167 ἐξάγουσι
578 3098 634 3163 τῆς
657 3098 717 3167 γής
740 3092 791 3156 τὸν
814 3091 955 3174 χαλκὸν,
980 3095 1037 3154 τῶν
1061 3088 1091 3154 δέ
1116 3089 1293 3170 ἀργυρευόν-

116 3213 170 3256 των
198 3201 254 3260 τῶν
282 3195 404 3260 ἰδιωτῶν
427 3194 457 3258 έν
480 3196 573 3274 τρισίν
598 3195 724 3273 ήμέραις
750 3195 900 3272 Εὐβοϊκὸν
923 3197 1079 3260 τάλαντον
1104 3197 1290 3275 ἐξαίρουσιν,

116 3298 194 3382 opud
216 3299 390 3366 Diodorum
413 3302 460 3365 sio
483 3301 633 3366 scribitur
656 3299 692 3365 V.
720 3298 773 3366 36.
802 3301 827 3365 οἰ
851 3301 912 3388 μέν
930 3300 1125 3380 ἐργαζόμενοι
1148 3300 1190 3364 τά
1207 3285 1291 3381 χαλ·

117 3412 252 3482 κουργεῖα
283 3405 318 3469 τὸ
350 3403 495 3486 τέταρτον
525 3405 611 3485 μέρος
644 3409 768 3487 χαλκοῦ
800 3408 931 3484 καθαροῦ
956 3407 989 3471 έκ
1013 3415 1068 3482 τῆς
1093 3407 1291 3483 θρυπτομένης

117 3517 171 3584 tit
192 3511 407 3588 λαμβάνουσι,
431 3517 489 3575 τῶν
515 3511 542 3575 δ’
566 3512 789 3592 ἀργυρευθντων
812 3512 890 3582 τινές
915 3511 1036 3577 ἰδιωτῶν
1055 3513 1086 3575 έν
1105 3511 1199 3588 τρισίν
1220 3509 1292 3585 ήμέ-

116 3636 176 3692 ραις
205 3616 352 3693 Εὐβοϊκὸν
383 3613 533 3694 ἐξαίρουσι
565 3621 727 3682 τάλαντον.
759 3616 843 3683 unde
875 3615 1023 3683 Straboni
1050 3615 1188 3683 reddidit
1211 3613 1292 3680 Mei-

118 3719 206 3787 nehe:
226 3729 283 3788 τῦν
303 3722 338 3807 δέ
361 3722 583 3803 ἀργυρευόντων
606 3723 717 3788 τισίν
741 3723 872 3788 ἰδιωτῶν.

158 3825 306 3894 Mendoso
328 3831 432 3894 estin
455 3832 610 3915 proximis
633 3828 797 3896 Strabonis
821 3829 921 3895 oratio
939 3828 1034 3894 haee:
1056 3826 1108 3892 καί
1129 3826 1202 3905 πρὸς
1221 3826 1292 3899 τοὺς

119 3930 146 3996 έν
174 3935 282 4006 αῦταῖς
312 3937 516 4008 ἀπαντῶντας
553 3934 710 4013 ποταμοὺς
735 3935 888 4005 πολλάκις
911 3942 973 4004 τοῖς
997 3934 1178 4010 Αἰγυπτίοις
1202 3932 1294 3997 ἀναν·

119 4039 258 4104 τλούνσυν
280 4042 439 4122 κοχλίαις.
486 4040 533 4106 De
557 4041 666 4106 eedem
692 4061 725 4106 re
748 4039 904 4105 Diodorus
928 4036 965 4101 V.
992 4035 1044 4104 37.
1068 4038 1160 4102 ε’νίοτε
1185 4036 1216 4102 δὲ
1241 4035 1293 4101 καί

119 4146 194 4208 aare
216 4146 311 4223 βάθος
335 4147 524 4234 ἐμπίπτουσι
547 4155 699 4222 ποταμοῖς
723 4148 835 4226 ῥέουσιν
861 4143 918 4208 ὑπο
942 4143 997 4214 τήν
1020 4151 1089 4220 γῆν.
1112 4180 1155 4191 -
1174 4144 1293 4221 ἀπαρθ-

119 4269 195 4315 τουσι
223 4254 286 4334 γάρ
316 4253 376 4326 τάς
406 4256 504 4333 ῥύσεις
537 4255 595 4317 τῶν
627 4253 744 4317 ύδάτων
774 4258 836 4322 τοῖς
868 4251 1094 4327 Αἰγυπτιακοῖς
1117 4249 1294 4327 λεγομένοις

118 4359 275 4438 κοχλίαις,
305 4353 354 4432 οῦς
387 4356 578 4439 ’λρχιμήδης
610 4359 624 4422 θ
657 4353 842 4436 Συρακόσιος
867 4351 947 4436 εὖρον
970 4352 1021 4421 ἀπε
1046 4353 1228 4434 παρέβαλεν
1251 4358 1293 4430 εἰς

120 4461 279 4542 λίγυττον.
325 4463 398 4530 Nisi
429 4463 594 4550 comploro
623 4463 707 4550 opud
738 4461 928 4528 Strabonem
958 4461 1144 4528 exciderunt
1168 4463 1296 4530 restitui
