3372 5192
882 347 949 416 540

362 530 443 626 Pag.
487 535 563 604 669.
609 536 639 606 7.
675 538 727 604 τίν
762 538 818 617 μέν
854 534 1034 622 ’Ῑφιιιροίτνν
1070 535 1289 620 οίποςροίτνγον
1325 539 1511 618 έποινίσοιτε,

317 643 465 721 Τιμίίεον
486 644 513 710 δ’
534 645 584 711 ἔπ’
604 645 800 724 Ἀμφίπολιν
819 644 872 709 κον)
893 646 1075 726 Χερρόνησον
1091 643 1296 727 ἐξεπέμψατε
1312 645 1508 734 [τροιτνχίν].

316 748 437 816 Vitiose
474 752 636 817 abundans
668 757 700 818 et
734 771 844 817 aurem
879 750 1007 817 laedens
1040 749 1197 832 τροτνγίν
1230 752 1346 818 sciolus
1380 753 1419 818 de
1453 773 1509 818 suo

316 856 451 924 addidit.

361 1114 442 1203 Pag.
475 1112 550 1179 668.
581 1111 637 1180 24.
669 1111 729 1180 ὅσοι
759 1114 817 1192 μέν
847 1115 882 1190 δίς
917 1113 1086 1195 ςροιτιιίτνς
1113 1113 1153 1179 ὣν
1176 1115 1205 1178 ἐν
1229 1113 1431 1194 σφενδονήτου
1456 1114 1508 1179 aa}

316 1225 409 1300 ψιλοῦ
434 1229 563 1286 ΜΕΡΕΙ
583 1259 625 1269 -
642 1220 768 1286 ένοςντίο
791 1218 972 1301 έτροίτευτοιν
995 1227 1034 1303 τῇ
1059 1218 1147 1285 πίλει
1172 1221 1204 1286 οὔ
1225 1219 1329 1297 τίίιρμι
1350 1221 1380 1284 έν
1402 1219 1508 1296 aitterl-

316 1351 418 1406 μοιτος
447 1335 589 1393 ΜΕΡΕΙ.
636 1324 724 1406 Quae
754 1347 845 1392 aures
868 1325 947 1393 talia
968 1327 1050 1416 ferro
1073 1323 1226 1412 possunt?
1273 1322 1508 1414 (infligendum

318 1434 447 1500 videtur
478 1435 509 1498 ἐν
537 1433 740 1515 σφενδονήτου
773 1433 824 1498 κοί
853 1437 946 1514 ψιλοῦ
969 1429 1070 1508 τάξει.
1116 1430 1300 1498 Promisoue
1323 1433 1408 1497 enim
1432 1433 1509 1498 diei·

316 1544 370 1604 tur
398 1536 429 1603 ἔν
451 1563 531 1613 τινος
552 1538 654 1620 μέρει,
678 1538 794 1620 μερίδι,
819 1538 910 1622 μοίρρι
934 1543 967 1603 st
989 1535 1095 1615 τιίξει,
1120 1537 1204 1622 quod
1227 1540 1388 1624 propriam
1411 1538 1508 1606 habat

317 1646 351 1710 in
374 1644 494 1710 militie
516 1645 633 1711 sedem.

363 1884 442 1973 Peg.
469 1882 545 1950 669.
570 1884 624 1962 21,
648 1881 886 1968 (Charidemus)
905 1885 1011 1962 μισίοῖ
1026 1881 1123 1950 ποίλον
1142 1883 1235 1948 αὑτὸν
1255 1883 1423 1960 Ὀλυνθίοις
1443 1894 1506 1960 τοῖς

319 1990 471 2072 ὑμετέροις
504 1992 621 2072 ἐχθροῖς
654 1989 737 2078 [νυοί]
766 1999 830 2064 τοῖς
855 1989 977 2069 έχουσιν
1002 1990 1199 2069 ’λμφίπολιν
1221 1989 1296 2055 κοτ’
1321 1992 1505 2058 ἐκεῖνοντὸν

315 2096 432 2179 χρόνον.
474 2096 612 2164 Molesta
636 2103 668 2164 st
692 2099 866 2163 sententiae
889 2097 1022 2161 inimios
1043 2094 1418 2181 copulaquamprimum
1442 2101 1507 2163 exi·

313 2203 430 2270 menda
460 2209 525 2280 est,
558 2209 596 2268 ut
626 2207 775 2290 appareat
807 2205 892 2289 ipsos
922 2200 1093 2288 Olynthios
1125 2201 1348 2288 Amphipolim
1377 2208 1449 2270 tum
1473 2207 1507 2268 in

313 2313 469 2395 potestate
493 2309 654 2376 habuisse.

358 2535 437 2623 Pag.
463 2533 539 2603 671.
565 2533 618 2599 ll.
643 2537 767 2616 πρᾶγμ’
792 2531 886 2598 έποίε
911 2535 1042 2597 τοιοῦτον
1066 2523 1123 2596 οίον
1141 2533 1202 2611 οὐχ
1221 2527 1267 2597 ὅτι
1288 2535 1444 2614 speraris
1466 2533 1504 2600 οίν

315 2640 474 2726 [ἠγνόησε]
497 2664 544 2710 τις
567 2636 645 2705 είνοιι
668 2638 800 2718 φοίσκιον
823 2641 897 2705 ἀλλ’
923 2637 986 2705 οὐδ’
1012 2639 1025 2702 ὁ
1049 2638 1153 2719 τυχιδν
1179 2636 1342 2717 οίνίριοπος.
1379 2642 1505 2707 Acutis·

313 2747 394 2811 sime
425 2747 586 2830 perspexit
614 2745 778 2812 Dobraeus
809 2742 941 2824 ἠγνίνσε
972 2746 1119 2829 spurium
1154 2765 1220 2810 osse
1255 2752 1287 2811 et
1322 2746 1504 2814 delendum.

313 2851 525 2918 Manifestum
557 2856 605 2916 est
635 2851 748 2917 ἔτοίεν
772 2853 965 2940 cogitatione
990 2850 1063 2916 addi
1086 2855 1239 2936 oportere.
1285 2851 1436 2940 Magistri
1460 2854 1507 2920 el·

312 2956 409 3044 lipses
439 2958 662 3025 huiuscemodi
693 2957 818 3044 explere
849 2954 968 3040 solent,
998 2956 1033 3020 in
1064 2976 1128 3041 qua
1158 2978 1191 3022 re
1214 2959 1340 3042 saepius
1362 2961 1506 3046 graviter

314 3069 420 3130 errant
442 3069 480 3129 nt
502 3065 563 3131 hoo
585 3063 662 3131 loeo,

357 3167 515 3238 Continuo
546 3173 706 3256 sequitur:
739 3169 799 3235 οὐδ’
831 3170 928 3234 ίτιοῦν
959 3168 1022 3248 γὰρ
1053 3169 1162 3247 χιορίον
1182 3167 1262 3249 έχων
1286 3169 1337 3234 έπί
1361 3170 1505 3254 ίοιλοίττρ

316 3276 405 3365 [οὐδ’]
429 3274 493 3342 δίεν
517 3275 555 3342 δν
579 3277 789 3353 σιτοπομπίας
813 3274 961 3353 εὖπίρνσε
985 3283 1048 3348 τοῖς
1070 3277 1254 3356 ςροιτιώτοιις
1274 3276 1337 3342 οὐδ’
1359 3273 1400 3342 ad
1419 3288 1504 3344 σῖτον

312 3381 394 3464 έχων
424 3385 455 3447 ἓν
487 3391 550 3455 τοῖς
581 3382 702 3464 χωρίοις
736 3381 897 3458 ὑπέμεινεν
929 3382 959 3446 έν
987 3388 1049 3452 τοῖς
1073 3382 1222 3462 τείχεσιν.
1270 3380 1307 3446 si
1331 3385 1402 3468 quis
1424 3383 1503 3450 haec

311 3488 483 3575 diligenter
509 3488 754 3555 consideraverit
775 3508 904 3553 meeum
927 3488 1042 3552 sentiet
1063 3489 1152 3572 prius
1175 3486 1240 3554 οὐδέ
1262 3487 1386 3554 amala
1404 3511 1505 3556 manu

311 3596 469 3660 insertum
501 3614 568 3660 esse
602 3599 634 3660 et
666 3594 818 3680 coniungi
841 3597 984 3678 oportere
1006 3593 1115 3674 χορίον
1137 3593 1187 3659 ἐπί
1211 3602 1250 3676 τῇ
1274 3594 1417 3681 ίοιλοίττρ
1439 3591 1504 3662 ίίεν

309 3697 350 3765 ἂν
382 3700 592 3778 σιτοπομπίας
623 3699 799 3780 εὖπίρνρσεν.
846 3699 935 3763 Duae
960 3703 1089 3764 tantum
1111 3719 1161 3764 res
1183 3701 1267 3765 inter
1289 3721 1322 3766 se
1344 3722 1506 3787 opponun—

309 3809 380 3883 tur,
414 3813 453 3869 ut
486 3805 630 3871 additum
664 3801 704 3870 οὗ
734 3804 873 3870 ostendit
902 3806 937 3869 in
964 3805 1089 3871 verbis:
1114 3805 1174 3870 οὐδ’
1198 3802 1239 3871 ονῦ
1262 3814 1344 3872 σῖτον
1369 3804 1449 3887 έχων
1472 3809 1504 3874 ἓν

309 3920 373 3984 τοῖς
403 3909 535 3991 χωρίοις.
581 3908 749 3976 Praeterea
780 3909 975 3986 σιτοπομπίοο
1009 3913 1188 3976 constanter
1218 3910 1336 3976 dieitur
1369 3912 1409 3979 de
1439 3915 1504 3980 iru-

309 4023 418 4082 mento
435 4015 570 4081 navibus
590 4014 740 4094 advento,
759 4017 794 4080 in
813 4017 956 4092 terrestri
975 4017 1088 4081 itinere
1108 4015 1301 4096 ἐπισιτισμός
1313 4018 1504 4105 appellatur.

354 4122 476 4187 Rarum
497 4140 570 4185 'non
600 4124 649 4186 ast
680 4122 798 4188 soribas
826 4127 858 4188 et
881 4120 1081 4208 magistellos
1104 4123 1138 4186 in
1160 4122 1383 4190 huiuscemodi
1404 4129 1504 4211 parti-

309 4231 396 4296 tione
428 4226 538 4291 tnrbas
570 4225 662 4304 dare,
693 4232 732 4292 ut
760 4227 793 4292 h.
807 4227 829 4293 l.
861 4226 1020 4313 triplicem
1052 4227 1194 4294 fecerunt
1219 4249 1258 4294 ex
1280 4230 1340 4296 hae
1362 4230 1502 4316 duplioi:

310 4335 508 4400 frumentum
540 4351 642 4416 neque
665 4331 716 4396 his
738 4334 817 4399 loeis
840 4337 907 4399 erat
929 4353 986 4398 neo
1009 4335 1092 4398 mari
1113 4333 1230 4400 advehi
1251 4341 1384 4422 poterat.
1431 4339 1504 4404 Νοον

309 4442 400 4508 datur
423 4437 561 4516 ιονίίυνυ,
583 4443 623 4503 ut
646 4437 806 4505 dialectici
829 4438 1015 4524 loquuntur.
