3404 5192
902 395 968 462 aad

339 589 382 662 sic
416 588 459 652 τοὶ
493 584 630 661 Ἰωνικαί,
664 585 762 670 (quod
791 583 1116 666 μεταχαρακτνρρίζειν
1149 583 1286 665 dicitur,
1317 582 1352 646 id
1381 583 1430 646 est
1459 578 1532 653 τοὺς

337 692 499 764 Ἀττικοὺς
532 698 590 756 τῶν
625 690 824 772 γραμμάτων
856 699 1062 772 χαρακτῆρας
1095 691 1138 762 εἰς
1169 688 1240 760 τοὺς
1263 687 1409 758 Ἰοινιιοοὺς
1432 709 1533 762 μιτα-

337 797 485 883 γράφειν)
518 797 647 862 ridetur
675 799 710 860 in
739 816 776 862 aa
806 817 840 861 rs
872 795 1040 861 nonnullos
1071 797 1268 862 commisisse
1292 815 1428 870 errores,
1454 813 1534 878 quos

334 907 455 991 partim
477 902 705 987 Aristophanes
728 901 952 986 deprehendit,
977 901 1056 966 alios
1075 901 1296 977 Aristarchus,
1319 899 1399 966 alios
1418 896 1534 964 Gritici

334 1015 406 1096 post
425 1009 655 1075 Aristarchum.
689 1005 881 1092 Supererant
902 1013 934 1071 et
955 1005 1018 1072 alia
1040 1006 1196 1092 quaedam
1215 1006 1331 1072 menda
1348 1005 1424 1070 hino
1443 1010 1531 1081 orta,

335 1136 415 1200 quae
437 1115 602 1180 Bchkerus
626 1115 772 1179 abstersit
796 1133 853 1178 nec
877 1113 992 1177 desunt
1016 1112 1079 1178 alia
1098 1111 1251 1178 nonnulla
1271 1116 1397 1176 nostrae
1418 1111 1533 1176 aetatis

336 1218 463 1286 Criticis
486 1222 603 1305 quique
626 1223 698 1304 post
720 1221 848 1283 venturi
873 1222 947 1282 sunt
968 1218 1187 1305 abstergenda.
1218 1216 1255 1281 ln
1275 1214 1390 1303 Odyss.
1411 1239 1444 1282 α.
1464 1215 1533 1282 254

336 1325 496 1391 ferebatur
518 1330 612 1391 vetus
636 1327 793 1409 scripture
814 1324 909 1388 haec:

544 1426 562 1504 ἦ
585 1429 620 1504 ii
644 1429 761 1495 πολλὸν
785 1431 992 1509 ἀποιχομένου
1015 1428 1163 1502 Ὀδυσῆος
1187 1436 1327 1494 hesel.

337 1539 395 1603 ubi
426 1533 565 1602 Griticus
596 1539 746 1621 antiquus
778 1538 962 1601 annotavit:
994 1535 1116 1612 μῆποσε
1148 1532 1272 1611 ἀμεινον
1303 1531 1321 1614 ῆ
1352 1532 1402 1598 διὰ
1425 1537 1479 1597 τοῦ
1503 1542 1533 1598 Η

339 1643 473 1722 γράφειν
506 1641 675 1726 (cerel).
709 1641 762 1706 asi
788 1639 851 1709 ἔςιν
874 1637 930 1705 οἷον
955 1649 1011 1716 τῆς
1034 1640 1175 1721 ἀρχαίας
1198 1647 1427 1721 γραμματικῆς
1447 1637 1478 1704 ἕν
1501 1663 1533 1704 τι

338 1758 411 1814 ΚΑΙ
442 1755 594 1814 ΤΟΤΤΟ
627 1755 686 1813 τῶν
718 1745 997 1824 ὑπολελειμμένων.
1046 1747 1142 1812 Visne
1173 1749 1253 1812 scire
1277 1749 1368 1812 cuius
1389 1746 1468 1812 hacc
1490 1747 1534 1810 sit

339 1851 593 1920 animadversio?
639 1850 781 1940 Colliges
810 1853 845 1918 id
875 1875 914 1918 ex
941 1853 1010 1918 loco
1040 1853 1215 1938 Porphyrii
1245 1854 1279 1917 in
1306 1853 1534 1933 quaestionibus

337 1960 505 2024 Homericis
535 1979 602 2044 cap.
631 1957 726 2041 vm,
757 1961 812 2043 qui
837 1980 876 2022 ex
899 1957 1079 2024 Alexandro
1103 1955 1275 2044 Ootyaensi
1297 1959 1375 2024 haec
1399 1957 1439 2022 ad
1463 1977 1532 2022 rer·

336 2066 416 2131 bum
448 2066 631 2150 descripsit:
665 2063 678 2127 ί
710 2064 742 2128 δὲ
772 2062 919 2140 βίλτιςος
952 2063 1157 2144 ’ΛριςοΦάνῆς
1191 2064 1313 2128 κάκεῖνο
1344 2063 1380 2127 τὸ
1405 2064 1435 2127 ἐν
1458 2070 1531 2134 ταῖς

340 2170 600 2252 παραποταμίαις
633 2169 738 2254 (iliad.
771 2177 807 2233 Φ.
835 2168 1022 2234 inscribitur
1045 2172 1061 2246 ῆ
1085 2169 1328 2250 παραποτάμιος
1350 2167 1461 2254 μάχνι)
1483 2182 1535 2234 λε-

339 2277 489 2358 γίμενον·

475 2383 609 2463 opacant
633 2404 680 2455 τις
706 2380 792 2444 κατὰ
815 2385 903 2457 κῦμα
927 2379 1082 2458 μέλαιναν
1105 2382 1196 2462 Φρῑχ’
1221 2377 1372 2457 ὑπαλύξει

476 2487 565 2568 ίχίὺς
584 2485 652 2553 ‘OC
679 2510 712 2550 αε
736 2487 862 2566 Φάγρσι
886 2485 1043 2560 Λυκοίονος
1067 2485 1188 2566 ἀργέτα
1212 2485 1316 2564 δημόν.

342 2597 392 2684 (Φ.
426 2592 516 2681 126).
551 2592 699 2658 δείκνυσιν
731 2595 769 2665 ὠς
795 2592 1007 2672 ἡμαρτημένον
1033 2593 1227 2658 ὑπολείποιτο
1252 2594 1285 2658 ἐκ
1309 2600 1365 2667 τῆς
1389 2594 1532 2662 παλαιοῖς

338 2709 577 2783 γραμματικῆς.
614 2701 645 2764 οὐ
682 2699 744 2778 γάρ
779 2698 841 2778 χρῆ
874 2699 909 2764 τὸ
942 2698 1014 2763 'OC
1050 2723 1093 2764 κε
1124 2699 1309 2781 Φάγρσιν
1340 2696 1461 2763 ἀκούειν
1493 2698 1533 2768 ὡς

340 2806 442 2888 ἀρίρον
473 2804 678 2870 ὑποτακτικὸν
709 2808 834 2881 μᾶλλον
865 2805 896 2870 δὲ
928 2806 996 2870 ἀντ’
1027 2805 1229 2885 ἕπιρρῆματος
1261 2806 1471 2886 παρειλῆφίαι
1497 2805 1533 2870 τὸ

341 2917 413 2978 ὨΟ
445 2912 462 2987 ῆ
493 2915 616 2989 μᾶλλον
647 2909 815 2988 συνδέσμου
849 2910 1015 2984 αἰτιώδους.
1048 2911 1195 2984 δηλοῦται
1229 2910 1292 2989 γάρ
1313 2907 1404 2974 ἽΝΑ
1427 2909 1533 2991 Φάγρ.

341 3018 454 3085 Nonne
475 3019 678 3104 perspicuum
704 3022 752 3082 est
773 3016 917 3082 eiusdem
934 3017 1073 3082 hominis
1093 3022 1262 3101 utramque
1281 3016 1533 3082 observationem

342 3145 408 3190 esse
442 3122 556 3190 iisdem
591 3124 698 3189 verbis
730 3119 955 3188 enunciatam?
1002 3122 1094 3203 Quod
1122 3125 1156 3186 in
1186 3123 1284 3207 priori
1312 3121 1535 3206 Aristophanis

342 3232 543 3296 annotatione
577 3228 718 3316 legitur:
754 3226 785 3292 ἕν
820 3251 850 3293 τι
886 3238 957 3294 ΚΑΙ
992 3235 1144 3293 ΤΟΤΤΟ
1176 3233 1234 3293 τῶν
1265 3226 1534 3305 ὑπολελειμμένων

341 3335 479 3401 declarat
509 3331 666 3400 Griticum
694 3336 819 3419 saepius
844 3333 923 3399 alibi
946 3335 1095 3419 antiquae
1118 3337 1291 3419 scripturae
1314 3334 1430 3398 menda
1452 3335 1534 3398 aius·

342 3440 503 3507 demmodi
530 3438 782 3525 deprehendisse.
829 3437 904 3504 Huc
928 3441 1067 3524 pertinet
1090 3445 1183 3505 vetus
1207 3438 1356 3505 Scholion
1379 3440 1421 3504 ad
1443 3437 1534 3503 Euri-

340 3547 424 3637 pidis
455 3545 631 3613 Phoenissae
662 3543 741 3612 682.
776 3548 861 3633 quod
894 3549 961 3612 sine
992 3548 1205 3613 controversia
1240 3568 1278 3612 ex
1314 3545 1534 3631 Aristophanis

342 3651 589 3721 Commentariis
612 3656 773 3730 manavit,
799 3659 837 3718 ut
859 3653 1010 3739 pleraque
1034 3655 1143 3718 omnia
1164 3653 1264 3718 bonae
1287 3651 1390 3739 frugis
1413 3656 1445 3716 et
1467 3671 1535 3736 per·

343 3760 467 3825 erudita
502 3759 630 3826 Scholia
664 3759 837 3844 liuripidca
868 3760 1073 3843 Aristophani
1103 3757 1266 3824 debentur.
1315 3756 1424 3837 Quum
1454 3759 1535 3822 esset

344 3867 377 3929 in
400 3865 509 3931 libris:

730 3969 777 4035 σοί
801 3993 842 4035 νιν
867 3969 981 4048 ἔκγονοι
1006 3969 1127 4036 κτίσαν.

343 4078 570 4163 Aristophanes
591 4078 632 4156 τῷ
658 4101 700 4141 νιν
725 4076 838 4158 ἐκγόνῳ
863 4077 975 4142 κτίσαν
999 4078 1123 4142 censuit
1145 4096 1212 4141 esse
1236 4075 1455 4140 scribendum:
1480 4076 1534 4154 πρὸ

343 4180 490 4262 ἀρχοντος
514 4183 577 4263 γάρ
600 4181 769 4248 Εὐκλείδου
795 4183 924 4268 (inquit)
951 4183 1045 4258 μῆπιο
1065 4187 1124 4246 τῶν
1144 4188 1267 4261 μακρῶν
1288 4179 1454 4262 εὑρημένων
1472 4187 1535 4252 τοῖς

345 4287 500 4370 βράχεσιν
526 4289 594 4353 ἀντὶ
627 4294 750 4368 μακρῶν
774 4289 906 4368 ἐχρῶντο
930 4289 972 4368 τῷ
1000 4297 1024 4352 Ε
1047 4287 1115 4352 ἀντί
1139 4293 1192 4353 τοῦ
1218 4295 1245 4352 Η
1269 4287 1323 4351 καί
1346 4288 1388 4368 τῷ
1414 4296 1441 4353 O
1466 4288 1534 4365 oisc)

344 4398 397 4458 τοῦ
422 4403 468 4457 Ω.
495 4431 536 4441 -
550 4395 594 4468 μῆ
614 4396 776 4469 νοῆσαντες
796 4392 827 4456 δὲ
841 4429 882 4440 -
896 4391 1052 4472 ἕτάραξαν
1072 4393 1108 4457 τὸ
1128 4393 1237 4472 νίῆμα.
1269 4392 1422 4459 Eiusdem
1443 4413 1536 4481 gene-

344 4499 388 4564 ris
411 4499 588 4564 observatio
611 4498 735 4586 legitur
758 4499 798 4564 sd
821 4496 934 4583 Odyss.
961 4523 994 4564 α.
1019 4497 1071 4564 52.
