3404 5192
877 657 935 726 ΙΙΙ.

765 875 849 933 Nm
873 887 913 934 nr
939 877 1053 934 com.

451 1081 597 1160 Φεύγετ,
621 1077 849 1160 Ἀριςόρχειοι,
875 1079 925 1142 ἐτ’
949 1077 1037 1158 εὖρός
1060 1083 1140 1150 νῶτος
1165 1078 1324 1154 όοιλόσσης

495 1185 639 1252 ‘Baucida
661 1192 717 1258 rte
739 1181 844 1260 ξονόῆς
869 1183 1028 1265 δειλότεροι
1051 1185 1197 1262 κεμιόδος.

450 1290 721 1371 γωνιοβόμβυκες,
745 1289 992 1368 μονοσύλλαβοι,
1017 1285 1074 1355 olor
1098 1290 1223 1368 μέμηλε

354 1383 356 1387 ’
497 1401 531 1464 τὸ
558 1403 656 1464 canu
680 1395 733 1462 κιο
757 1396 792 1460 τι
818 1405 940 1462 cnon
965 1396 1018 1460 κιο
1041 1396 1076 1461 τι
1100 1405 1183 1462 auu
1208 1397 1258 1472 aar
1281 1396 1316 1462 τι
1340 1406 1428 1463 uror.

359 1505 407 1572 De
429 1527 464 1571 re
487 1506 577 1571 tenui
599 1504 717 1568 dicturi
740 1501 822 1567 nihil
846 1502 1090 1568 reformidamus
1113 1507 1169 1568 aut
1191 1503 1248 1568 has
1270 1509 1326 1570 aut
1343 1504 1394 1570 his
1413 1508 1503 1572 simi·

315 1611 361 1678 les
384 1612 576 1677 urbanorum
599 1609 768 1674 hominum
791 1607 921 1673 facetias
945 1613 977 1673 et
1000 1606 1131 1694 lepores.
1178 1608 1224 1672 Ut
1246 1611 1280 1674 in
1304 1609 1387 1676 hello
1405 1613 1451 1676 sic
1469 1615 1503 1676 in

315 1719 528 1805 grammatica
554 1713 636 1780 nihil
659 1716 821 1779 contemni
844 1720 984 1799 oportet,
1008 1718 1273 1800 necquicquam,
1298 1719 1353 1801 qui
1376 1719 1503 1784 minuta

315 1823 392 1888 haec
416 1824 584 1909 spreverit,
607 1840 763 1904 umquam
786 1820 863 1885 iecit
885 1823 919 1884 in
941 1841 975 1885 re
998 1822 1109 1886 critica
1131 1841 1241 1906 operae
1264 1825 1415 1906 pretium.

362 1926 425 2008 Qui
448 1929 529 1993 hanc
551 1928 793 2009 grammaticam
812 1931 913 1990 artem
934 1926 1026 1993 nobis
1044 1946 1063 1991 a
1081 1927 1264 2012 primordiis
1280 1927 1501 2009 condiderunt,

314 2033 499 2099 incredibile
530 2034 619 2098 dictu
649 2045 697 2098 est
726 2033 760 2095 in
790 2031 906 2115 quibus
937 2031 976 2096 ab
999 2034 1094 2098 initio
1116 2032 1254 2097 tenebris
1276 2032 1379 2099 veluti
1402 2041 1503 2101 tenta·

315 2137 415 2205 bundi
448 2141 536 2205 viam
567 2139 781 2224 quaesiverint
813 2143 845 2202 et
870 2140 904 2201 in
926 2143 1060 2222 quantos
1083 2157 1200 2203 errores
1222 2158 1257 2203 se
1279 2138 1442 2206 induerint
1464 2140 1503 2206 li·

316 2244 445 2310 brorum
476 2249 622 2310 veterum
653 2242 779 2308 mendis
810 2243 951 2327 decepti,
975 2242 1072 2309 donec
1096 2243 1272 2308 Aristarchi
1294 2244 1447 2324 ἀγχίνοιαν
1471 2253 1505 2312 et

315 2369 429 2416 sanum
458 2348 616 2415 iudicium
648 2349 731 2431 Φόιος
764 2346 911 2426 ἑτάροισιν
941 2346 1053 2422 ἔόηκεν.
1100 2349 1149 2412 Era
1180 2371 1230 2413 cor
1258 2349 1416 2428 Zenodoti,
1448 2355 1504 2436 qui

314 2475 370 2541 per
398 2459 501 2520 totam
533 2457 636 2521 vitam
663 2452 740 2539 quid
762 2455 928 2520 interesset
950 2456 1033 2519 inter
1054 2457 1111 2520 νιῖιίΙ
1134 2491 1175 2502 -
1201 2459 1270 2520 νῶϊν
1294 2461 1327 2520 et
1348 2460 1436 2538 σφῶϊ
1459 2493 1501 2506 -

314 2563 413 2643 σφῶϊν
438 2566 470 2626 et
493 2562 581 2640 σφῶϊ
605 2595 646 2609 -
672 2567 758 2636 σφωε
781 2579 845 2624 non
866 2563 971 2644 potuit
993 2563 1177 2646 perspicere.
1224 2559 1333 2627 Huius
1355 2565 1389 2627 in
1414 2583 1450 2628 ea
1469 2584 1504 2629 re

315 2687 434 2734 errores
455 2665 658 2731 Aristarchus
681 2665 847 2742 abstersit,
872 2665 926 2730 sed
949 2668 1017 2750 ipse
1039 2667 1241 2731 Aristarchus
1264 2670 1297 2732 in
1317 2689 1380 2734 uno
1400 2689 1502 2734 errore

315 2777 458 2856 tenetur,
491 2791 587 2855 quem
618 2772 738 2855 aperire
769 2771 954 2836 conabimur
986 2778 1018 2836 et
1048 2769 1169 2838 tollere.
1216 2771 1252 2836 In
1279 2773 1370 2839 iliad.
1402 2785 1441 2839 A.
1469 2772 1501 2838 8.

313 2877 490 2944 Zenodotaa
520 2877 616 2942 editio
650 2876 763 2962 (idest
784 2875 860 2940 libri
883 2883 1023 2954 veteres,
1049 2896 1127 2961 quos
1149 2877 1328 2944 Zenodotus
1349 2884 1446 2945 testes
1468 2885 1501 2944 et

313 2987 457 3049 auctores
479 2982 680 3068 sequebatur)
705 2983 894 3067 scripturam
920 2983 1112 3048 exhibebant
1136 2983 1232 3049 hanc:

490 3088 536 3159 τός
559 3086 618 3166 τόρ
644 3096 748 3152 edili
774 3087 844 3152 όεῶν
868 3086 937 3167 ἔριδι
961 3087 1086 3164 ξυνέηκε
1110 3090 1292 3170 μόχετόοιις

315 3193 496 3260 emendarit
518 3191 721 3259 Aristarchus
744 3194 902 3259 incertum
925 3215 942 3260 e
964 3193 1095 3260 librisne
1116 3216 1155 3260 an
1175 3216 1213 3259 ex
1232 3195 1363 3283 linguae
1382 3193 1503 3263 Home

314 3302 398 3364 ricae
427 3300 576 3364 interiore
607 3301 737 3364 notitia:
768 3299 816 3370 τίς
846 3297 905 3380 rap
938 3309 1055 3364 cosse
1087 3321 1145 3386 pro
1172 3310 1275 3366 conl
1299 3307 1331 3367 et
1354 3305 1502 3388 apposuit

314 3405 425 3480 διτλην
448 3404 700 3484 τεριεςινμόνην,
726 3407 818 3470 cuius
841 3426 942 3491 quum
965 3407 1162 3472 Aristonicus
1183 3409 1338 3474 rationem
1366 3411 1503 3496 aperiret

315 3533 354 3577 ex
377 3508 623 3577 Commentariis
646 3511 857 3577 Aristarcheis
877 3511 953 3578 haec
979 3511 1076 3578 ferme
1100 3515 1259 3580 enotavit:
1285 3515 1302 3590 ἡ
1326 3514 1420 3589 διπλῆ
1444 3537 1501 3579 τε·

314 3617 490 3698 ριεςιγμόνη
515 3614 560 3682 ότι
586 3614 747 3694 Ζηνόδοτος
773 3617 891 3698 γράφει
915 3625 1031 3682 ΟΦΩΙ.
1053 3621 1165 3692 κακῶς.
1192 3621 1209 3694 η’
1234 3620 1297 3698 γὰρ
1320 3622 1425 3702 σφῶϊ
1450 3619 1501 3685 δύο

315 3724 448 3798 creone
472 3721 654 3804 ότιδόχετοι
679 3723 797 3800 ὑμεῖς
821 3747 856 3788 τε
880 3723 933 3788 aa}
959 3724 1085 3803 ὑμεῖς,
1110 3720 1148 3790 ὧν
1171 3725 1321 3804 οὐδέτερον
1342 3727 1500 3805 ἁρμόττει.

314 3830 349 3896 τό
380 3830 412 3895 δὲ
438 3837 554 3894 ΕΦΩΕ
577 3834 717 3907 μᾶλλον,
744 3825 770 3916 (ό
795 3829 880 3917 add.)
905 3831 1006 3910 τρότιυ
1031 3831 1076 3899 tel
1100 3831 1257 3912 τροτιότοιι
1282 3833 1333 3897 nal
1358 3832 1500 3912 τημοιόνει

315 3937 349 4001 τό
382 3936 539 4010 αὐτούς.
573 3956 654 4016 quac
684 3921 767 4001 nuhc
797 3935 946 4002 mendose
977 3938 1094 4022 scripta
1124 3941 1157 4002 et
1185 3937 1317 4002 disiecta
1346 3939 1380 4001 in
1411 3937 1504 4004 libris

315 4042 593 4108 circumferuntur.
642 4041 845 4107 Aristarchus
874 4043 971 4107 dixit:
1001 4043 1036 4106 εδ
1070 4051 1187 4112 cone
1205 4044 1348 4119 σημοιόνει
1371 4045 1406 4110 τό
1437 4047 1502 4110 οὐ·

315 4149 426 4233 τούς,
457 4169 520 4217 non
551 4147 653 4222 circi,
676 4148 761 4233 quod
786 4154 853 4214 erat
877 4149 1010 4226 melius,
1035 4169 1172 4233 namque
1194 4153 1298 4215 utitur
1320 4149 1502 4234 aequalium

315 4260 348 4320 et
377 4253 579 4338 popularium
609 4254 742 4342 lingua,
774 4255 858 4339 apud
889 4275 967 4340 quos
989 4255 1031 4319 roi
1056 4253 1146 4320 δνϊκιό
1170 4275 1232 4320 non
1254 4261 1344 4321 erant
1366 4259 1399 4320 in
1422 4277 1501 4333 usu,

316 4364 348 4426 et
370 4361 499 4424 omnino
522 4359 724 4425 Aristarchus
747 4363 834 4425 omni
857 4361 1014 4425 scribendi
1039 4360 1199 4448 elegantia
1220 4361 1393 4428 destitutus
1419 4359 1501 4426 nihil

315 4461 403 4531 aliud
427 4467 549 4546 quaerit
573 4485 670 4550 quam
693 4466 960 4550 perspicuitatem.
