3372 5192
729 343 794 418 547

212 534 375 613 ΣυΦσιιήής
402 533 528 610 Aornin·

574 638 628 720 ζῆ,
652 649 739 726 πῖνε,
761 640 892 724 Φέρβσυ.

212 746 375 828 Εὐριπίδης
398 747 429 810 ἐν
454 745 564 828 Φρίξῳ·

395 852 433 916 δι’
458 852 578 924 ἐλπίδος
603 850 639 933 ζή
663 851 716 916 xci
742 851 780 915 δι’
808 852 929 924 ἐλπίδος
953 851 1078 931 τρέφον.

212 957 274 1024 His
296 957 440 1024 sordibus
463 955 613 1026 Graeculi
634 963 665 1023 et
685 957 764 1024 aiios
783 957 868 1024 locos
887 957 1177 1042 commacularunt,
1196 961 1251 1043 qui
1269 981 1354 1024 nunc

167 1067 299 1130 correcti
320 1068 412 1147 sunt,
436 1070 469 1130 et
491 1065 576 1130 hunc
595 1063 702 1129 locum
722 1063 963 1142 Demosthenis,
984 1066 1037 1130 cui
1056 1064 1185 1130 tandem
1204 1065 1354 1130 reddatur

168 1191 279 1236 suum:
305 1170 379 1234 ἀλλ’
400 1169 460 1236 οὐδ’
481 1168 520 1235 ἂν
543 1168 659 1252 ἕζΩΝ.

214 1426 295 1515 Peg.
321 1425 396 1492 702.
423 1426 476 1493 15.
502 1428 569 1493 ἰδὼν
587 1463 628 1474 -
647 1427 802 1508 χρήματα
825 1427 931 1491 πολλὰ
954 1435 1010 1501 τῆς
1034 1429 1099 1492 θεοῦ
1123 1427 1176 1491 uni
1200 1435 1258 1493 τῶν
1278 1431 1354 1494 ἐσιω-

170 1530 269 1610 ιύμων
306 1530 370 1618 [xci
403 1541 459 1607 τῆς
490 1531 620 1618 πόλεως]
653 1531 779 1612 ἔχοντα.
825 1531 960 1598 Summo
983 1535 1052 1597 iure
1074 1532 1237 1598 Dobraeus
1260 1537 1358 1601 verba

170 1636 222 1702 unt
246 1646 302 1712 τής
326 1637 442 1711 πόλεως
466 1641 575 1724 spuria
598 1659 664 1703 esse
686 1638 916 1723 suspicabatur.
951 1637 1074 1722 Nempe
1097 1639 1140 1704 τὰ
1162 1647 1216 1711 τῆς
1239 1639 1355 1714 πόλεως

169 1746 323 1826 χρήματα
355 1745 398 1810 τιή
429 1770 464 1810 τε
497 1744 562 1825 ἱερὲι
594 1743 647 1809 nni
679 1743 723 1808 rai
753 1741 823 1808 ὅσιαι
852 1747 886 1808 in
908 1765 941 1809 se
963 1747 1124 1810 continent
1146 1746 1189 1810 roi
1212 1755 1267 1818 τής
1292 1748 1358 1810 θεοῦ

170 1851 223 1916 nai
252 1852 294 1916 rui
327 1858 386 1917 τῶν
414 1851 594 1930 ἐπωνύμων,
624 1849 832 1935 quamobrem
855 1851 1029 1914 absurdum
1053 1857 1100 1916 est
1123 1852 1234 1934 triplex
1256 1873 1358 1940 genus

169 1959 321 2044 pecuniae
343 1978 458 2044 ponere
482 1978 582 2042 quum
604 1959 637 2021 in
660 1958 755 2021 tertio
778 1956 840 2020 duo
862 1959 968 2041 priora
990 1959 1220 2022 contineantur.

215 2063 336 2129 Eadem
367 2064 405 2129 de
435 2082 529 2128 eausa
558 2083 633 2149 pag.
665 2059 740 2127 703.
775 2059 829 2124 12.
861 2063 886 2125 εἰ
922 2061 953 2126 δέ
983 2086 1029 2134 τις
1061 2058 1124 2127 οἶδε’
1154 2087 1226 2127 τινιι
1259 2064 1275 2139 ή
1300 2070 1358 2129 τῶν

171 2169 253 2246 ἱερῶν
278 2169 295 2244 ή
319 2175 376 2234 τῶν
400 2168 486 2233 ὁσίων
508 2164 678 2247 χρημάτων
703 2163 819 2244 ἔχοντά
843 2191 872 2230 τι
898 2165 1117 2256 [ricordatus]
1141 2169 1264 2245 μήνήειν
1284 2171 1356 2251 πρὸς

170 2274 304 2348 τούτους.
351 2273 462 2359 Inepte
484 2273 647 2339 abundans
670 2281 725 2344 τής
751 2272 868 2342 πόλεως
893 2276 1111 2358 expunxerim.

217 2513 296 2602 Pag.
323 2512 397 2582 703.
425 2511 477 2578 15.
508 2514 542 2577 in
565 2513 704 2597 antiquis
726 2511 818 2577 libris
840 2511 1000 2579 ferebatur
1021 2512 1134 2578 lectio:
1158 2515 1244 2592 μετὰ
1266 2519 1359 2581 τωῦτ’

172 2623 319 2700 ἐμήνυσεν
346 2620 519 2696 Εὐκτήμων
543 2616 626 2696 ἔχειν
651 2615 817 2698 Ἀρχέβιον
841 2617 894 2682 ccci
918 2619 1096 2693 Λυσιθείδην
1120 2624 1359 2702 σριήριιρχήσιιν-

171 2753 230 2801 rar
253 2728 409 2807 χρήματα
433 2722 696 2803 νιιυιιριιριιιιή.
721 2728 801 2788 teste
824 2721 1073 2810 Harpocratione
1092 2749 1123 2792 v.
1144 2731 1358 2811 Νιιυιιριιρική.

171 2834 260 2900 Idem
291 2832 380 2898 addit
411 2831 570 2916 „sortasse
592 2830 697 2894 meum
720 2829 779 2912 cepi
801 2830 831 2892 ἐν
855 2837 918 2903 τοῖς
942 2831 1146 2904 Ἀτσιιιιιινσῖς
1178 2843 1360 2917 Νυυιιρυι-

171 2937 346 3005 τιτιιιά.”
370 2941 402 3002 et
420 2941 590 3020 utramque
610 2933 780 3000 lectionem
798 2936 1035 3021 interpretatur.
1071 2935 1182 3024 Itaque
1200 2962 1241 3004 ne
1259 2946 1361 3027 suspi-

172 3051 261 3112 catus
285 3043 415 3129 quidem
439 3047 487 3106 est
510 3061 606 3125 quam
630 3037 765 3104 ridicule
788 3038 885 3104 lectio
907 3047 989 3106 esset
1015 3045 1211 3124 νυυκριιρική.
1246 3045 1296 3110 Ex
1319 3051 1360 3113 iis

172 3173 252 3238 quae
275 3151 424 3215 continuo
447 3151 622 3232 sequuntur
644 3148 773 3230 apparet
796 3144 876 3209 hanc
899 3146 1048 3231 praedam
1073 3169 1112 3212 ex
1134 3152 1265 3239 navigio
1285 3173 1361 3236 quo·

172 3259 245 3323 dam
279 3257 388 3321 secisse
418 3271 533 3318 navem
557 3249 724 3334 bellicam,
748 3270 828 3335 quae
851 3250 974 3339 legatos
997 3255 1031 3316 in
1054 3253 1181 3320 (iuriam
1205 3257 1245 3321 ad
1268 3257 1361 3324 Mau·

172 3362 276 3428 solum
309 3359 455 3426 vehebat.
492 3355 609 3432 ἔλαβεν
645 3358 661 3429 ή
696 3357 815 3435 ccciccc
849 3357 885 3420 τὸ
921 3367 1024 3422 πλοῖον
1063 3360 1080 3432 ή
1111 3362 1182 3432 τοὺς
1214 3362 1358 3442 πρέσβεις

173 3466 307 3547 ἄγουσιν.
353 3462 572 3530 Nihilominus
601 3461 832 3546 Harpocration
862 3464 1006 3548 graviter
1036 3471 1068 3529 et
1095 3465 1185 3531 docte
1207 3469 1360 3553 interpre-

171 3580 260 3639 tetur
290 3568 475 3651 νιιυιιριιριιιιὶ
505 3589 571 3634 esse
594 3569 637 3633 roi
663 3577 721 3633 τῶν
746 3567 922 3648 ἀρχόντων,
948 3569 1128 3648 νυιυκριέρσυς
1154 3573 1216 3651 γὰρ
1240 3575 1275 3636 τὸ
1299 3598 1359 3640 σω-

172 3679 352 3750 acciocche
375 3676 531 3756 ἄρχοντας
557 3673 680 3751 ἔλεγον,
704 3675 759 3740 sed
782 3695 844 3759 qno
867 3674 997 3738 tandem
1020 3681 1112 3759 pacto
1135 3681 1225 3742 navis
1245 3679 1279 3741 ιἰι
1298 3682 1360 3744 olto

171 3787 268 3872 potiri
298 3785 438 3872 potuerit
468 3782 602 3866 pecunia
631 3799 742 3844 eornm
770 3767 1038 3866 magistratuum,
1071 3781 1124 3866 qui
1151 3789 1361 3850 cccccccccc

171 3890 271 3955 creari
293 3895 387 3953 ιιιυιιι
409 3887 515 3964 (leniti,
541 3907 602 3951 non
626 3888 790 3973 cogitavit.
828 3885 863 3950 Si
886 3889 957 3970 quis
976 3884 1074 3978 tulpm
1094 3887 1258 3954 hominem
1276 3891 1359 3957 nihil

154 3993 313 4084 'cogitare
336 3994 471 4076 diceret,
495 4012 597 4057 nonne
620 3992 783 4056 verissime
808 3988 946 4055 diceret?

217 4101 411 4166 Ferebantnr
434 4104 541 4163 tumen
564 4095 642 4161 tolia
661 4098 695 4160 in
718 4095 824 4173 libris,
849 4096 964 4181 quibus
988 4096 1073 4162 docti
1097 4101 1268 4183 antiquarii
1287 4105 1358 4166 tum

171 4208 353 4280 utebantur.

217 4445 298 4534 Pag.
332 4441 408 4512 703.
441 4441 494 4512 19.
524 4441 646 4514 cresce
676 4441 847 4519 Εὐκτήμων
864 4477 905 4488 -
925 4437 1062 4516 διεξῆλθε
1098 4441 1169 4524 πρὸς
1206 4443 1288 4524 ὑμᾶς
1318 4451 1357 4524 ὥς
