3392 5186
895 287 960 358 844

328 481 504 566 supersunt.
552 477 683 562 Ειιίίριί.
705 501 738 566 p.
764 477 842 546 283.
867 497 894 548 o.
918 479 1177 565 προσεπαισάτην.
1226 481 1357 549 Ρίαεοίσ.
1386 477 1463 548 265.
1488 497 1518 548 o.

329 584 600 665 essecestram,
631 585 689 651 uhi
717 586 883 654 Hermius:
916 589 985 657 οίνπὶ
1018 591 1071 655 τοῦ
1104 585 1404 674 (προσ)επαίξαμεν,
1429 591 1460 653 et
1483 588 1519 652 in

327 692 503 791 ltpinomide
523 711 595 778 pag.
622 689 697 756 380.
724 711 754 757 Β.
775 694 856 765 θεοὺς
881 696 1204 778 προσπαίσανπι,
1228 694 1287 759 ubi
1305 693 1516 760 Scholiastes:

328 798 621 879 προσπαίξανπιτ
645 797 714 863 cleri
740 804 791 866 τοῦ
814 799 834 878 ξ
856 800 891 865 τὸ
915 803 977 868 σοί
998 801 1150 878 Ἀττικοί,
1173 805 1211 866 ut
1231 799 1381 867 Timaeus
1404 811 1518 881 Προσ-

326 903 494 971 ίπαισεε
527 903 730 990 προσέπαιξε,
761 908 803 988 τῷ
833 932 853 972 σ
883 909 952 975 dccl
982 913 1035 974 τοῦ
1067 907 1087 984 ξ
1113 909 1278 989 ἐχρήσατο.
1339 906 1519 973 Emendate

326 1010 421 1078 lectio
451 1013 550 1078 evasit
574 1016 608 1078 et
628 1014 663 1076 in
687 1013 814 1094 Lepidus
834 1035 908 1102 pag.
935 1012 1011 1081 769.
1035 1032 1067 1080 A.
1092 1020 1193 1087 καλῶς
1219 1012 1317 1079 τοίνυν
1340 1011 1378 1077 ίαν
1402 1016 1474 1090 ἡμῖν
1500 1015 1518 1088 ἦ

327 1118 507 1198 πρεσβυτῶν
528 1115 684 1200 ἐμφρόνων
703 1117 816 1185 παιδιὰ
835 1121 929 1203 μέχρι
951 1121 1030 1203 δεῦρ’
1051 1118 1096 1198 sle
1116 1120 1160 1186 τίς
1176 1123 1226 1185 νῦν
1239 1117 1518 1198 διαπεπΛΙΟμένιρ.

327 1223 414 1290 Hine
433 1223 559 1292 παιτέον
583 1223 791 1290 Athenienses
813 1226 970 1294 dicebant.
1016 1225 1110 1294 Plato
1134 1223 1284 1292 Comicus
1303 1226 1421 1292 Athen.
1443 1246 1518 1313 pag.

329 1327 405 1394 666.
437 1347 470 1395 u.
495 1330 569 1393 αλλ’
593 1329 636 1402 είς
667 1329 768 1395 θυείαν
799 1332 983 1412 παιςίον,
1016 1338 1048 1398 et
1071 1337 1305 1414 ψηφοπαιςεῑν,
1329 1352 1406 1396 nem
1428 1329 1521 1396 nulls

328 1441 376 1502 est
407 1435 565 1500 dubitatio
589 1437 667 1520 quin
688 1435 802 1524 Lysias
826 1438 912 1524 apud
933 1437 1100 1506 Pollucem
1124 1438 1194 1504 VII.
1219 1435 1297 1504 200.
1317 1438 1435 1503 dixerit
1457 1442 1521 1514 ψνι-

327 1545 517 1624 φοπαιτοῦσι
542 1542 575 1607 τί
600 1540 713 1608 δίκαιον
723 1565 742 1620 ·,
762 1565 818 1629 pro
836 1545 972 1634 vulgata
991 1547 1273 1626 ψηφοπαιΚποῡσι,
1295 1543 1379 1629 quod
1400 1543 1521 1608 scribae

328 1649 362 1714 ἐκ
392 1655 446 1724 τῆς
478 1646 635 1721 συνηθείας
668 1649 901 1717 substituerunt
959 1650 1067 1716 Solent
1094 1653 1180 1716 enim
1204 1651 1238 1714 in
1261 1648 1380 1716 talibus
1405 1646 1520 1715 Graeci

327 1753 499 1842 diligenter
524 1755 585 1819 sibi
609 1760 750 1822 constare
773 1762 806 1824 et
828 1756 990 1823 Homerus
1012 1761 1045 1822 et
1068 1757 1277 1822 Athenienses
1300 1759 1373 1820 ante
1398 1773 1517 1820 omnes.

327 1860 541 1941 Quamobrem
564 1862 663 1926 miror
684 1860 922 1929 Hemsterhusii
944 1864 1102 1930 iudicium
1126 1864 1165 1929 ad
1188 1862 1347 1946 Aristoph.
1394 1861 1517 1924 Plutum

328 1987 375 2034 rs.
403 1963 489 2031 1056
513 1968 560 2031 its
581 1967 765 2032 scribentis:
791 1969 968 2051 „discrimen
986 1971 1082 2050 (inter
1102 1978 1215 2035 παῖσαι
1235 1972 1268 2033 et
1287 1965 1413 2054 παῖξαι)
1435 1986 1519 2047 saepe

329 2079 426 2138 tamen
456 2095 476 2136 α
506 2073 643 2136 librariis
674 2073 708 2136 ιὀι
737 2073 860 2140 Plutone
882 2080 1040 2162 ceterisque
1061 2074 1254 2158 ισνίριίονίόιιι
1276 2072 1388 2138 Atticis
1407 2071 1518 2152 περίεσ-

329 2185 410 2256 ίυννις
440 2178 468 2242 σι’
496 2183 579 2244 modo
600 2179 781 2262 persuaderi
810 2181 893 2244 cobis
908 2181 1045 2265 patimur
1067 2189 1177 2246 σείσατο
1199 2179 1233 2242 in
1255 2179 1309 2242 tac
1321 2177 1431 2264 ferme
1444 2176 1517 2260 fre-

329 2285 498 2372 ριιειιίανοιία
529 2292 589 2348 tem
610 2285 717 2369 sciere
747 2285 928 2367 celtenses?
973 2285 1009 2352 Si
1035 2285 1229 2372 quisalius,
1253 2282 1516 2349 Hemsterhusius

329 2391 448 2458 sciebat
478 2397 597 2476 quanta
625 2396 707 2458 esset
737 2391 985 2459 Atheniensibus
1014 2393 1201 2478 praesertim
1232 2394 1266 2457 in
1299 2389 1425 2456 dicendi
1458 2407 1516 2453 usu

327 2498 428 2576 etiam
457 2497 492 2561 in
522 2498 669 2562 minimis
692 2500 874 2565 constantia.
923 2497 1034 2585 Itaque
1057 2521 1141 2565 nunc
1164 2519 1203 2564 ex
1224 2497 1322 2564 huius
1344 2498 1392 2563 rei
1414 2496 1516 2562 obser·

327 2604 454 2669 votione
476 2605 570 2669 vetus
592 2603 746 2668 mendum
769 2605 880 2671 eedem
903 2625 997 2692 opere
1019 2611 1052 2672 et
1074 2627 1113 2672 ox
1135 2605 1278 2671 Homero
1297 2601 1405 2668 eluem
1426 2605 1457 2667 et
1477 2621 1517 2666 ex

327 2707 548 2793 Aristophane.
612 2709 742 2776 Faciam
777 2733 796 2778 e
830 2709 961 2779 Oomieo
995 2713 1138 2778 initium.
1201 2711 1318 2777 Editur
1350 2710 1386 2774 in
1419 2707 1516 2772 Ιίοιιίσ

329 2833 375 2882 rs.
402 2811 478 2879 335.

558 2923 795 2994 revenerare
825 2926 1144 3005 φιλοπαίγμονα
1175 2922 1289 3004 τιμοίν,
1377 2923 1380 2928 ’

328 3026 382 3096 sed
405 3047 468 3094 non
488 3027 533 3094 sie
551 3028 759 3098 Athenienses
776 3032 1003 3119 loquebantur,
1026 3053 1104 3119 quos
1123 3037 1156 3099 et
1175 3027 1322 3119 analogio
1341 3032 1373 3096 st
1392 3027 1515 3094 dioendi

327 3155 404 3200 usus
427 3133 664 3214 φιλοπαίσμονα
685 3139 817 3205 iubebat
840 3139 959 3216 dicere,
985 3140 1103 3205 scribas
1125 3159 1201 3205 vero
1224 3158 1320 3204 suum
1344 3134 1515 3218 φιλοπαίγ-

327 3265 391 3322 μιον
424 3241 616 3308 substituere
637 3247 709 3328 post
731 3247 780 3309 tot
803 3245 947 3330 exempla
970 3264 1064 3310 nemo
1085 3245 1265 3310 mirabitur.
1312 3242 1349 3307 In
1371 3240 1514 3308 Platonis

330 3349 447 3435 Orctplo
471 3369 501 3433 p.
527 3347 603 3415 406.
628 3365 655 3414 ο.
679 3355 752 3416 ante
770 3349 955 3417 Bekherum
974 3350 1157 3438 legebatur:
1178 3348 1428 3432 φιλοπαίσμονες
1451 3346 1512 3426 γὰρ

329 3452 381 3519 καί
413 3455 439 3520 ιί
471 3453 544 3531 θεοί,
576 3453 741 3520 Belrkerus
772 3477 811 3523 ex
834 3459 966 3542 optimis
988 3455 1079 3522 libris
1101 3457 1248 3522 Atticum
1271 3453 1515 3538 φιλοπαίσμονες

327 3563 500 3628 revocarit.
547 3561 668 3627 Eodem
690 3562 786 3628 modo
809 3566 843 3628 in
867 3563 1032 3650 Republica
1054 3584 1129 3651 pag.
1154 3561 1229 3627 452.
1253 3581 1283 3628 r.
1306 3564 1340 3625 in
1359 3560 1516 3648 plerisque

328 3671 394 3732 est:
425 3665 488 3731 είτε
519 3689 565 3740 τις
597 3668 823 3749 φιλοπαίγμιιν
857 3668 920 3734 stes
947 3667 1164 3746 σπουδαςιιιίς,
1190 3667 1245 3734 sed
1267 3688 1351 3733 unus
1373 3669 1517 3733 omnium

328 3776 524 3840 certissimus
547 3776 639 3840 testis
660 3774 826 3842 Parisinus
841 3793 881 3842 A.
928 3777 1071 3842 Atticam
1094 3779 1126 3841 et
1149 3774 1281 3860 probam
1301 3773 1438 3839 formem
1457 3792 1517 3837 ser

326 3882 417 3947 ravit
449 3900 523 3946 num
548 3880 608 3946 heo
632 3884 850 3949 annotatione:
883 3882 1182 3965 φιλοπαίσμων
1215 3879 1366 3953 Ἀττικῶς
1391 3877 1405 3942 ί
1429 3883 1516 3962 φιλο·

327 3986 487 4063 παίγμων.
534 3984 645 4072 Itaque
668 3992 700 4053 ot
723 3988 929 4074 Aristophani
952 3985 1119 4067 σίττιαίζειν
1141 3985 1237 4052 licere
1261 3989 1394 4071 oportet.

371 4089 533 4158 Homerus
554 4093 656 4179 igitur
678 4095 712 4159 in
735 4115 773 4161 se
794 4115 919 4182 qnoque
940 4117 974 4162 ro
997 4089 1160 4173 αππιαίζον
1180 4091 1272 4178 plene
1289 4093 1374 4158 idem
1397 4092 1515 4158 vitium

328 4200 481 4284 concepit.
505 4195 613 4264 Semel
630 4201 720 4266 verbi
737 4201 859 4283 παίζειν
876 4203 992 4267 soristo
1005 4221 1081 4266 usus
1094 4198 1206 4286 Odyss.
1223 4207 1261 4263 θ.
1271 4196 1347 4264 251.
1360 4199 1407 4264 ite
1419 4198 1514 4264 dixit:

513 4303 669 4383 παίσατε,
692 4303 729 4380 ίίς
753 4309 789 4388 χ’
811 4308 824 4372 ὁ
849 4305 942 4384 ξεῖνος
967 4307 1074 4388 ἐνίσπῃ
1097 4313 1168 4372 τοῖσι
1191 4304 1323 4387 φίλοισι.

327 4407 385 4477 ubi
403 4406 607 4478 scholiastes:
628 4411 811 4478 παίσαπεῐ
831 4413 982 4486 Ἀττικῶς
1003 4411 1073 4479 οίνπί
1094 4416 1147 4479 τοῦ
1168 4409 1321 4490 παίξατε,
1341 4415 1372 4477 et
1389 4408 1514 4477 Suides:
