3232 5176
669 371 711 446 75

105 565 160 626 test
178 562 367 630 alterutrum
388 567 513 641 omitti,
535 565 599 631 diei
617 571 721 650 potest
738 566 841 638 ἄλλας
861 570 944 642 τινας
964 561 1068 642 πόλεις
1079 619 1088 647 ,
1108 567 1163 635 sed
1182 569 1287 642 ἄλλας

106 667 201 746 ἐτέρας
226 669 330 740 πόλεις
355 670 419 735 diei
440 691 502 735 non
525 677 638 754 potest.

145 773 214 840 Soio
243 797 295 840 me
319 776 397 842 haee
420 777 610 842 scribentem
634 778 858 866 pervulgatam
882 781 1080 846 eruditorum
1104 784 1286 867 opinionem

105 901 155 963 pro
183 881 283 948 nihilo
312 883 425 948 dooere
457 883 569 948 videri.
616 885 703 949 Audi
733 884 937 950 Sohaeferum
971 888 1011 952 ad
1050 887 1081 951 h.
1107 888 1149 952 l.:
1183 887 1287 962 ἄλλας

105 988 220 1066 ἑτέραςε
246 988 379 1064 „idioma
402 989 463 1051 oiri
486 990 564 1053 docti
587 991 727 1073 exemplis
749 992 794 1054 ita
817 996 1033 1076 confirmarunt
1056 1017 1137 1058 nemo
1157 1002 1190 1058 at
1210 1003 1288 1058 recte

104 1099 142 1156 eie
163 1093 223 1158 diei
244 1115 323 1156 οιανοο
351 1093 494 1158 dubitet.'’
528 1093 618 1159 Unus
648 1103 696 1160 est
725 1100 775 1161 vir
805 1098 932 1175 doetus,
957 1099 1013 1163 sed
1034 1103 1178 1164 omnium
1201 1103 1286 1185 prin-

106 1218 190 1282 ceps,
226 1201 281 1284 qui
305 1201 413 1264 omnia
436 1205 581 1264 veterum
604 1202 786 1266 testimonia
809 1202 956 1290 collegit,
989 1204 1146 1270 Porsonus
1170 1205 1288 1288 (Tracta

106 1323 172 1390 pag.
196 1304 283 1384 200).
328 1304 477 1370 Primum
508 1303 641 1372 Suidam
664 1307 799 1391 protulit
827 1311 952 1374 nescius
976 1309 1060 1374 Aelii
1083 1310 1232 1397 Dionysii
1256 1312 1286 1374 ἐν

107 1419 162 1480 τοῖς
194 1413 344 1482 ’λττικοῖς
381 1411 548 1486 Ὀνόμασιν
587 1411 668 1477 hano
695 1417 766 1478 'esse
801 1414 1053 1480 observationem
1084 1439 1115 1480 v.
1159 1417 1284 1482 ”Aeno

109 1513 234 1596 ἕτερον
257 1517 292 1580 ἐκ
315 1519 519 1595 παραλλήλου
544 1516 685 1594 λέγουσιν
718 1517 757 1604 (οἱ
784 1517 947 1602 Ἀττικοί).
983 1520 1154 1600 Μένανδρος
1180 1522 1284 1604 Mtte·

545 1618 601 1688 εἶτ’
626 1625 678 1687 οὐκ
703 1619 787 1703 εἶχεν
810 1627 843 1689 οὐ
869 1630 946 1705 nep,
971 1628 1004 1690 οὐ
1028 1627 1127 1704 λίθον,

369 1731 422 1792 οὐκ
446 1725 520 1792 ἄλλ’
545 1729 640 1792 ὁτιοῦν
665 1725 779 1808 ἕτεροις

150 1831 264 1912 Κράτης
288 1835 448 1904 Παιδιαῖς·

148 1947 207 2012 τοῖς
229 1940 261 2002 δὲ
283 1941 449 2020 τραγῳδοῖς
473 1937 570 2019 ἕτερος
594 1945 703 2016 σεμνὸς
729 1946 824 2007 πᾶσιν
848 1943 940 2020 λόγος
963 1941 1060 2017 ἄλλος
1085 1943 1131 2009 ὅδ’
1153 1947 1226 2014 ε’ςίν.

149 2043 308 2110 Drimium
335 2046 394 2112 hoe
418 2048 639 2111 testimonium
669 2053 717 2112 est
738 2048 912 2133 pereruditi
936 2050 1115 2127 οὶττιαιτοῦ,
1141 2053 1196 2135 qui
1219 2055 1287 2136 ipse

110 2145 235 2214 Cratetis
257 2149 381 2216 fabulas
406 2157 438 2216 et
460 2151 630 2222 Menandri
653 2153 763 2219 sedulo
785 2153 999 2231 lectitaverat,
1026 2156 1080 2218 sed
1104 2156 1178 2222 ride
1201 2157 1284 2220 mihi

110 2274 145 2318 aa
166 2276 202 2320 ex
230 2257 279 2320 his
311 2253 515 2322 Oomieornm
546 2256 625 2322 loeis
655 2263 739 2322 reete
771 2256 942 2345 colligatur
975 2260 1004 2322 ἕν
1028 2258 1144 2332 ἄλλαις
1168 2260 1283 2339 ἑτέραις

110 2360 222 2424 τόλεοιν
251 2362 416 2428 commode
447 2362 511 2426 diei
544 2364 695 2446 potuisse.
741 2363 876 2428 Interest
899 2364 1021 2449 aliquid
1043 2368 1127 2432 inter
1149 2365 1230 2432 ἄλλο
1253 2372 1286 2432 et

110 2463 216 2546 ἕτερον,
239 2477 275 2532 ut
297 2470 381 2534 inter
403 2469 492 2532 aliod
512 2473 544 2534 et
568 2469 725 2533 diversam.
763 2468 800 2532 In
823 2469 986 2554 Euripidis
1007 2470 1284 2554 tuperatione&

301 2575 433 2646 πολλοὺς
457 2572 549 2648 ἔτλην
572 2573 607 2650 δὴ
630 2575 780 2653 χὰτέρους
806 2572 921 2648 ἄλλους
946 2577 1061 2648 τόνους.

111 2677 164 2742 hoo
185 2679 258 2745 dioit
280 2679 420 2744 Theseus
442 2681 549 2743 multoe
570 2701 601 2743 aa
623 2681 700 2744 aliea
722 2687 750 2744 et
781 2682 892 2746 diversi
918 2684 1037 2762 penaria
1060 2684 1174 2748 labores
1197 2707 1286 2748 ιααα-

113 2784 197 2848 auae.
232 2783 284 2850 Sia
307 2787 409 2872 igitur
429 2785 603 2850 Menander
626 2805 749 2870 quoque
772 2787 871 2850 dixit:
898 2810 959 2863 „aa
983 2789 1078 2869 iqitar
1093 2812 1152 2852 αοα
1171 2789 1285 2870 ν’ριιοοο,

114 2911 163 2954 λιιι
184 2892 325 2976 lapidem,
348 2913 441 2976 aeque
468 2892 628 2976 quidquam
651 2891 740 2954 aliod
761 2893 873 2956 diversi
891 2894 1010 2972 ριαιιιο
1032 2894 1199 2958 tutatast
1223 2915 1286 2981 quo

115 3015 142 3058 se
165 2996 339 3063 defenderet
368 2996 500 3062 seilicet.
547 2995 601 3062 Sic
633 3003 665 3062 et
695 2993 831 3062 Cratetis
859 2999 956 3064 verba
989 3001 1171 3084 accipienda
1194 3006 1285 3064 sunt:

117 3101 228 3174 „eatena
249 3103 336 3166 aiam
360 3103 449 3166 aliod
469 3102 581 3166 diversi
599 3103 718 3182 qaaerit
744 3103 861 3184 Τοαρὶοο
883 3126 979 3168 amaea
999 3107 1077 3190 quod
1095 3129 1157 3168 οιιοιι
1182 3129 1288 3188 empna

112 3208 245 3282 ριοιὲιοιο
267 3207 399 3272 dieaat.”
445 3207 565 3274 Deinde
588 3208 671 3293 quod
698 3207 856 3274 Personae
883 3210 1104 3294 Aristophanis
1128 3211 1287 3300 fragmen·

51 3340 54 3346 ·
115 3315 175 3376 tum
196 3314 303 3380 attulit
326 3337 365 3380 ex
389 3315 551 3380 Athenaeo
576 3334 650 3402 pag.
678 3312 753 3380 117.
778 3332 804 3379 o.

324 3419 411 3484 ἄλλα
435 3419 465 3484 δὲ
490 3421 603 3484 τοιαῦθ’
629 3418 717 3498 ἕτερα
741 3420 822 3499 μόρι’
846 3421 1032 3501 ἐκιχλίζετο.

116 3529 281 3592 memineris
307 3526 422 3590 τοιαῦθ’
443 3521 532 3604 ἕτερα
552 3523 729 3612 significare
750 3521 838 3600 ὅμοια
855 3527 907 3589 καὶ
928 3528 1135 3606 παραπλήσιοι
1156 3529 1284 3604 τούτοις,

115 3631 168 3692 alio
196 3641 327 3696 sescenta
358 3649 585 3696 auroseuraoor.
634 3630 777 3715 Denique
800 3630 907 3696 loeum
937 3619 1160 3698 Demosthenis
1183 3655 1285 3698 unum

116 3739 142 3798 et
157 3757 250 3802 unum
268 3737 411 3802 Platonis
429 3739 588 3822 expromit
607 3743 793 3821 corruptum
810 3743 999 3822 utrumque,
1018 3738 1075 3803 uhi
1092 3739 1181 3803 ἄλλα
1198 3737 1287 3819 ἕτερα

115 3859 162 3922 pro
182 3841 252 3907 ἄλλ’
272 3841 355 3908 ἅττα
377 3845 533 3927 seriptum
557 3847 614 3906 est.
650 3841 763 3906 Restat
783 3842 916 3927 deniqne
939 3842 1163 3909 Demosthenis
1181 3844 1287 3929 loeus,

115 3964 167 4026 quo
187 3947 223 4013 de
245 3951 390 4036 agimus,
421 3969 522 4032 neque
549 3947 642 4033 plura
668 3969 765 4032 quam
790 3948 866 4012 haee
890 3948 975 4033 apud
998 3939 1288 4035 Graecos'seripto·

114 4069 156 4114 res
177 4058 382 4138 reperiuntur.
430 4052 539 4138 Itaque
571 4055 721 4138 quoniam
755 4053 784 4115 ἒν
810 4050 924 4122 ἄλλαις
958 4051 1073 4132 ἑτέραις
1106 4054 1230 4120 ιιόλειιν
1255 4056 1288 4119 ia

115 4155 177 4220 aliia
204 4160 373 4224 civitatibus
407 4160 519 4224 diversi
543 4165 661 4241 penaria
691 4158 873 4246 significans
901 4161 940 4224 ab
970 4159 1110 4226 Oratoris
1132 4163 1288 4228 sententia

116 4259 263 4343 abhorret,
288 4265 446 4351 reliquum
471 4270 519 4331 est
542 4271 579 4330 ut
602 4269 791 4350 scripturam
815 4264 896 4330 hane
919 4266 1104 4331 mendosam
1135 4287 1201 4332 esse
1226 4272 1287 4332 sta

116 4373 230 4434 tuamus
259 4379 290 4437 et
317 4372 491 4438 habeamus
514 4391 569 4455 pro
592 4375 677 4436 certo
699 4368 797 4441 dahac
820 4365 938 4448 ἕτερος,
964 4367 1045 4435 ἄλλο
1069 4371 1165 4436 ὁτιοῦν
1189 4368 1286 4453 ἕτερον

118 4477 143 4534 et
162 4475 275 4541 similia
297 4497 472 4564 numquam
498 4481 532 4543 ὲκ
557 4479 760 4556 παραλλήλου
783 4476 868 4541 dieta
891 4476 999 4542 tuisse.
