3208 5158
890 361 954 431 176

328 549 360 616 8.
408 551 520 624 άκεάασ
545 552 575 615 ἐν
597 558 771 636 νῆιφυγῆι
795 549 947 629 συντάξαι
970 549 1078 642 ababa
1103 551 1188 618 κατά
1213 557 1273 618 σῶν
1298 552 1418 640 λυκιάρ)

328 655 358 721 9.
407 681 463 734 you
487 655 593 734 νάμων.

372 762 408 828 In
438 763 488 828 his
518 761 643 830 Codicis
671 767 752 830 vitia
775 769 850 830 sunt
872 765 988 842 άνὶδας
1011 785 1068 851 pro
1092 762 1266 841 Ἀγιάδας,
1292 771 1325 830 et
1347 764 1501 846 εὔράσσδας

328 907 369 918 -
391 871 555 949 εὐρυπυδῶν
574 890 632 955 pro
650 870 886 950 Εὐρυπωντίδας
907 907 950 918 -
971 871 1217 951 Εὐρυπωντιδῶν.
1240 891 1316 936 nam
1335 875 1379 938 sic
1399 871 1501 951 Ἀγιά-

325 976 380 1046 δας
413 981 445 1040 et
474 976 707 1053 Εὐρυσωντιδιις
738 975 965 1061 Spartanorum
992 975 1097 1064 Reges
1125 975 1301 1062 appellatos
1323 977 1417 1044 luisse
1438 979 1501 1044 dili-

324 1085 436 1167 genter
458 1083 654 1148 ostendimus
673 1085 708 1147 in
728 1083 871 1147 Μασννοι.
899 1079 990 1146 1860
1013 1101 1087 1168 pag.
1113 1079 1179 1146 292
1203 1103 1270 1166 sqq.

372 1185 408 1251 In
440 1189 571 1252 caeteris
602 1187 748 1252 indicabo
779 1207 816 1252 ea
846 1186 902 1250 ubi
926 1175 950 1250 a¹
965 1185 1115 1251 Krameri
1136 1185 1272 1252 leetions
1294 1187 1500 1273 supplementa

325 1295 398 1358 mea
417 1292 606 1378 discrepent.
629 1313 677 1358 vs.
699 1292 730 1357 3.
750 1291 903 1356 Kramer:
924 1289 993 1364 τοὺς
1012 1291 1069 1368 μὲν
1082 1291 1157 1376 (γάρ
1169 1291 1366 1376 decuesibus
1379 1294 1498 1366 δικαίως.

327 1397 513 1467 Δυναςεύειν
545 1399 664 1464 dicitur
693 1399 731 1464 de
761 1397 914 1480 impotenti
942 1397 1158 1474 άσνιὲινωννυινσ,
1190 1400 1299 1483 itaque
1322 1399 1498 1477 βασιλεῦσαι

325 1503 447 1577 δικαίως
483 1504 645 1570 substitui.
692 1501 850 1570 Continuo
884 1506 1028 1589 sequitur
1060 1503 1244 1570 δυναςεῦσαι
1281 1525 1319 1570 ea
1354 1525 1415 1591 qua
1442 1507 1499 1572 diri

325 1607 566 1696 significatione.

370 1714 423 1779 Vs.
450 1713 482 1780 6.
530 1714 588 1780 Kr.
612 1719 707 1780 πᾶσιν
726 1713 918 1795 άσσδιδστα(ι
943 1713 1099 1802 slaswic).
1125 1715 1232 1780 addidi
1251 1715 1423 1783 articulum
1446 1727 1498 1790 ταῖς

327 1821 466 1891 cinerata.
869 1901 875 1911 ι

368 1924 422 1989 Vs.
460 1921 491 1990 7.
548 1926 606 1990 Kr.
651 1923 836 2009 ἐκπεσόν(τα
851 1971 1018 1990 ........
1054 1927 1124 2010 τῆς)
1160 1925 1284 2000 οἰκείας.
1343 1927 1497 2014 supplevi:

328 2029 498 2094 ἐκπεσόντα
522 2030 632 2102 άδίκως
655 2032 690 2095 ἐκ
713 2038 768 2104 τῆς
794 2031 917 2103 αἰκείας.

370 2136 425 2202 Vs.
452 2135 484 2201 8.
531 2135 588 2202 Kr.
613 2136 764 2214 συντάξαι
788 2135 893 2216 λόγων
917 2136 1002 2201 κατά
1021 2141 1074 2202 σοῦ
1094 2137 1306 2217 Λυκσάω)ννν,
1330 2138 1423 2216 νάμων
1440 2141 1496 2204 ari.

325 2242 407 2322 Quia
424 2263 487 2308 non
505 2241 693 2330 Lycurgum
711 2241 896 2307 insimulare
914 2249 1054 2328 poterat,
1073 2245 1128 2310 sed
1146 2243 1290 2332 Lycurgi
1309 2244 1416 2332 leges,
1434 2265 1498 2329 sup·

324 2347 430 2434 plevi:
456 2347 543 2424 λάγσι
567 2349 652 2413 κατὰ
677 2354 736 2413 τῶν
758 2347 936 2427 Λυκούργου
961 2349 1065 2426 νόμων.

370 2453 531 2519 Ultimum
554 2452 617 2518 loci
641 2460 765 2539 partem
788 2475 851 2519 non
874 2454 1015 2540 expedio.

370 2558 537 2624 Praeterea
563 2559 751 2624 manifestus
774 2579 859 2624 error
880 2561 914 2623 in
937 2561 1044 2626 verbis
1067 2560 1249 2626 Haerentes
1273 2566 1331 2626 τῶν
1353 2562 1498 2639 Εὐρυπων-

326 2664 429 2738 τιδῶν,
462 2667 537 2749 quia
566 2670 688 2729 certum
720 2671 767 2731 est
797 2671 855 2729 σῶν
886 2665 1042 2742 Ἀγιαδῶν
1077 2688 1151 2732 enm
1186 2665 1300 2744 fuisse,
1337 2669 1381 2732 sic
1412 2666 1499 2733 eximi

325 2791 415 2856 posse
438 2771 565 2836 videtur
588 2775 624 2835 ut
645 2771 826 2836 retrahatur
848 2791 887 2835 ex
910 2770 988 2858 luge
1010 2774 1200 2857 praepositio
1223 2777 1255 2837 et
1274 2775 1322 2838 ita
1341 2774 1496 2838 scribatur:

325 2880 506 2941 Παυσανίαν
537 2901 572 2940 σε
605 2879 701 2941 ΙΤΠΟ
731 2883 789 2940 τῶν
813 2877 1048 2951 Εὐρυπωντιδῶν
1075 2877 1244 2942 ἐκπεσόντα
1268 2878 1377 2952 άδίκως
1401 2880 1432 2944 ἐκ
1452 2883 1497 2949 τῆς

326 2983 449 3054 oleatae.
504 2981 552 3046 De
593 2980 767 3048 Pausaniae
800 2982 921 3046 iudicio
955 2984 1148 3066 paucissima
1180 2987 1308 3048 tantum
1339 2986 1498 3049 memoriae

324 3088 450 3174 prodita
481 3092 565 3153 sunt.
597 3085 728 3153 Constat
758 3108 833 3153 eam
863 3088 897 3150 in
928 3081 1031 3171 priore
1053 3088 1172 3153 iudicio
1196 3089 1251 3153 vix
1276 3089 1452 3156 absolutum
1472 3091 1498 3152 et

324 3196 410 3282 regis
439 3194 553 3281 Agidis
584 3197 739 3259 sententia
767 3193 954 3258 damnatum
987 3212 1062 3258 esse.
1109 3177 1246 3257 Pausan.
1277 3193 1335 3258 ΙΙΙ.
1369 3195 1398 3260 5.
1422 3194 1498 3260 2.in

326 3300 461 3366 secundo
492 3300 654 3364 absentem
685 3299 930 3364 condemnatum
954 3301 1085 3364 vertisse
1107 3296 1222 3363 solum.
1270 3297 1415 3385 Xenopb.
1436 3297 1497 3362 liet

326 3408 384 3471 len.
416 3404 472 3469 III.
497 3403 527 3468 5.
552 3403 607 3468 25.
654 3403 818 3470 Plutarch.
845 3403 974 3484 tyrae.
1001 3403 1054 3468 50.
1100 3402 1236 3468 Pansam
1259 3403 1314 3468 III.
1343 3404 1372 3470 5.
1398 3404 1426 3470 6.
1466 3401 1497 3467 In

325 3513 385 3579 hoc
405 3509 501 3578 exilio
520 3510 670 3575 adversus
689 3510 832 3596 Lycurgi
850 3508 938 3595 leges
957 3512 1129 3574 orationem
1149 3511 1368 3594 conscripsisse
1387 3511 1496 3576 elicitur.

370 3721 450 3809 Pag.
486 3716 561 3782 369.
594 3713 648 3782 alt*
681 3718 694 3782 ά
721 3717 886 3797 Σαρωνικδς
911 3718 1039 3790 κάλπις·
1063 3717 1088 3782 ol
1113 3715 1144 3780 δὲ
1170 3714 1278 3779 πάντων
1303 3713 1442 3793 λέγουσιν
1464 3707 1496 3793 [oi

327 3826 359 3891 δὲ
389 3826 509 3907 σιάρσν],
542 3825 609 3886 καθ’
640 3819 653 3888 ὃ
682 3823 734 3888 καὶ
758 3823 899 3902 πέλαγος
924 3823 1054 3902 λέγεται
1079 3821 1258 3900 Σαρωνικόν.
1305 3821 1417 3886 Exime
1441 3834 1496 3880 em·

326 3932 433 3998 blema
456 3951 494 3996 ex
516 3929 734 4016 dittographia
756 3937 879 3995 natum.
922 3929 1071 3996 Refertur
1090 3932 1175 3994 enim
1195 3929 1262 3990 aet·
1284 3917 1298 3989 δ
1318 3924 1409 3991 adid
1427 3915 1496 4007 quod

326 4038 476 4103 continuo
503 4035 726 4120 praecedebat,
754 4039 862 4120 itaque
891 4036 1098 4100 manifestum
1131 4039 1179 4098 est
1209 4032 1319 4097 referri
1350 4030 1389 4097 ad
1418 4029 1441 4093 ιὶ
1471 4022 1496 4087 δὲ

326 4149 513 4208 ΠΟΝΤΟΝ
546 4138 708 4219 λέγουσιν,
740 4161 877 4226 namque
905 4140 965 4206 hac
996 4140 1034 4206 de
1058 4159 1151 4205 causa
1178 4140 1276 4204 etiam
1300 4135 1434 4211 πέλανος
1459 4129 1497 4194 di·

329 4248 468 4313 sebatur.

370 4351 491 4417 Deinde
519 4351 646 4438 supple:
678 4359 823 4418 καλεῖται
854 4351 885 4416 δὲ
918 4348 1098 4439 (OTTssC)
1130 4353 1194 4423 σιἰσ
1225 4350 1239 4414 ὃ
1271 4347 1428 4414 συνάσσων
1451 4337 1496 4404 σά·

329 4481 375 4539 ρσς
400 4458 465 4524 ari.
1368 4489 1373 4496 -
