3404 5192
883 315 948 396 296

528 505 602 585 οἰνον
625 519 859 600 ἔνοινοχοεῦντες
885 518 925 584 ἐνί
951 515 1090 602 χρυσίοις
1116 514 1291 584 δεπάεσσιν.

321 641 459 712 namque
488 627 680 712 praepositio
710 627 744 690 in
780 627 1053 706 ἐΝοιυοχοεῦντει
1087 625 1202 690 vitiose
1236 624 1377 691 abundat
1411 645 1513 710 neque

321 732 409 798 ullus
429 733 459 798 ei
477 731 566 799 locus
585 737 643 799 est.
667 731 726 798 nst
743 735 851 797 tamen
863 732 1097 811 ἕνοινοχοεῦυτει
1109 735 1259 815 pervetus
1269 730 1365 796 lectio
1377 729 1515 797 Alexan-

322 839 422 907 drina.
457 837 606 905 Scholion
628 843 677 904 cot
699 837 738 903 ad
763 847 801 903 A.
828 835 905 906 470.
932 839 1064 919 άρχοιίον
1088 834 1150 909 ἔίος
1174 837 1318 918 οἰνοχοεῖν
1339 837 1409 910 τοὺς
1429 835 1512 910 νέους

501 943 629 1027 οἰνοχόει
652 944 679 1008 δ’
703 941 765 1016 υἰδς
790 941 963 1009 Μενελάου.
988 945 1025 1028 (ο.
1051 942 1140 1029 141.)

457 1050 508 1117 ἔτί
534 1049 562 1115 δ’
587 1049 688 1130 άνέρεο
712 1048 810 1115 lodoci
833 1047 930 1128 ίροντο
955 1045 1029 1114 οἰνον
1052 1048 1333 1130 ἘΝοινοχοεῦντει.

321 1164 353 1226 et
375 1159 415 1226 ad
438 1168 463 1223 1.
490 1154 568 1224 470.
591 1155 715 1232 adonias
739 1152 815 1221 οἰίτυ
839 1154 946 1221 πολλοὶ
969 1153 1074 1234 λέγειν
1097 1154 1139 1236 τῷ
1163 1163 1273 1238 ποιητῇ

728 1259 920 1342 ποδάνιπτρα
945 1261 1051 1327 ποδῶν.

696 1362 771 1433 οίνον
792 1367 1077 1450 ’6Νοιυοχοεῦντες.

320 1477 441 1545 'I'amen
472 1475 548 1562 qnia
576 1475 768 1560 praepositio
798 1473 888 1540 nullo
921 1478 1015 1560 pacto
1049 1473 1179 1540 retineri
1210 1476 1315 1558 potest
1347 1471 1515 1540 Bekkerue

319 1585 463 1670 scripsit:

730 1693 832 1754 Ἑοῒνον
854 1691 1102 1772 Ἑοινοχοεῦντες,

321 1795 376 1862 sed
405 1793 547 1862 faciliore
578 1797 706 1882 negotio
737 1797 841 1860 sanari
871 1793 997 1859 malum
1021 1795 1066 1859 sic
1088 1796 1193 1879 poisat
1216 1803 1253 1858 ut
1274 1813 1384 1860 versus
1406 1789 1513 1858 multo

320 1899 516 1968 modulatior
539 1904 647 1977 exeat,
669 1918 803 1986 nempe:

541 2081 543 2088 ¹
728 2014 828 2073 Foivoc
850 2007 1093 2086 ἐτοινοχοεῦυτες.

321 2118 359 2179 ut
380 2111 510 2179 litemla
532 2138 547 2179 ε
570 2112 609 2178 de
632 2132 720 2179 more
747 2111 781 2177 τδ
803 2110 956 2191 δίγομμοι
979 2110 1162 2196 praecedat,
1187 2111 1281 2175 utin
1307 2109 1506 2189 ἰεεοδίμευοι,

321 2219 528 2299 ἰσεισάμενοι,
553 2221 628 2285 cim.

367 2324 403 2390 Si
426 2325 510 2411 quod
533 2330 581 2392 cst
604 2323 795 2392 vocabulum
819 2323 1009 2389 Homericae
1032 2322 1181 2410 linguae,
1204 2325 1238 2387 in
1257 2343 1320 2409 quo
1337 2342 1431 2388 nemo
1452 2321 1510 2387 du·

322 2430 406 2496 bitot
437 2431 471 2494 τδ
502 2430 654 2509 δίροιμμοι
688 2433 807 2506 inesse,
843 2429 982 2514 profecto
1016 2437 1117 2501 ῖοῖυος
1151 2429 1186 2493 id
1221 2433 1279 2494 est.
1325 2427 1391 2495 Sua
1423 2429 1510 2494 enim

321 2538 455 2622 quisque
484 2533 597 2622 lingua
627 2533 796 2600 vernacula
825 2533 915 2598 illios
945 2533 1094 2600 literulae
1124 2536 1159 2599 iu
1180 2535 1240 2599 boc
1262 2537 1391 2600 nomine
1414 2554 1511 2600 usum

320 2644 447 2708 retinet.
493 2641 537 2705 At
559 2639 611 2706 vel
634 2643 679 2706 sic
701 2645 811 2705 tamen
833 2641 868 2704 in
891 2639 949 2705 illo
971 2644 1129 2725 paccatur.
1177 2640 1267 2706 Iliad.
1294 2649 1331 2705 Η.
1357 2637 1434 2706 472.

534 2744 613 2810 ἰνίεν
636 2743 684 2826 άρ’
706 2743 844 2826 οἰνίζοντο
869 2744 945 2824 κάρη
969 2745 1138 2824 κομόωντες
1162 2746 1303 2828 Ἀχαιοί.

321 2873 384 2918 non
406 2856 456 2916 est
476 2856 585 2916 tamen
603 2849 671 2917 ulla
690 2851 848 2917 dubitatio
869 2854 946 2937 quin
967 2873 1080 2918 verum
1100 2853 1144 2917 eit
1162 2850 1356 2933 Ἑοινίζεσίοι.
1390 2851 1512 2931 Quam·

322 2978 418 3043 quam
440 2959 475 3021 in
497 2979 530 3022 rc
553 2963 639 3022 certa
660 2956 797 3023 testibus
819 2978 882 3024 non
906 2963 954 3024 est
977 2979 1073 3043 opus,
1097 2979 1200 3023 unum
1222 2962 1331 3024 tamen
1354 2959 1511 3024 disertum

320 3063 504 3150 producam.
530 3071 568 3128 Θ.
594 3061 669 3128 506.

633 3176 721 3235 τοίνυν
744 3168 775 3234 δὲ
798 3169 971 3250 μελίφρονα
994 3166 1157 3249 εοινίζεσίε.

321 3276 406 3362 quod
424 3296 486 3342 non
506 3276 614 3340 miuus
633 3279 681 3341 est
701 3275 829 3342 evidens
847 3277 1005 3342 indicium
1025 3297 1122 3361 quam
1141 3278 1176 3342 in
1196 3275 1377 3342 admirabili
1396 3293 1508 3345 versu:

485 3378 540 3447 ὧδέ
564 3381 622 3462 σφ’
646 3380 825 3464 corrosisse
847 3381 991 3464 χαμάδις
1013 3381 1069 3463 ῥέοι
1093 3385 1132 3456 εἰς
1157 3379 1210 3448 ita
1232 3390 1331 3454 σοίνος.

322 3488 406 3569 Quid
438 3489 543 3576 igitur
570 3485 744 3553 faciemus?
790 3484 920 3576 (logitcs
943 3489 981 3554 de
1004 3487 1199 3555 eliminanda
1220 3486 1378 3575 particula
1399 3485 1449 3567 ἄρ’
1472 3491 1511 3552 ui

320 3595 448 3684 legatur
479 3593 559 3660 ἕυίεν
589 3593 759 3676 εοινίζουτο,
789 3595 844 3660 sed
874 3587 976 3680 neque
1007 3615 1120 3660 suaves
1151 3601 1226 3660 sunt
1248 3597 1284 3662 hi
1304 3596 1431 3660 numeri
1453 3613 1510 3660 nec

320 3701 355 3766 τδ
379 3699 543 3766 άσιίυδετον
565 3705 651 3766 recte
674 3700 779 3766 habet.
826 3699 913 3788 Ergo
936 3700 1192 3766 emendabimus:

734 3803 792 3870 ἕνθ’
816 3802 877 3885 άροι
900 3804 1062 3887 σοιυίζοντο.

320 3917 359 3979 ut
377 3914 461 4000 apud
481 3911 659 3978 Homerum
681 3908 737 3976 ἔνι’
756 3908 819 3991 άροι
839 3913 1047 3977 tritissimum
1067 3915 1130 3976 est:
1149 3932 1251 3997 neque
1271 3912 1348 3978 adeo
1360 3911 1510 3979 adverbio

320 4016 399 4084 ἔνθεν
430 4041 514 4084 nunc
546 4023 594 4082 est
624 4017 722 4082 locus.
770 4016 876 4097 Quum
901 4019 1079 4103 antiquitus
1102 4023 1185 4082 esset
1208 4015 1263 4082 ἔνθ’
1287 4018 1347 4097 ope
1371 4018 1509 4100 οἰνίζοντο

319 4123 528 4190 intolerabilia
549 4123 722 4204 χυσμυδίοι
746 4123 873 4188 induxit
898 4121 1037 4209 aliquem
1062 4129 1101 4188 ut
1119 4121 1288 4211 uulgatum
1309 4128 1508 4210 supponeret.

366 4229 487 4295 lladem
511 4249 604 4314 opera
626 4250 673 4295 vs.
700 4226 777 4296 467.

502 4343 568 4411 νῆες
591 4335 615 4399 δ
640 4335 673 4400 ἐκ
697 4338 831 4415 Λήμνοιο
856 4335 1051 4417 aspiracio
1071 4333 1145 4403 οίνον
1168 4335 1313 4416 άγουσοοι.

318 4440 450 4510 restitue
481 4438 617 4506 Homeri
647 4441 794 4532 linguam
827 4443 1007 4509 scribendo:
1039 4443 1199 4527 πιιρέςΑΝ
1229 4451 1330 4510 Ὲοῒυον
1362 4439 1508 4522 ἄνουσοι.
