3208 5158
887 333 952 406 172

320 543 403 608 τερος
436 525 548 608 ὑπῆρξε
579 524 732 604 πθλεμος·
756 526 857 609 τρίτοι
883 526 915 592 δέ
938 525 990 592 καί
1014 524 1161 606 τέταρτον
1183 526 1315 602 rosiae!
1336 531 1447 608 φασιν,
1469 523 1499 590 έν

320 627 341 713 ᾧ
366 631 585 708 κατελύθησαν
606 633 719 704 τελέως
743 635 767 698 oi
787 635 964 710 Μεσσήνιοι.
999 632 1106 720 Negat
1124 631 1300 698 Kramertrs
1319 632 1497 699 Strabonem

319 741 479 825 scripsisse
510 737 647 810 Ἠλείους
678 744 711 804 et
741 745 891 824 suspirari
919 760 952 804 se
983 739 1062 804 dicit
1087 761 1158 822 „pro
1185 739 1323 812 Ἠλείους
1342 741 1497 827 antiquitas

318 845 461 928 ιονιροαοι
483 845 591 930 forare
620 843 804 925 Ἀρκάδας.”
840 843 1055 911 Oorreetiones
1088 844 1309 910 huiuscemodi
1342 865 1404 912 non
1430 851 1497 910 sunt

318 951 386 1017 ullo
417 951 514 1016 modo
536 950 768 1028 admittendae,
792 971 832 1016 ne
855 972 904 1016 ars
928 947 1047 1016 Oritioa
1069 951 1104 1014 in
1126 951 1375 1030 ματαιοτεχνίαν
1397 951 1495 1028 abeat,

318 1061 539 1143 praeterquam
561 1058 596 1120 in
618 1058 659 1120 iis
679 1055 770 1140 loeis,
792 1056 849 1121 ubi
866 1058 1070 1142 perspicuum
1089 1060 1122 1120 et
1139 1054 1274 1140 planum
1293 1061 1342 1122 est
1359 1056 1496 1122 laounam

317 1163 435 1230 veteris
465 1162 541 1227 libri
571 1182 589 1226 a
619 1159 715 1226 sciolo
749 1163 868 1246 inepta·
885 1181 952 1228 esse
983 1160 1163 1246 suppletam
1187 1161 1226 1226 do
1247 1181 1322 1242 su0;
1347 1165 1436 1228 euius
1456 1164 1495 1227 rei

319 1267 484 1353 complura
502 1265 648 1352 exempla
667 1287 706 1332 ex
724 1266 851 1333 Stobaei
871 1267 1033 1348 Florilepio
1051 1265 1255 1352 protulimus.
1288 1267 1326 1332 In
1345 1266 1495 1334 Strabonis

318 1373 387 1440 loco
418 1373 546 1439 nullum
576 1377 624 1437 est
658 1373 755 1438 huius
788 1369 908 1438 fraudis
940 1375 1127 1460 vestigium.
1174 1375 1315 1459 Apparet
1352 1373 1495 1456 Ἀρκάδας

319 1479 561 1547 commemorari
584 1477 712 1552 debere,
737 1477 791 1544 sed
817 1479 955 1550 Ἠλείους
974 1479 1154 1544 retinendos
1174 1499 1240 1544 esse
1261 1501 1380 1546 censeo.
1415 1479 1496 1560 Quod

320 1605 382 1670 quo
413 1583 540 1649 facilins
568 1583 699 1668 probem
721 1584 865 1650 refutabo
887 1587 1031 1670 primum
1053 1584 1199 1650 Krameri
1223 1591 1428 1673 argumetum
1449 1583 1494 1650 rel

319 1692 426 1776 potius
459 1693 572 1772 testes,
605 1707 682 1773 quos
705 1690 871 1774 produxit.
896 1690 1066 1756 destruam.
1110 1691 1249 1768 ,‚Etarim
1269 1693 1400 1776 (inquit)
1418 1691 1495 1756 Είωι

319 1795 566 1861 Lacedaemonios
583 1794 637 1858 tor
655 1795 718 1877 ι’ρεο
738 1796 813 1860 dello
832 1795 981 1860 adiuvisse
998 1800 1059 1878 ipae
1078 1802 1185 1859 μοικαί
1205 1818 1298 1878 repra
1316 1817 1389 1884 pag.
1411 1794 1494 1860 355?

320 1899 357 1966 Si
387 1899 447 1964 hoo
477 1919 590 1974 verum
617 1904 666 1964 est
688 1920 782 1965 eausa
805 1899 912 1966 oeeidi.
941 1897 1136 1967 ‘Audiamus
1159 1902 1397 1966 testimonium:
1421 1901 1493 1966 σννέ-

319 2004 442 2088 πραξαν
461 2003 492 2069 δέ
511 2004 563 2070 καὶ
584 2005 609 2070 oi
627 2002 863 2082 desideraturos
883 2007 958 2093 (τοῖς
972 2005 1115 2093 Ἠλείοις)
1129 2006 1493 2083 μετάτηνἘΕΧΑΤΗΝ

321 2113 497 2178 κατάλυσιν
525 2117 583 2176 τῶν
609 2111 790 2184 Μεσσηνίων
817 2113 1066 2192 συμμαχήσασαν
1091 2113 1208 2184 αὐτοῖς.
1235 2151 1276 2160 -
1301 2112 1355 2178 καί
1380 2114 1430 2178 ε’πί
1450 2137 1494 2178 το·

320 2218 426 2285 σοῦτθν
450 2241 489 2296 χε
514 2215 706 2299 συνέπραξαν
729 2214 787 2286 tiss
805 2217 861 2291 την
878 2219 984 2297 χώραν
1004 2213 1135 2282 άπασαν
1154 2218 1208 2291 την
1227 2217 1322 2298 μέχρι
1342 2221 1494 2292 Μεσσήνης

319 2326 448 2391 Ἠλείαν
479 2327 599 2405 ρἠθιῑνιιι
627 2323 681 2388 καὶ
715 2323 868 2400 διαμεῖναι
901 2324 994 2403 μέχρι
1026 2327 1094 2400 νῦν,
1127 2330 1269 2388 Πισατῶν
1299 2325 1329 2390 δὲ
1359 2362 1402 2374 -
1431 2323 1492 2400 μηδ’

319 2431 414 2510 θνομα
445 2432 617 2508 λειφθῆναι.
664 2427 749 2494 Satis
780 2433 828 2494 est
861 2449 1046 2515 componere
1081 2429 1187 2494 locum
1218 2428 1383 2496 Strabonis
1411 2448 1493 2515 supra

320 2535 514 2621 descriptum
545 2534 584 2600 de
607 2533 691 2600 bello
714 2541 832 2620 quarto,
857 2535 887 2599 ἐν
910 2531 931 2614 ᾦ
956 2535 1171 2607 κατελύθησαν
1193 2541 1306 2606 τελέως
1330 2537 1355 2601 σι’
1376 2537 1491 2606 Marri·

321 2665 391 2718 νιοι,
416 2645 454 2705 ut
476 2640 585 2706 rideas
608 2661 626 2704 a
649 2640 803 2708 Kramero
826 2641 976 2707 confundi
999 2646 1159 2726 tempora,
1185 2646 1217 2706 et
1240 2642 1323 2726 quod
1346 2644 1378 2706 iu
1401 2642 1492 2706 ιίθὶιιο

320 2746 404 2812 ballo
427 2745 548 2810 factum
571 2751 653 2811 esset
675 2747 715 2812 ad
737 2749 895 2812 earundem
918 2747 1035 2812 referri.
1058 2823 1063 2838 .
1084 2745 1245 2811 Ponamus
1267 2750 1408 2832 primum
1429 2745 1492 2811 dili-

320 2857 432 2940 genter
461 2854 559 2936 primi
588 2872 624 2917 aa
645 2853 774 2918 secundi
797 2853 875 2918 beili
897 2853 1029 2916 initium
1053 2873 1089 2917 aa
1111 2850 1218 2918 finam.
1267 2851 1413 2918 Primum
1435 2849 1492 2916 bsl·

319 2956 388 3022 lum
418 2963 582 3043 peractum
613 2963 661 3024 est
685 2955 745 3021 θτει
769 2957 875 3037 πράτιρ
899 2964 953 3030 τῆς
977 2955 1128 3038 τετάρτης
1151 2957 1203 3021 καί
1228 2959 1361 3033 δεκάτης
1385 2960 1492 3034 Ὀλυμ·

321 3059 426 3134 πιάδος
447 3060 595 3146 (Pansae.
613 3061 667 3126 IV.
690 3060 742 3126 13.
758 3061 801 3146 7.)
813 3067 943 3149 gestum
954 3083 1011 3148 per
1022 3083 1119 3128 annos
1130 3063 1204 3128 XX.
1215 3064 1301 3129 Audi
1314 3062 1490 3151 Tyrtaeum:

500 3167 605 3248 Ἀμφ“
629 3168 725 3241 αὐτην
751 3168 777 3233 δ’
802 3169 953 3250 ἐμάχοντ’
978 3166 1062 3232 ἐννέα
1085 3169 1138 3233 καί
1163 3167 1224 3233 δέκ’
1247 3166 1301 3244 έτη

456 3273 631 3352 νωλεμέως,
656 3273 716 3340 aiei
740 3277 960 3354 ταλασίφρονα
983 3275 1076 3351 θυμὸν
1096 3272 1220 3355 ἔχοντες

499 3378 658 3458 αἰχμηταὶ
683 3380 822 3460 πατέρων
846 3380 998 3460 ἡμετέρων
1021 3379 1163 3457 πατέρες.

456 3485 559 3564 ainerti
582 3484 610 3549 δ’
634 3485 660 3550 oi
683 3485 739 3563 μὲν
762 3483 848 3549 κατά
871 3485 962 3550 πίονα
986 3482 1064 3564 ἔργα
1086 3482 1228 3558 λιπόντες

496 3593 614 3671 Φεῦνον
638 3590 803 3668 Ἰθωμαίων
827 3591 861 3654 ἐκ
883 3589 1033 3668 μεγάλων
1057 3589 1154 3672 θρίων.

318 3698 385 3766 vid.
408 3695 544 3761 Pausan.
566 3694 620 3760 IV.
646 3695 700 3760 15.
727 3695 766 3780 2,
791 3701 823 3760 et
845 3694 898 3761 lv.
925 3695 977 3760 13.
1003 3694 1035 3759 6.

363 3803 480 3889 Erupit
498 3799 619 3866 bellum
638 3801 813 3866 seeundum
833 3801 894 3866 ἔτει
913 3802 1060 3882 τριακοτῷ
1080 3800 1133 3866 καί
1154 3798 1251 3880 ένάτω
1271 3801 1356 3877 μετά
1376 3799 1490 3876 Ἰθώμην

320 3909 450 3986 άλωσιν,
473 3908 610 3989 τετάρτῳ
636 3907 666 3972 δὲ
690 3917 745 3982 της
769 3907 871 3986 τρίτης
896 3907 1111 3981 Ὀλυμπιάδος
1137 3907 1189 3970 καὶ
1214 3907 1350 3984 rixosis,
1377 3909 1491 3971 auotore

319 4015 478 4082 Pausania
501 4012 567 4094 (IV.
590 4012 641 4078 15.
670 4015 729 4096 1.),
754 4034 816 4099 quo
840 4019 920 4079 teste
943 4013 1009 4098 (IV.
1034 4011 1088 4078 23.
1114 4011 1158 4096 4.)
1180 4013 1193 4076 θ
1214 4013 1349 4091 δεύτερος
1369 4009 1491 4082 τθλερως

319 4122 407 4189 τέλος
439 4120 532 4196 ἔσχεν
562 4117 623 4183 ἔτει
653 4119 759 4200 πρώτω
786 4129 842 4194 τῆς
867 4119 974 4196 tettae
999 4119 1112 4184 τεκαὶ
1137 4120 1254 4192 είκοςῆς
1278 4112 1488 4191 Ὀλυμπιάδος.

318 4225 410 4292 Nihil
440 4227 543 4311 igitur
571 4226 707 4310 impedit
738 4246 800 4311 quo
830 4227 938 4290 minus
969 4225 1133 4299 eradamus
1162 4222 1299 4294 Ἠλείους
1323 4225 1357 4286 in
1378 4215 1491 4285 ιαυιθι

318 4329 401 4396 bello
424 4327 656 4396 Messeniorum
680 4335 778 4397 socios
801 4333 835 4396 in
858 4337 963 4416 quarto
986 4351 1006 4395 a
1028 4328 1191 4416 Spartanis
1214 4330 1349 4394 stetisse.

364 4433 543 4503 Audiamus
565 4435 702 4502 alterum
724 4441 969 4524 argumentum:
993 4435 1165 4520 barretano
1183 4433 1384 4500 σσεσθίιοθαοι
1402 4421 1491 4492 itini
