3410 5180
755 365 821 436 505

238 557 318 651 Peg.
351 557 427 627 522.
462 557 517 626 25.
545 558 630 641 εἰπερ
662 561 781 636 αἰληόῶς
812 555 984 626 ἐπεπόνθειν
1009 564 1114 627 ταῦτα
1139 551 1162 626 όν
1185 558 1268 638 λέγω
1295 559 1382 632 δίκας

195 667 273 740 ἰδίας
305 691 356 745 μνι
379 674 526 748 προσῆκεν
550 667 635 748 αὐτῷ
658 675 789 751 λαχεῖν,
808 704 849 714 -
866 667 899 732 οὐ
922 667 972 745 μίν
996 666 1046 732 Δί
1070 666 1140 746 vixi
1165 665 1296 749 δημοσία
1320 664 1383 744 κρί-

195 799 254 840 νειν
286 775 405 860 [αὐτόν]
439 773 491 839 καί
523 773 649 852 τίμημα
679 773 809 851 ἐπαίρειν
841 769 874 853 ό,
904 797 933 838 τι
960 775 1020 854 χρὴ
1045 775 1154 840 παόεῖν
1181 773 1197 848 >i
1221 774 1381 838 uicerim.

194 879 257 945 Pro
287 880 382 945 αὐτόν
413 881 447 944 in
470 877 542 945 eliis
565 884 612 945 est
634 879 754 946 ἑαυτόν.
799 879 863 946 Sed
884 885 1058 967 utromque
1081 901 1121 946 ex
1142 879 1384 966 interpolatione
1473 920 1481 930 ·

193 991 306 1051 netum
328 1004 502 1072 pronomen
524 991 573 1050 eet
596 990 629 1051 et
652 985 886 1072 expellendum.

238 1092 316 1159 Post
338 1112 438 1178 peuce
462 1092 582 1158 editur:
609 1093 634 1158 εἰ
657 1093 702 1170 μη
726 1090 949 1172 προύβαλόμην
972 1093 1065 1158 αἰτόν
1085 1091 1162 1159 ἀλλ’
1184 1089 1383 1173 ἐδικαζόμην,

191 1199 397 1283 perspicuum
419 1203 468 1264 est
491 1197 735 1279 πριόβαιιλόμην
758 1200 853 1265 scribi
877 1205 1036 1286 oportere,
1060 1205 1093 1266 et
1112 1202 1224 1266 stetim
1243 1196 1383 1279 προβόλ-

192 1305 300 1370 λεπόαι
325 1307 401 1391 (11011
423 1304 650 1387 vocaretur)
672 1305 710 1384 μ’
733 1303 792 1370 ἔδει
816 1304 869 1370 καί
893 1307 965 1387 παρ’
990 1306 1076 1372 αὐτόν
1097 1305 1304 1385 τιίδικιίμαπα
1326 1303 1383 1378 τίρν

192 1412 339 1493 τιμωρίαν
372 1411 593 1478 ποιεῖσθαι.

239 1621 320 1711 Peg.
343 1621 421 1690 524.
439 1621 495 1691 27.
514 1623 567 1688 τόν
588 1622 728 1705 ἄρχοντα
741 1661 783 1674 ·-
795 1623 850 1690 ε’ίιν
874 1623 930 1703 μὲν
950 1622 1182 1707 ἕςεφανινμίννν
1201 1619 1383 1700 πατιίξΗΙΟ

195 1730 212 1805 ἢ
237 1735 338 1804 κακῶς
362 1729 484 1796 είπΗΙΟ
508 1727 634 1808 ι’ἰτιμνς,
659 1730 713 1796 ἒόιν
736 1730 767 1796 δὲ
792 1730 909 1806 ἰδιώτην
932 1731 994 1816 ἰδίμ
1018 1729 1169 1805 ὑπόδικος.
1207 1728 1243 1796 si
1261 1732 1384 1818 invom-

193 1835 287 1901 nibus
314 1839 359 1901 sie
389 1834 550 1924 legeretur
580 1843 687 1903 temen
711 1836 840 1919 πατιίξη
862 1845 933 1902 Tlc
958 1837 975 1913 ἢ
1000 1839 1101 1910 κακῶς
1125 1835 1195 1920 είπη
1221 1835 1383 1902 emendari

193 1943 393 2026 oportuisset.
440 1940 499 2008 Fet
533 1945 619 2008 enim
652 1943 778 2009 Atticae
812 1941 1003 2010 urbanitatis
1040 1949 1072 2008 ct
1104 1944 1316 2009 bumenitetis
1350 1946 1383 2008 et

193 2047 284 2112 credo
308 2050 453 2114 omnium

463 2154 611 2240 quidquid
633 2161 675 2220 cet
697 2155 846 2219 Ιιακίιικνα
869 2156 1089 2236 venustiorem,

192 2279 254 2324 non
273 2261 324 2325 uti
342 2258 402 2325 iile
419 2260 556 2326 secunde
574 2281 706 2346 persone
728 2263 762 2326 in
785 2283 819 2327 re
841 2263 928 2348 turpi
952 2283 987 2328 ec
1015 2261 1174 2350 flagitiose
1197 2266 1229 2326 et
1252 2261 1382 2326 omuino

193 2367 227 2430 in
254 2385 291 2430 ea
323 2385 403 2450 ques
433 2365 576 2432 dedecori
604 2368 648 2432 sit
677 2366 729 2432 illi
759 2369 891 2453 quicum
921 2370 1012 2454 qussi
1043 2367 1242 2454 colloqueris.
1288 2365 1382 2432 Nunc

192 2493 288 2536 omncs
318 2476 445 2537 servent
475 2491 584 2538 senem
615 2475 806 2559 scripturam
838 2479 962 2560 preeter
995 2496 1086 2538 ανιιια
1120 2471 1163 2552 S,
1199 2475 1251 2538 cui
1281 2473 1382 2536 etiem

192 2579 361 2642 mentienti
379 2582 412 2642 et
430 2575 554 2643 salienti
570 2577 642 2664 plus
662 2580 801 2646 creditur
821 2600 918 2666 quem
938 2581 1068 2646 coeteris
1089 2599 1164 2647 vere
1179 2577 1381 2644 testantibus.
1447 2607 1450 2614 ¹
1511 2588 1516 2599 ·

237 2681 405 2749 Praetereo
433 2685 496 2752 ίςίν
519 2687 553 2749 111
575 2687 670 2752 tertie
693 2707 823 2772 persons
846 2685 1035 2774 pervulgato
1057 2707 1119 2752 usu
1142 2687 1303 2751 omittitur
1326 2682 1382 2748 ἐὰν

192 2787 321 2870 πατιίξη
351 2812 398 2864 τις
430 2787 553 2868 ἄτιμος.
600 2790 638 2856 111
669 2793 805 2858 secunde
835 2792 1004 2860 dicendum
1041 2792 1095 2858 ίαν
1129 2789 1275 2872 πατιίξρς
1310 2787 1381 2855 cirr-

191 2916 247 2971 μσς
273 2889 310 2959 εἰ.

236 2997 274 3063 In
304 2997 403 3066 altero
434 2999 504 3067 loco
527 3021 599 3090 pag.
626 3001 679 3068 51.
705 3000 760 3068 26.
782 3003 840 3069 ubi
863 3000 992 3084 παπιίξη
1014 3025 1062 3075 τις
1087 3007 1119 3067 et
1142 2997 1287 3084 πατιόξης
1310 3020 1382 3065 oon·

191 3103 387 3185 funduntur,
410 3112 586 3194 utrumque
610 3115 694 3174 recte
717 3115 750 3175 et
775 3108 938 3174 commode
963 3108 1089 3174 dieitur.

235 3209 410 3277 Emendate
432 3215 466 3277 in
490 3213 590 3280 simili
613 3234 647 3279 re
671 3216 821 3282 scribitur
842 3213 951 3300 paullo
976 3219 1048 3278 ente
1071 3233 1146 3300 pag.
1169 3209 1245 3278 524.
1268 3208 1321 3276 21.
1343 3208 1381 3276 ἂν

190 3314 247 3393 μὲν
278 3316 375 3382 τοίνυν
405 3317 523 3394 ἰδιώτην
555 3317 630 3384 όνπα
660 3320 729 3385 τινὰ
760 3322 860 3387 αὐτῶν
893 3319 1027 3400 ὑβρίτΗΙ
1050 3327 1123 3385 Tic
1146 3319 1164 3397 ἢ
1188 3323 1288 3391 κακῶς
1312 3315 1384 3398 είπη

191 3423 317 3504 νραφίρν
340 3419 453 3505 ἰίβρειις
477 3424 529 3491 καί
551 3423 634 3500 δίκην
654 3426 841 3508 κακηγορίας
861 3425 941 3492 ἰδίαν
960 3421 1129 3508 φεύξεται,
1149 3424 1202 3490 ίαν
1221 3423 1253 3488 δὲ
1273 3424 1382 3501 ίεσμι·

195 3525 281 3603 όέπην
305 3526 417 3608 ἄτιμος
440 3527 509 3602 ἔται
535 3529 695 3608 nacerat.

236 3734 317 3825 Peg.
350 3735 425 3804 525.
450 3737 482 3804 2.
507 3740 559 3806 καί
585 3740 641 3820 ἐμὲ
667 3750 706 3805 el
729 3742 787 3819 μὲν
810 3741 840 3806 ἒν
864 3738 980 3814 ἄλλαις
1004 3741 1083 3808 τισίν
1107 3741 1234 3823 ἡμέραις
1259 3737 1380 3818 ιίδίκηπί

191 3862 221 3906 τι
241 3878 281 3890 -
300 3840 364 3927 ἰδίην
394 3843 446 3910 καί
480 3845 564 3920 δίκην
595 3852 742 3928 προσῆκεν
770 3848 854 3928 αὐτῷ
879 3847 1007 3914 διδόναι·
1033 3857 1072 3912 el
1097 3845 1128 3912 δὲ
1151 3848 1286 3929 χορηγόν
1308 3846 1384 3913 όντα

192 3945 335 4030 ὑμέτερον
367 3951 538 4031 ἱερομηνίας
571 3953 661 4028 otene
692 3951 783 4019 πιίνό
815 3949 873 4020 ότα
905 3953 1043 4028 ἠδίκηκεν
1067 3953 1190 4035 ὑβρίσαι
1216 3954 1379 4036 Φαίνεται,

191 4049 339 4131 δημοσίας
363 4056 454 4137 517754
479 4059 531 4123 καί
556 4061 703 4139 τιμωρίας
727 4058 841 4129 δίκαιός
867 4060 912 4128 ἔτι
936 4058 1118 4141 τυγχάνειν.
1168 4059 1247 4140 Quis
1271 4059 1382 4126 edmo-

163 4233 168 4244 ,
190 4159 277 4224 nitus
299 4179 363 4226 non
383 4161 472 4228 ridet
491 4163 607 4230 dixisse
627 4163 890 4230 Demosthenem:
912 4166 1020 4230 'enei
1041 4164 1073 4230 δὲ
1092 4163 1226 4245 χορηγὸν
1245 4163 1319 4230 όνπα
1340 4203 1381 4213 -

189 4261 304 4338 δίκαιός
327 4267 373 4336 ἐςι
395 4267 585 4352 πνγχιίνεινί
630 4269 760 4337 Similis
782 4268 914 4338 1156111
943 4269 1014 4336 Ver.
1038 4270 1133 4336 hcett.
1157 4291 1231 4360 peg.
1258 4267 1336 4337 524.

233 4473 314 4565 Peg.
346 4477 423 4548 525.
456 4477 509 4548 18.
540 4487 665 4562 σημεῖον
690 4481 740 4548 δέ·
766 4479 865 4548 iteris
890 4481 965 4566 ίερδν
989 4481 1087 4563 νόμον.
1134 4479 1264 4550 moion
1286 4499 1381 4552 voea-
