3232 5176
839 365 883 436 88

269 553 298 618 il
317 554 500 640 patrimonio
527 558 606 621 delle
624 561 786 644 stumfius,
813 557 885 622 dell'
907 558 1108 640 mesomio,
1131 560 1211 623 della
1233 560 1410 624 ἰεέίεεαννεα
1435 563 1465 622 el

270 661 350 725 della
371 661 494 728 storia?

455 769 538 850 Quid
558 768 680 850 clipeum
702 773 783 832 iccio
806 767 879 831 tolie
901 767 950 831 hic
966 769 1129 852 proroksor
1152 769 1261 832 hiatu?

314 873 441 941 Morem
474 873 555 940 hono
589 894 655 939 esse
685 909 728 922 —
756 873 901 938 dicamne
937 871 1121 954 ἀλαζονείαν
1156 894 1197 940 en
1232 872 1392 948 edideras?
1417 913 1464 924 —

268 979 384 1047 faciem
417 984 454 1046 ub
484 1000 541 1046 suo
563 981 697 1065 quisque
720 979 840 1045 iudicio
864 981 1054 1045 constituere
1077 982 1185 1065 possit.
1235 979 1326 1060 Quod
1349 986 1465 1048 cubem

269 1089 412 1153 maxime
441 1088 521 1152 scire
548 1087 673 1171 cupies,
706 1091 784 1169 quob
806 1087 964 1171 supersint
985 1089 1103 1152 veteris
1126 1085 1203 1150 libri
1225 1085 1302 1152 folio
1324 1093 1357 1152 st
1380 1107 1466 1172 quse

268 1197 372 1278 peries
402 1198 459 1258 out
494 1189 670 1278 particulae
706 1189 909 1257 Scriboniani
942 1195 1045 1278 operis
1077 1195 1111 1258 in
1143 1195 1184 1258 iis
1218 1195 1462 1270 contineantur,

270 1299 309 1364 de
339 1319 376 1364 ee
404 1320 439 1363 re
469 1298 604 1364 verbum
633 1295 761 1362 nullum
792 1296 886 1375 fecit,
919 1297 974 1363 sed
1005 1298 1134 1363 brevem
1165 1296 1274 1363 locum
1303 1319 1342 1363 ex
1364 1299 1464 1363 iniiu'o

269 1403 347 1470 libri
376 1403 425 1470 IX
446 1410 479 1470 ei
501 1407 653 1492 peginam
676 1406 837 1488 tripertito
862 1403 999 1470 divisum
1023 1424 1062 1468 ex
1085 1402 1167 1469 libro
1189 1401 1264 1468 Vlll
1287 1403 1465 1469 describere

272 1512 350 1575 subis
372 1511 493 1576 hebuit.
530 1509 670 1595 Uterque
691 1509 781 1574 locus
803 1514 928 1594 prester
946 1510 1094 1576 lecunem
1113 1513 1147 1575 in
1166 1513 1270 1595 priore
1286 1509 1463 1587 latentem,

271 1616 311 1682 de
342 1637 405 1702 qus
433 1616 517 1682 infru
546 1616 707 1694 dicemus,
740 1616 818 1680 selis
841 1615 1007 1682 emendate
1030 1617 1065 1680 in
1087 1618 1210 1702 optimo
1234 1613 1350 1682 (lodice
1372 1615 1467 1680 Peri·

271 1724 341 1787 sino
363 1722 403 1787 A.
426 1724 563 1807 scriptus
585 1725 634 1786 est
658 1725 690 1786 eb
712 1720 776 1785 iere
800 1722 869 1786 sine
891 1719 959 1786 ulle
981 1721 1149 1787 offensione
1172 1721 1303 1809 legitur.
1350 1719 1466 1806 lisque

272 1848 335 1893 non
365 1833 413 1892 esi
446 1847 564 1914 magno
591 1845 684 1912 opere
706 1826 890 1892 mirandum
914 1826 997 1892 nihil
1017 1828 1249 1913 propemodum
1272 1848 1312 1893 ex
1334 1831 1466 1893 vebusbo

272 1932 355 1999 libro
389 1932 594 2019 palimpsesto
628 1931 799 2017 prodiisse,
839 1932 922 2017 quod
955 1931 1095 2018 aliquem
1129 1933 1245 1999 hobeei
1279 1953 1375 1998 usum
1405 1937 1467 1997 eut

273 2038 380 2125 aliquo
407 2040 535 2106 nominc
558 2041 601 2106 sib
635 2036 861 2115 memorabile,
886 2037 1051 2123 multoque
1075 2041 1182 2127 magis
1204 2041 1316 2103 mirari
1339 2041 1467 2124 oporiet

273 2142 423 2211 Codicem
452 2150 522 2211 tem
552 2147 723 2230 antiquum
752 2143 878 2209 mendis
908 2149 940 2209 eb
970 2145 1129 2211 erroribus
1159 2149 1227 2210 ism
1250 2144 1372 2230 putidis
1396 2165 1467 2210 esse

273 2258 467 2338 coopertum.
514 2249 592 2328 Sed,
623 2255 662 2316 ut
691 2253 759 2335 ipse
787 2251 927 2315 indicere
949 2253 1068 2336 possis,
1092 2251 1269 2316 describam
1292 2250 1355 2316 duo
1378 2250 1467 2339 frog-

273 2363 383 2424 mcnbe
414 2358 453 2423 eb
482 2355 612 2422 Editore
642 2377 682 2420 ex
713 2356 863 2421 omnibus
893 2355 1024 2422 delecte
1073 2355 1185 2422 Ordior
1208 2358 1247 2423 eb
1270 2359 1364 2422 initio
1387 2355 1468 2422 libri

275 2462 332 2528 IX.
378 2462 451 2528 Non
477 2466 550 2526 uber
579 2460 698 2526 litteris
729 2461 891 2546 quadratis
921 2464 988 2528 sive
1015 2461 1195 2528 uncialibus
1216 2465 1279 2528 nisi
1301 2462 1468 2542 νεύματος

275 2567 368 2649 χάριν
399 2573 455 2634 eut
485 2571 519 2632 in
547 2569 704 2654 scripture
734 2569 854 2632 inoerbu
884 2573 916 2632 eb
947 2569 1116 2656 ambigue,
1140 2571 1175 2633 iu
1198 2571 1328 2635 caeteris
1352 2589 1472 2654 sequor

276 2694 352 2740 eum
374 2693 514 2752 morem,
538 2693 601 2759 quo
623 2693 707 2738 nunc
731 2692 841 2738 omnes
862 2675 897 2738 in
920 2674 1083 2741 scribendo
1105 2677 1156 2740 uti
1178 2673 1327 2741 solemus.

737 2925 997 2984 eTsAonNoc

858 3080 885 3136 Θ

619 3269 1094 3356 Πενιενεετκοοιεετῐῖ

644 3403 1094 3462 ΠΕΑΟΠΟΝΝΗΟΟΝ

644 3509 1096 3568 ΠΡΩΤΟΝΕΦΑΜΕΝ

644 3604 1099 3680 κΑΙεΛΛΧιοτΗΝΤᾶ

591 3717 622 3784 5.
648 3726 1097 3788 eTNTeeelanTHN

646 3826 1098 3902 eoososueororeucs‘r

645 3935 813 4018 ἐφεξῆς
842 3937 891 4004 ἂν
923 3939 988 4016 εἴη
1013 3941 1095 4017 τας

644 4051 847 4126 συνεχεῖς
884 4045 1095 4113 ἐπελθεῖν.

645 4143 685 4222 ἦν
727 4149 764 4214 δὲ
816 4151 984 4234 δευτέρα
1023 4155 1096 4232 μὲν

569 4252 663 4331 10.νὶ
711 4258 987 4337 moestifica
1034 4267 1099 4334 τῆν

642 4364 991 4440 Πελοπεννήσων
1026 4366 1097 4441 τὴν

642 4469 905 4556 Μεγαρίδα,
929 4480 1096 4553 τρντΗΝ
