3404 5192
755 347 821 420 249

195 550 228 614 et
250 547 387 614 severior
411 542 508 612 alius:
533 539 657 623 ἄκαιρόν
682 541 758 630 (leg.
783 540 905 622 ἄκυρον)
928 543 991 611 ἕσιν
1013 542 1063 607 ἐπὶ
1083 547 1138 614 τῆς
1158 536 1386 615 Ἱπποδαμείας

195 653 230 718 τό
252 650 429 717 ἘΔΝΟΝ.
453 647 537 715 ἕδνα
560 649 624 728 γόιρ
647 645 778 714 διδόασιν
800 650 826 714 σί
851 646 954 725 ἄνδρες
963 696 972 726 ,
998 647 1138 728 Φερνόις
1163 644 1193 709 δὲ
1219 645 1252 709 αι’
1276 650 1386 724 γυναῖ-

196 783 258 832 ιιες.
304 757 425 825 Melius
448 759 550 845 igitur
572 754 740 840 Euripides
762 757 797 818 in
825 754 925 818 Oreste
945 776 991 820 vs.
1020 751 1118 818 1660.

361 865 495 943 Ἄργους
518 863 544 926 δ’
568 860 714 943 Ὀρίςνιν,
739 857 918 944 Μενέλεως,
943 857 981 922 ἔα
1005 863 1150 938 κρατεῖν,

377 969 469 1033 ε’λόόιν
492 967 518 1030 δ’
541 964 660 1030 ιἰνασσε
682 965 908 1044 Σπαρτιάτιδος
934 965 1040 1046 χόονός

376 1073 490 1154 Φερνόις
514 1073 594 1151 ἔχων
618 1071 774 1150 γυναικός.

195 1182 254 1246 ubi
276 1178 483 1245 scholiastes:
507 1178 621 1259 φερνή
646 1178 687 1241 τόι
712 1176 775 1241 riri
795 1183 850 1251 τῆς
870 1174 1015 1254 γυναικός
1037 1175 1190 1253 διδόμενα.
1215 1170 1278 1237 sed
1299 1171 1386 1238 idem

195 1285 366 1372 Euripides
388 1283 460 1350 ἕδνα
484 1284 523 1349 de
547 1285 613 1347 dote
635 1285 742 1368 posuit
766 1284 800 1347 in
823 1282 1026 1346 Andromache
1049 1301 1096 1346 vs.
1122 1277 1199 1345 871.

379 1391 412 1455 οό
433 1388 495 1470 yria
519 1391 551 1454 τί
574 1389 603 1451 τ’
630 1386 835 1466 αίχμοίλωτον
861 1388 896 1451 εἰι
918 1389 1032 1466 Τροίας
1057 1387 1143 1467 ἔχει,

384 1495 459 1561 αλλ’
484 1496 586 1575 όνδρός
612 1495 718 1558 ἐσθλοῦ
743 1495 847 1558 παῖδα
872 1493 927 1558 σὺν
952 1499 1079 1564 πολλοῖς
1102 1491 1211 1570 λαβὼν

364 1601 551 1666 ἘΔΝΟΙΟ.

242 1706 421 1794 Aeschylus
445 1708 593 1792 opinatus
615 1706 657 1772 τό
682 1703 754 1771 ἕδνα
779 1726 845 1771 esse
869 1705 912 1770 τοὶ
937 1706 995 1770 ὑπό
1019 1711 1079 1770 τῶν
1100 1701 1330 1784 μνηςευομένοιν
1349 1713 1388 1786 τῇ

198 1817 383 1896 γαμουμίνρ
408 1812 550 1891 διδόμενα
573 1811 656 1876 dixit
680 1815 712 1876 in
735 1812 906 1876 Prometheo
930 1833 962 1878 r.
989 1809 1064 1876 560.

388 1905 391 1914 ’
536 1916 714 1982 ἘΔΝΟΙΟ
736 1916 864 1995 ἄγαγες
887 1916 1027 1981 Ἡσιόναν

552 2025 641 2088 πιόόιν
665 2023 814 2114 δόμαρτα
839 2022 1054 2100 κοινόλεκτρον.

245 2131 348 2198 Nemo
376 2130 492 2195 horum
520 2127 657 2194 Homeri
688 2127 882 2194 vocabulum
910 2128 1078 2212 usurpavit
1101 2146 1195 2192 sensu
1217 2125 1389 2192 Homerico

202 2256 238 2301 ac
260 2256 335 2320 suo,
359 2235 415 2300 sed
438 2255 549 2300 omnes
571 2236 678 2320 opinio
697 2231 826 2307 fefellit,
852 2235 907 2317 qui
929 2235 963 2297 in
988 2235 1153 2298 communi
1177 2235 1323 2298 omnium
1342 2251 1390 2296 er·

201 2361 270 2406 rore
293 2345 424 2426 impune
448 2341 628 2426 peccabant.
676 2339 756 2406 Plus
779 2341 878 2405 etiam
901 2339 1059 2404 Pindarus
1081 2340 1121 2405 ab
1140 2360 1201 2404 usu
1219 2337 1390 2403 Homerico

201 2449 330 2513 recessit
360 2468 461 2533 quum
492 2447 611 2512 diceret
640 2446 808 2528 Ρρίίιόοιιόο.
840 2444 898 2510 lll.
924 2443 975 2510 94.
1003 2446 1153 2523 „Cadmus
1175 2455 1205 2508 et
1227 2445 1334 2509 Ροίοια
1356 2448 1390 2506 in

202 2553 316 2637 ιιιιριίόίι
346 2553 425 2618 Deos
456 2553 593 2617 οοιιοόσσο
622 2551 788 2616 dedocent
819 2549 952 2617 ‘'GANA
986 2575 1021 2615 τε
1053 2549 1197 2628 δέξαντο,
1230 2550 1288 2614 ubi
1318 2547 1389 2614 ἕδνα

202 2657 295 2746 plane
318 2659 405 2726 idem
428 2665 476 2724 est
500 2665 594 2744 atque
617 2659 711 2736 δῶρα,
733 2657 817 2723 unde
837 2657 981 2722 eruditus
1000 2659 1233 2744 grammaticus
1254 2655 1389 2740 adscrip-

203 2767 260 2831 sit:
292 2767 444 2845 όιιύρσς
477 2765 519 2829 τόν
552 2765 630 2844 δῶρα
652 2761 785 2828 ἘΔΝΑ
811 2759 905 2828 εἶπεν.
951 2762 1094 2828 Perierat
1116 2765 1219 2850 igitur
1242 2761 1335 2847 plane
1356 2764 1392 2826 in

204 2868 338 2937 Graecis
352 2873 484 2955 antiqui
505 2868 654 2937 vocabuli
677 2869 911 2956 intelligentie,
934 2889 1035 2954 neque
1058 2875 1204 2935 veterum
1225 2873 1392 2953 posonem

204 2978 372 3061 quisquam
394 2996 494 3061 neque
518 2975 717 3040 eruditorum
738 2996 777 3040 ex
800 2973 935 3040 Homeri
957 2980 1006 3039 tot
1029 2973 1107 3039 locis
1130 2981 1198 3038 tam
1217 2974 1392 3059 perspicuis

203 3102 314 3148 reram
337 3087 369 3147 et
391 3086 534 3147 nativam
558 3079 758 3168 significandi
779 3086 971 3165 potestatem
994 3086 1053 3144 τῶν
1073 3077 1160 3143 ἕδνον
1181 3081 1392 3164 perspexerat.

205 3189 370 3273 Sequicres
391 3189 490 3253 etiam
514 3207 623 3252 omnes
645 3189 680 3250 in
703 3206 740 3251 ea
762 3205 796 3250 re
820 3188 1023 3271 antiquorum
1043 3187 1266 3250 auctoritatem
1285 3203 1393 3268 seque-

205 3292 337 3370 bantur,
362 3313 400 3357 ex
423 3292 538 3376 quibus
562 3292 711 3358 omnibus
734 3312 836 3356 unum
856 3291 1049 3376 producam,
1072 3293 1275 3376 perineptnm
1296 3291 1393 3373 scrip·

205 3404 307 3463 torem
337 3395 509 3463 Aelianum
539 3398 622 3483 apud
653 3395 788 3462 Suidam
821 3418 853 3463 v.
885 3403 1061 3472 Παισωμεν.
1098 3431 1142 3444 -
1176 3394 1228 3457 καί
1258 3393 1390 3456 ἘΔΝΑ

207 3505 271 3586 ᾔτει
302 3503 444 3582 γενίσόαι
469 3503 597 3582 βασιλίς
621 3502 732 3568 τὸτοῦ
759 3502 948 3582 Μενάνδρου,
972 3499 1022 3567 ἕνα
1047 3525 1076 3564 τι
1102 3500 1154 3565 καί
1179 3501 1299 3577 παίσω,
1323 3505 1394 3578 Τρι-

207 3611 328 3688 ιιορυσία
360 3608 546 3687 βασίλιννα,
574 3609 626 3675 rat
651 3607 730 3682 αὕτη
755 3609 899 3674 δέσποινα
921 3603 998 3672 εἶναι
1022 3611 1075 3670 τοῦ
1097 3603 1212 3670 Πόντου
1236 3605 1392 3668 ε’ίίλουσα.

207 3735 286 3800 quae
317 3714 355 3779 de
378 3715 577 3781 Mithridatis
601 3736 696 3781 uxore
718 3714 865 3780 Monima
888 3712 1017 3780 Milesia
1040 3712 1125 3778 diota
1148 3731 1215 3777 esse
1238 3711 1394 3794 suspicor,

207 3840 287 3905 quae
317 3825 369 3884 τοῦ
401 3821 559 3899 βασιλέως
590 3827 746 3899 πειρῶντος
774 3821 870 3894 αὐτὴν
892 3813 946 3884 ’καί
970 3821 1091 3900 μυρίους
1115 3816 1168 3882 καί
1192 3836 1395 3895 πεντακισχι·

207 3925 288 3998 λίους
313 3931 445 4004 χρυσοῦς
467 3926 728 4007 προσπέμψαντος
749 3927 886 4006 όντέσχε
904 3911 1017 4007 μέχρις
1039 3920 1071 3989 οὖ
1094 3961 1135 3972 -
1158 3922 1295 3999 διόδιιμα
1315 3919 1395 3998 πίμ·

208 4037 274 4112 ψας
298 4030 490 4108 βασίλισσαν
512 4031 713 4112 ἀνηγόρευσεν
739 4030 914 4116 (Plutarch.
934 4033 969 4096 in
986 4031 1112 4094 Ιαιοαίίο
1132 4049 1200 4114 cap.
1220 4026 1287 4107 18.)
1310 4025 1395 4092 Aeli-

208 4158 287 4206 anus
317 4138 419 4226 igitur
448 4158 549 4223 quum
579 4138 711 4202 dixisset
741 4137 793 4200 καί
824 4134 957 4202 ἝΔΝΛ
989 4137 1054 4220 ᾔτει
1078 4137 1220 4214 reverens
1244 4132 1393 4211 βασιλίς,

209 4241 342 4312 mirifice
365 4263 399 4309 se
422 4243 556 4309 credidit
579 4263 646 4310 esse
669 4243 824 4309 locutum.
