3410 5180
733 341 798 419 lat

171 539 268 617 όννοιν
288 546 335 608 ¹et
369 542 489 610 similia
524 543 698 630 complura.
755 542 946 610 Rectissime
979 545 1082 631 igitur
1116 544 1246 610 haberet
1279 545 1357 611 haec

171 651 344 734 scriptura:
369 651 459 715 τόΝλ
485 651 548 731 γὰρ
574 653 591 726 ἡ
615 652 653 724 σὴ
677 647 808 723 δεινότης
831 650 929 725 traca
948 653 1102 728 ἬΝεγκε
1126 659 1164 734 τῇ
1189 653 1328 732 carptim

216 857 296 945 Pag.
322 855 397 923 325.
423 856 476 922 12.
500 856 563 922 οὐδ’
586 855 645 922 ὅσοι
668 857 936 937 συμβεβούλευκα
957 860 1080 923 πώποτε
1099 860 1228 925 τουτοισὶ
1250 860 1357 938 όμοόιος

173 964 243 1042 ὑμῖν
275 961 387 1047 [ὥσπερ
415 961 454 1029 ἂν
484 965 510 1028 εἷ
544 965 574 1028 ἕν
604 964 750 1048 τρυσοένρ]
781 966 876 1045 ῥέπον
906 965 957 1029 ε’πὶ
979 964 1013 1029 πὸ
1037 974 1153 1043 λῆμμα
1177 965 1358 1045 ουμβεβού·

171 1084 280 1135 λευκο.
334 1068 485 1135 Meliorcs
519 1068 596 1136 libri
630 1073 785 1136 omittunt
819 1071 844 1135 εἱ
879 1072 920 1136 όν.
966 1069 1076 1136 Etiam
1109 1069 1162 1136 hic
1194 1072 1292 1156 probo
1327 1077 1360 1136 ct

171 1195 283 1261 sequor
304 1175 441 1240 Dobraei
464 1178 655 1242 sententiam
680 1173 818 1259 ,,[ι3σπερ
842 1175 880 1240 ἂν
905 1177 930 1242 εἴ
955 1177 985 1240 ἐν
1004 1174 1151 1259 σρυσοὶνρ]
1171 1199 1206 1240 ec
1225 1177 1359 1241 oratione

171 1283 209 1344 de
232 1281 308 1347 Pace
329 1301 359 1366 p.
386 1278 440 1345 60.
465 1279 496 1346 7.
520 1283 577 1345 huc
598 1281 745 1345 aalma?
790 1281 864 1346 Non
883 1287 932 1346 est
951 1284 1037 1346 enim
1055 1283 1108 1347 bic
1124 1281 1211 1347 ullus
1231 1303 1358 1367 compa·

171 1389 286 1452 rationi
328 1385 435 1466 locus,
480 1392 513 1452 at
548 1407 628 1472 quae
662 1386 790 1453 videtur
823 1408 890 1453 esse
924 1390 1118 1472 comparatio
1153 1407 1190 1452 ea
1224 1388 1359 1454 absurda

172 1499 228 1557 est.
275 1491 452 1577 Adscripsit
473 1491 590 1577 aliquia
613 1496 669 1578 qui
698 1493 797 1574 ῥέπειν
828 1494 904 1578 quid
932 1495 1057 1578 propria
1082 1499 1165 1558 esset
1194 1495 1357 1560 ostendere

170 1597 283 1665 voluit.
329 1597 402 1664 Non
424 1601 531 1683 potuit
553 1599 696 1664 acerbius
718 1600 821 1665 dicere
844 1618 942 1684 quam
964 1599 1072 1677 ὁμοίως
1098 1599 1169 1674 ὑμῖν
1189 1599 1283 1679 ῥέπον
1303 1602 1354 1664 ἐπὶ

171 1705 205 1769 τό
229 1711 357 1780 λῆμμα.

215 1913 294 2002 Pag.
329 1911 405 1982 327.
436 1912 467 1980 6.
500 1914 621 1979 οόδθῐο
643 1914 712 1980 ου’πε
736 1921 794 1978 σῶν
816 1913 872 1992 ἔξω
897 1918 1005 1981 Πυλῶν
1029 1917 1183 1989 Ἑλλήνων
1206 1917 1274 1983 οὔτε
1299 1925 1357 1984 σῶν

172 2021 240 2085 sicu
272 2029 335 2093 τοῖς
367 2025 497 2100 πυροῦσι
528 2028 633 2091 κοινοῖς
665 2019 808 2102 ἐκέχρνπ’
839 2020 878 2086 ἄν
911 2020 955 2106 (S.
981 2021 1154 2102 ἕκὲχρνΝπ·
1177 2022 1244 2108 οἶν),
1270 2026 1357 2089 οξλλοὶ

171 2126 287 2197 πάντες
330 2126 367 2190 ἂν
405 2127 494 2197 όνπερ.
524 2125 671 2203 ε’λεύόεροι
706 2128 758 2192 acal
795 2131 956 2205 οιύσόνομοι
991 2129 1076 2205 μετὰ
1114 2131 1217 2204 πόσης
1250 2131 1357 2203 disice

171 2233 354 2316 [clematitis]
388 2231 418 2295 ἕν
451 2231 628 2314 εὐδαιμονίᾳ
659 2233 717 2304 τοὶς
742 2232 857 2297 ἑοιυτῶν
881 2233 973 2314 ᾤκουν
995 2233 1157 2313 ποιπρίδοις.
1204 2235 1358 2301 Manifes-

171 2343 242 2404 tum
273 2345 321 2403 cst
350 2337 429 2403 hacc
461 2337 524 2402 dici
551 2356 613 2402 nou
637 2337 676 2403 dc
698 2338 881 2418 εόορυίονυνε
904 2339 1093 2423 hominum,
1117 2339 1171 2405 sed
1195 2340 1233 2406 de
1256 2341 1361 2405 cicitu-

170 2443 246 2508 tium
278 2443 473 2511 Graecarum
505 2441 760 2508 calamitatibus:
794 2447 903 2529 itaque
944 2445 1106 2509 otieNec
1142 2445 1360 2526 scribendum,

170 2568 233 2634 quo
255 2554 341 2615 recta
362 2548 451 2613 ducit
474 2555 567 2614 vetus
591 2551 748 2633 scriptura
772 2551 805 2614 in
828 2550 894 2616 solo
918 2547 941 2614 S
963 2556 1088 2616 servata
1111 2552 1286 2631 txtxttNr‘
1310 2554 1358 2619 oia.

214 2654 381 2720 Praeterea
411 2675 558 2741 expungo
582 2657 748 2737 ἀσφαλῶς.
795 2655 967 2740 Aliquanto
991 2655 1107 2722 melius
1130 2663 1178 2722 est
1201 2662 1233 2723 ct
1255 2662 1359 2726 acrius

168 2764 253 2838 μεσοὶ
278 2761 380 2835 πόσης
405 2759 523 2832 alisiam

215 2969 295 3060 Pag.
324 2969 400 3039 327.
425 2967 481 3039 26.
508 2975 613 3037 τοῦτον
639 2973 691 3038 xci
713 2978 844 3038 τοιοῦτοι
864 2973 1013 3052 πράσσειν
1031 2971 1083 3038 σὸν
1103 2975 1199 3040 κοιλόν
1218 2977 1357 3056 κοὶγοιόόν

171 3080 300 3154 πολόσνρν
334 3078 395 3156 δεῖ,
420 3115 462 3126 -
487 3079 520 3142 οὖ
554 3079 605 3142 σὸν
641 3077 811 3168 πρόγμοιπ’
848 3077 922 3156 ἄξιοι
957 3085 1013 3152 τῆς
1048 3079 1164 3151 πόλεως
1198 3083 1357 3150 ὑποςοένσοι

169 3185 274 3265 λέγειν
305 3185 357 3249 κοιλ
388 3182 525 3266 γράφειν
555 3184 609 3250 κον)
632 3183 732 3261 μένειν
756 3183 806 3249 ἐπὶ
829 3184 943 3249 σοόσονν
967 3184 1195 3277 [προελόμενον]
1219 3186 1358 3264 βοισκοιό-

169 3316 238 3358 νειν.
284 3290 403 3356 Inutile
435 3295 466 3356 at
496 3279 765 3376 supervacaneum
793 3290 1001 3375 participium
1025 3293 1148 3356 omittit
1169 3293 1311 3378 optimus
1334 3292 1357 3360 S

168 3395 316 3463 meliores
347 3402 473 3462 tantum
505 3416 567 3462 non
598 3417 716 3463 omues.
765 3395 899 3466 Addidit
929 3398 1084 3483 magister
1115 3399 1170 3483 qui
1199 3418 1262 3464 nou
1289 3421 1356 3465 scn-

169 3507 252 3568 aerat
285 3501 337 3566 nal
373 3500 474 3579 μένειν
509 3503 558 3565 ἐπὶ
595 3503 708 3566 τούτων
744 3523 783 3567 ex
807 3501 978 3594 Ιὑποςοόνσοι
1012 3497 1158 3588 pandera.
1206 3501 1357 3572 Retinsnt

169 3613 277 3674 tamen
301 3605 499 3688 προελόμενον
522 3607 668 3673 Editcraa
693 3627 810 3673 omues.

213 3817 295 3907 Pag.
327 3814 401 3884 332.
436 3817 489 3882 10.
514 3803 695 3894 σῖγνδεξιιὶν
720 3817 880 3898 προτείνων
905 3817 957 3881 καὶ
983 3816 1262 3898 εὐαγγελιζόμενος
1288 3822 1355 3887 σού·

169 3948 231 3998 σοις
260 3920 308 3996 οὓς
341 3922 379 3988 όιν
412 3926 510 3989 ἐκεῖσε
541 3925 784 4003 οὶποιγγόΛΛειν
816 3923 937 4001 οἵωμοοι.
984 3923 1088 4010 Turpe
1119 3926 1273 3992 mendum
1299 3950 1355 4015 pro

169 4033 379 4110 ἀπαγγελεῖν.
428 4026 553 4094 Passim
576 4027 758 4095 Dindcrfius
781 4027 902 4094 similia
925 4028 1041 4094 menda
1059 4030 1229 4097 manifesta
1251 4039 1357 4101 sustu·

169 4137 209 4203 lit
233 4140 341 4203 contra
364 4155 461 4199 οινιιεε
482 4134 596 4200 libros:
621 4155 697 4200 nam
721 4133 886 4219 Squoquc
904 4140 1004 4200 scatet
1023 4133 1150 4202 talibus.
1173 4131 1217 4209 εἷς
1237 4138 1263 4202 δ’
1282 4142 1356 4223 ἀνὴρ

170 4244 202 4309 οεί
227 4242 317 4307 πάνθ’
342 4242 409 4324 δρᾷ.

215 4345 345 4414 Similia
375 4345 426 4411 his
455 4347 536 4411 vitia
566 4347 736 4412 haeserunt
758 4367 832 4434 pag.
859 4341 934 4412 777.
962 4342 1013 4409 18.
1038 4344 1132 4418 οὐδεὶς
1158 4348 1252 4414 αὐτὸν
1278 4353 1356 4417 οἱπρ-

170 4457 293 4521 ιισεόνει.
326 4473 398 4542 pag.
432 4449 508 4517 938.
542 4449 572 4518 9.
606 4452 882 4532 ἐπαγγελλόμενος
907 4451 1074 4516 παιδεύειν.
1097 4471 1173 4542 pag.
1202 4453 1299 4524 1042.
1326 4460 1354 4528 l.
