3410 5180
886 293 951 364 458

322 482 476 568 [νιελεύω].
525 484 596 551 Non
630 489 678 552 est
709 484 798 552 aliud
829 486 1034 554 emblematis
1063 509 1165 576 genus
1196 488 1392 574 frequentius
1416 509 1514 574 quam

321 590 454 664 κελεύω,
485 591 626 668 κελεύει,
660 591 813 670 κελεύων,
845 595 948 658 sicubi
970 601 1018 659 eet
1041 592 1240 662 artificiosius
1263 601 1296 661 et
1317 594 1426 680 paullo
1447 594 1513 662 lon-

321 697 396 784 gius
425 702 583 782 protracta
615 698 784 764 verborum
814 701 1014 784 compositio.
1062 700 1099 766 In
1130 699 1241 786 rapida
1268 701 1513 768 Atheniensium

322 803 462 867 oratione
492 807 525 868 et
555 810 692 887 προφορᾷ
724 805 874 870 continuo
908 806 1078 891 apparebat
1108 807 1287 886 εὐτρεπίσαι
1320 827 1445 893 quoque
1473 828 1514 872 ex

320 908 406 991 Φημὶ
431 909 494 975 δεῖν
517 929 584 976 esse
607 919 823 995 suspensum.¹
853 909 958 976 Aliter
980 911 1058 978 haec
1086 911 1264 1001 magistelli
1285 912 1445 1001 legebant

368 1119 446 1208 Pag.
471 1117 526 1186 46.
558 1117 590 1186 8.
621 1117 702 1194 ὅπως
736 1121 892 1204 ἀσφαλῶς
922 1119 1093 1200 sibriacum
1121 1121 1211 1204 sala.
1258 1121 1330 1188 Non
1359 1122 1405 1186 aio
1434 1120 1516 1188 aelel

322 1225 568 1304 Demosthenes,
603 1225 657 1293 sed
687 1231 744 1294 aut
776 1223 857 1298 ὅπως
888 1225 1079 1307 πλεύσεται,
1113 1232 1170 1293 aut
1198 1222 1279 1299 ὅπως
1307 1223 1383 1292 *AN
1416 1227 1514 1310 caia,

323 1332 407 1419 quod
431 1332 657 1418 reponendum.

369 1438 438 1520 Quo
475 1437 672 1504 emendatior
707 1436 933 1504 Demosthenis
970 1442 1078 1504 textus
1115 1440 1283 1504 coniuncta
1321 1435 1515 1504 Gritioorum

323 1565 418 1631 opera
439 1545 544 1610 factus
567 1549 632 1629 cst,
657 1563 694 1610 eo
716 1546 823 1632 magis
845 1549 976 1630 apparet
997 1542 1078 1618 ύτωο
1099 1549 1132 1610 et
1151 1539 1230 1618 ύτιις
1249 1545 1294 1623 roi
1314 1565 1388 1611 cum
1407 1545 1516 1612 tuturo

323 1656 467 1737 tempore
490 1649 569 1716 olim
592 1649 658 1717 fere
681 1655 860 1716 constanter
879 1652 1092 1737 compositum
1111 1649 1209 1716 hrisee
1229 1651 1404 1736 eodemque
1422 1671 1516 1716 sensu

324 1777 399 1823 cum
424 1757 624 1823 coniunctiro
648 1752 729 1827 ύτινο
747 1754 786 1821 ἄν
810 1759 950 1822 construi
971 1775 1038 1822 esse
1058 1755 1201 1822 solitum.
1249 1754 1449 1823 Incredibilis
1467 1761 1516 1822 est

324 1863 358 1926 in
383 1882 420 1928 sa
442 1881 476 1927 re
499 1863 676 1928 scribarum
700 1867 733 1929 et
756 1867 969 1930 correctorum
991 1863 1152 1948 socordia,
1175 1863 1231 1948 qui
1255 1863 1355 1929 etiam
1377 1864 1412 1927 in
1435 1865 1516 1928 auti·

268 1971 270 1976 '
324 1968 487 2053 quissimis
518 1973 550 2034 et
579 1966 773 2034 fidelissimis
804 1969 939 2034 testibus
970 1969 1126 2035 sexcentis
1156 1967 1235 2033 locis
1265 1973 1392 2034 mutata
1413 1968 1517 2035 vocali

324 2074 426 2139 futuri
449 2077 602 2160 temporis
623 2075 742 2141 formas
762 2074 851 2139 eiiam
874 2097 939 2138 αισι
952 2074 1050 2161 foedo
1074 2074 1254 2138 ύατύσσύιιαο
1285 2074 1320 2139 in
1343 2075 1518 2140 coniuncti-

324 2199 380 2246 vos
404 2184 637 2246 converterunt.
1135 2177 1139 2186 ’

369 2284 460 2352 Dabo
482 2306 583 2373 pauca
604 2284 751 2372 exempla
773 2307 813 2352 ex
836 2283 951 2352 (lodice
974 2284 1053 2352 Sin
1076 2307 1139 2372 quo
1161 2285 1283 2375 legitur
1303 2303 1380 2372 pag.
1406 2282 1460 2351 28.
1483 2283 1516 2351 6.

325 2388 405 2464 inor
432 2391 477 2468 reis
508 2393 762 2477 τεισύμεύα,
792 2412 866 2479 pag.
894 2389 1029 2462 60.,19.
1060 2387 1140 2466 ἴσως
1165 2391 1210 2470 μὶν
1235 2389 1515 2470 catagoriae.

324 2519 399 2586 pag.
427 2497 504 2563 124.
530 2497 583 2563 10.
608 2495 689 2572 ὄντας
713 2499 757 2577 μὴ
781 2497 1010 2572 κινήσεται.
1035 2518 1110 2585 pag.
1136 2495 1234 2562 1428.
1255 2495 1285 2561 6.
1311 2491 1390 2570 ἔτας
1414 2498 1516 2576 μὶν-

323 2603 472 2684 aaziae
491 2603 545 2669 acl
559 2639 601 2655 ·-
614 2600 657 2682 ἕξ
665 2629 681 2678 ιν
692 2627 755 2681 τε,
773 2607 806 2669 et
825 2605 893 2670 sine
908 2604 1105 2671 barbarismo
1120 2603 1176 2669 sed
1191 2602 1333 2674 σολοίκως
1349 2622 1423 2691 pag.
1438 2601 1516 2668 103.

327 2709 356 2776 1.
382 2707 494 2792 δέδοιχ’
519 2706 600 2782 inor
630 2709 742 2788 μήποθ’
767 2706 985 2787 ἡγήσησθε.
1011 2729 1086 2798 pag.
1109 2707 1184 2775 130.
1212 2707 1267 2776 13.
1293 2707 1411 2774 δέδοικα
1434 2703 1517 2784 ὅπως

321 2813 619 2895 μὶν-γένηται.
650 2836 721 2903 pag.
745 2813 821 2881 194.
849 2813 901 2881 13.
932 2810 1012 2888 ὅπως
1036 2813 1306 2881 καταλύσωσι
1337 2813 1389 2878 τὸν
1409 2813 1515 2894 δῆμον.

320 2942 395 3011 pag.
416 2919 448 2987 9.
485 2917 536 2987 17.
571 2917 650 2996 ὅπως
683 2920 924 3001 βοηθήσατε.
956 2943 1031 3011 pag.
1057 2919 1112 2987 29.
1141 2919 1174 2987 2.
1206 2919 1286 2994 ὅπως
1318 2920 1513 2999 σώσωμεν.

322 3048 396 3116 pag.
418 3025 493 3093 130.
519 3026 573 3093 11.
598 3023 677 3101 ἴσως
702 3029 973 3112 μὶν-τανύσῃ.
995 3049 1071 3117 pag.
1086 3027 1162 3094 125.
1188 3027 1242 3094 10.
1262 3023 1342 3102 irrue
1366 3029 1411 3105 ui
1436 3026 1516 3092 δον·

179 3139 184 3155 ’
324 3133 533 3200 λεύσωτιν.
557 3155 631 3222 pag.
647 3133 723 3200 128.
746 3131 801 3200 24.
825 3129 905 3207 ὄντας
928 3135 972 3215 μὴ
995 3133 1215 3217 ύνατρύψν.
1240 3137 1273 3200 et
1294 3153 1370 3222 pag.
1383 3129 1437 3199 45.
1458 3130 1514 3198 20.

324 3236 404 3314 ὅπως
428 3241 472 3319 μὶν
496 3239 709 3317 ποιήσητε.

369 3345 442 3414 Nou
465 3348 573 3412 minus
594 3348 751 3414 vitiosum
774 3351 822 3414 est
845 3347 871 3413 ri
896 3352 928 3413 et
954 3346 979 3413 ri
1004 3346 1050 3427 μή
1073 3367 1150 3414 cum
1181 3345 1367 3413 σσαίαιοαύνσ
1389 3366 1518 3435 corapo-

324 3455 437 3520 situm.

370 3558 506 3648 Legitur
528 3565 636 3627 tamen
659 3561 694 3626 in
715 3558 738 3628 8
761 3582 836 3650 pag.
863 3558 915 3625 16.
939 3558 973 3626 2.
996 3560 1022 3626 εἷ
1045 3560 1091 3639 ab
1114 3557 1276 3642 τρύξιιι.
1301 3579 1374 3647 pag.
1391 3557 1443 3624 29.
1460 3557 1513 3626 11.

325 3666 351 3732 ri
375 3667 438 3746 γαρ
468 3668 513 3745 μὴ
539 3665 782 3745 βοηθήσητε.
802 3688 878 3755 pag.
900 3665 954 3734 52.
979 3663 1032 3732 22.
1065 3665 1091 3732 ri
1123 3668 1167 3745 μύ
1192 3688 1240 3740 τις
1264 3664 1459 3752 κωλύσαι,
1483 3671 1518 3732 et

325 3771 397 3839 aliie
418 3770 507 3839 locis.

369 3877 532 3945 edebatur
556 3898 628 3968 pag.
651 3876 705 3944 61.
738 3875 792 3947 17.
822 3878 855 3943 τύ
885 3875 934 3945 οὖν
968 3879 1106 3959 ἡγοῦμαι
1129 3875 1282 3962 Φοβερύνς
1304 3915 1347 3928 -
1366 3871 1447 3952 ὅπως
1470 3881 1518 3958 μὴ

325 3987 422 4062 κοινὴν
445 3983 600 4069 τρύΦασιν
627 3985 643 4050 ύ
672 3984 808 4064 πόλεμος
833 3985 932 4069 λάβῃ.
977 3984 1135 4052 Dicebant
1157 3989 1266 4051 autem
1289 3985 1517 4052 Athenienses:

324 4092 488 4174 Φοβοῦμαι
517 4094 562 4168 μὴ
593 4090 714 4173 acilia.
762 4089 864 4178 Opem
892 4089 969 4157 tulit
992 4089 1017 4157 8
1039 4093 1216 4157 rectissime
1242 4088 1321 4164 ύτοο
1345 4094 1516 4171 omittens,

324 4202 357 4265 et
380 4199 509 4264 omnino
539 4196 701 4281 Φοβοῦμαι
732 4197 777 4277 pol
806 4219 880 4264 oum
904 4198 1019 4264 aoristo
1043 4197 1237 4264 coniunctivi
1259 4197 1355 4288 longe
1380 4201 1428 4264 est
1450 4199 1519 4264 usi·

324 4304 532 4371 tatissimum.
560 4335 564 4344 ·
