3358 5200
908 387 951 454 to

368 580 449 668 Peg.
483 577 558 644 158.
593 578 646 646 13.
677 578 762 659 Φημὶ
794 583 906 658 χρῆναι
934 575 1183 656 παρεσκευάσθαι
1208 579 1265 656 μὲν
1288 579 1361 658 πρὸς
1384 579 1436 645 τὸν
1462 581 1521 648 τέ·

325 701 440 764 λεμον,
466 695 663 766 παρακαλεῖν
686 687 718 752 δέ
742 683 812 756 τοὺς
834 685 994 757 Ἕλληνας
1022 684 1066 760 μη
1091 680 1196 761 λέγοις
1220 685 1310 749 οίλλέι
1333 694 1396 756 τοῖς
1421 685 1522 766 έργοις

325 792 412 876 [πρὸς
448 793 502 866 την
538 790 613 871 παρ’
652 793 746 868 ἡμῶν.
783 793 828 855 sio
861 787 894 854 S.
930 790 1046 854 caeteri
1078 788 1151 867 ὑπὲρ
1184 791 1267 866 ἡμῶν
1298 793 1523 878 συμμαχίαν]

326 898 437 984 Neque
461 894 546 978 παρέ
571 917 673 982 neque
692 895 770 976 ιίτέρ
794 914 907 960 senum
932 898 990 959 est.
1037 891 1205 980 Expunoto
1225 897 1418 963 emblemate
1434 901 1523 987 eogi-

327 1005 447 1068 tatione
472 1002 685 1088 supplendum
709 1001 780 1082 πρὸς
804 1003 855 1066 τὸν
875 1001 1012 1076 πόλεμον
1032 1004 1087 1064 out
1108 1000 1158 1064 ἐπὶ
1178 1001 1229 1064 τὸν
1250 1001 1387 1078 πόλεμον
1407 1005 1524 1090 (παρα-

327 1117 435 1173 καλεῖν
460 1109 528 1180 τοὺς
552 1109 737 1188 Ἕλληνας).
785 1106 885 1192 Saepe
909 1109 943 1170 in
967 1106 1078 1173 eodem
1101 1127 1134 1170 re
1154 1116 1353 1188 παρακαλεῖν
1376 1109 1524 1176 absolute

325 1217 472 1300 ponitur,
508 1212 612 1280 voluti
646 1234 719 1301 pag.
757 1211 831 1277 129.
869 1210 898 1278 7.
931 1211 1017 1277 αὐτοὶ
1051 1212 1363 1291 παρασκευασάμενοι
1395 1250 1416 1263 -
1448 1215 1521 1289 τοὺς

326 1315 450 1392 ἄλλους
466 1319 519 1396 ἤδη
544 1324 794 1399 παρακαλῶμεν,
819 1323 852 1384 ot
870 1338 944 1405 pag.
968 1316 1042 1384 129.
1064 1317 1117 1382 22.
1140 1319 1173 1382 οὐ
1194 1319 1298 1396 μέντοι
1320 1320 1405 1396 λέγει
1426 1321 1523 1398 μηδὲν

327 1426 440 1499 αὐτοὺς
466 1425 538 1505 ὑπὲρ
563 1424 662 1493 αὑτῶν
686 1426 858 1506 αναγκαῖον
882 1425 1041 1498 ἐθέλοντας
1066 1432 1160 1492 ποιεῖν
1183 1425 1253 1500 τοὺς
1277 1425 1393 1497 ἄλλους
1419 1449 1523 1506 παρα-

330 1539 451 1602 καλεῖν.
1065 1547 1067 1560 ·

373 1747 520 1814 Multum
543 1750 627 1813 inter
650 1769 683 1814 se
707 1747 857 1814 differunt
879 1748 942 1814 duo
965 1749 1170 1833 impostores,
1195 1767 1331 1832 qnorum
1350 1747 1431 1814 alter
1449 1749 1525 1812 Pti-

329 1854 470 1938 ltppieom
508 1861 644 1941 quartam
673 1853 883 1920 Demostheni
913 1855 1097 1939 supposuit,
1130 1853 1210 1918 alter
1240 1856 1414 1920 orationem
1449 1856 1526 1934 πρὸς

328 1963 384 2037 την
416 1961 560 2034 έπιςολίρν
584 1961 638 2035 την
664 1961 829 2026 Φιλίππου.
878 1958 941 2040 Qui
964 1959 1164 2043 Ρίιίίέρριίοσοι
1186 1965 1323 2044 quartam
1346 1964 1527 2045 composuit

330 2089 368 2134 ex
400 2065 570 2153 permultis
600 2065 826 2132 Demosthenis
858 2066 1053 2130 orationibus
1084 2067 1234 2152 genuinis
1259 2065 1344 2130 locos
1369 2064 1526 2150 quosdam

327 2175 518 2261 insigniores
549 2174 781 2237 eonssroinevit
811 2170 926 2235 iisdem
959 2191 1057 2256 paene
1080 2171 1203 2248 verbis,
1229 2171 1345 2255 quibus
1368 2191 1387 2235 e
1408 2169 1527 2235 Demo-

329 2279 440 2344 sthene
471 2283 560 2343 erent
589 2279 742 2362 concepti.
790 2271 908 2340 Oontrn
939 2275 1086 2341 fulserim
1113 2278 1168 2360 qui
1188 2275 1325 2340 *alteram
1348 2277 1527 2340 emtionem

330 2385 479 2450 conflavit
510 2387 637 2448 tentum
669 2401 731 2446 non
763 2384 871 2447 omnia
899 2403 937 2446 ex
961 2402 1026 2446 une
1048 2387 1080 2447 et
1103 2382 1213 2447 eedem
1238 2383 1378 2446 oratione
1400 2379 1528 2446 sumtus

330 2495 441 2554 estex
470 2487 647 2573 Olynthium
668 2489 805 2550 seeundo.
848 2485 941 2553 Nihil
961 2507 1000 2552 ex
1012 2487 1130 2571 ριτέιιιο,
1150 2485 1235 2551 nihil
1253 2506 1292 2552 ex
1312 2486 1420 2563 tertio,
1441 2485 1528 2551 nihil

331 2615 370 2660 ex
401 2595 533 2659 coeteris
555 2595 618 2656 nisi
642 2593 726 2677 quod
749 2615 839 2658 νααοι
862 2592 970 2658 losum
992 2613 1067 2680 pag.
1094 2591 1170 2659 157.
1197 2590 1227 2657 1.
1250 2594 1368 2658 sumsit
1391 2612 1429 2658 ex
1452 2591 1528 2656 Pti-

331 2700 443 2784 ls'ppo'eo
471 2698 571 2782 primo
602 2719 676 2786 pag.
709 2696 761 2763 43.
792 2696 828 2775 8,
863 2703 895 2764 et
923 2721 1014 2762 νοντα
1045 2720 1118 2787 pag.
1153 2697 1229 2765 157.
1263 2697 1293 2765 7.
1318 2720 1357 2765 ex
1382 2699 1526 2764 oratione

330 2807 397 2885 περί
430 2804 612 2878 Ἀλοννιίσου
636 2825 710 2892 pag.
735 2801 789 2869 80.
815 2801 869 2870 27.
917 2803 1100 2879 Praeterea,
1126 2809 1162 2870 ut
1184 2825 1242 2870 sua
1264 2803 1351 2869 furto
1374 2803 1526 2868 dissimu-

329 2911 429 2990 laret,
460 2909 685 2977 Demosthenis
715 2913 887 2976 sententies
911 2909 984 2974 aliis
1007 2911 1113 2975 verbis
1135 2913 1271 2976 vestivit
1295 2912 1386 2995 qussi
1408 2909 1526 2974 histrio

331 3015 403 3083 eliis
432 3023 527 3102 etque
558 3015 630 3081 eliis
661 3017 855 3081 omementis
885 3015 1017 3080 indutus
1048 3015 1135 3080 idem
1158 3019 1192 3080 in
1215 3037 1341 3082 seenem
1365 3015 1524 3102 prodiens.

331 3123 477 3188 Nihilei
500 3121 626 3207 prodest
649 3141 724 3186 nam
748 3126 875 3186 tenetur
896 3121 1014 3206 ubique
1038 3120 1117 3185 furti
1142 3123 1339 3188 manifestus.
1388 3119 1527 3205 Comps-

331 3234 400 3295 reto
430 3227 514 3294 mihi
544 3227 660 3312 aliquis
691 3226 749 3292 hos
778 3225 880 3292 looos:
911 3226 1140 3292 Demosthenes
1170 3249 1243 3315 pag.
1269 3226 1323 3292 20.
1350 3225 1401 3292 19.
1428 3226 1456 3291 εί
1476 3249 1526 3297 τις

333 3337 415 3413 ὑμῶν
447 3333 542 3399 οἴεται
575 3334 634 3416 βίςι
664 3331 800 3410 καθέξειν
823 3333 917 3398 αὐτὸν
941 3332 983 3396 τίς
1007 3332 1189 3413 πράγματα
1212 3336 1252 3413 τῷ
1277 3334 1320 3398 τοὶ
1345 3331 1444 3412 χωρία
1469 3333 1525 3396 καῖ

333 3441 462 3519 λιμένας
488 3440 539 3503 καί
566 3441 607 3504 τίς
632 3441 763 3503 τοιαῦτα
788 3438 1024 3520 προειληφέναι,
1051 3439 1104 3502 οὐκ
1127 3439 1213 3518 ὀρθῶς
1238 3437 1346 3504 οίεται.
1370 3435 1444 3504 ὅταν
1468 3439 1527 3515 μὲν

333 3549 396 3628 γὰρ
423 3547 476 3610 ὑπ’
502 3545 617 3618 εὐνοίας
651 3543 693 3609 τέο
725 3541 908 3622 πράγματα
939 3553 1015 3625 ovs&
1048 3544 1100 3608 καῖ
1132 3549 1208 3611 πᾶσι
1242 3545 1350 3611 ταῦτα
1380 3543 1526 3624 συμφέρη

333 3662 394 3726 τοῖς
419 3649 587 3732 μετέχουσι
612 3655 664 3715 τοῦ
690 3649 826 3726 πολέμου
850 3649 903 3712 καί
927 3657 1094 3726 συμπονεῖν
1117 3651 1170 3715 καί
1195 3649 1297 3731 Φέρειν
1320 3650 1379 3722 τοῖς
1405 3655 1528 3728 συμΦο-

333 3763 388 3842 ρας
425 3757 478 3823 καί
519 3755 620 3835 μένειν
651 3755 800 3820 ε’έέλουσιν
832 3753 995 3834 ίίνίραποι·
1028 3752 1103 3819 ὅταν
1134 3757 1162 3822 δ’
1193 3759 1227 3820 ἐκ
1259 3755 1438 3831 πλεονεξίας
1472 3755 1527 3820 ιιαῖ

335 3864 478 3944 πονηρίας
509 3887 555 3934 τις
587 3859 686 3939 έίσπερ
717 3856 801 3932 οὗτος
834 3863 949 3942 ίσχίση
986 3864 1002 3937 η
1035 3862 1136 3940 πρώτη
1165 3859 1319 3942 πρίφασις
1344 3863 1397 3928 καί
1422 3862 1529 3940 μικρὸν

334 3980 484 4048 πταῖσμα
508 3967 625 4034 ἅπαντ’
650 3967 833 4048 οίνεχαίτισε
858 3966 923 4054 [καί
945 3965 1093 4055 ῖιέλυσε].
1129 3968 1288 4034 Faltonius
1307 3989 1381 4056 pag.
1404 3967 1479 4032 154.
1495 3966 1526 4032 5.

334 4185 387 4250 καῖ
412 4177 642 4260 τοιαῦθ’ἕτερα
665 4183 807 4258 χρησιμα
833 4181 903 4259 πρὸς
929 4180 1082 4257 πόλεμον·
1108 4179 1160 4259 ίριῖ
1186 4180 1215 4244 δὲ
1240 4183 1278 4252 ὡς
1303 4175 1376 4243 ὅταν
1396 4179 1452 4255 μὲν
1473 4180 1528 4243 ὑπ’

334 4288 449 4360 εὐνοίας
480 4287 523 4350 τίι
553 4285 735 4365 πράγματα
766 4285 936 4366 συνέχηται
969 4283 1022 4348 καί
1056 4290 1135 4350 ποῖσι
1168 4285 1273 4350 ταύτὰ
1298 4285 1441 4366 συμφέρη
1463 4293 1529 4356 τοῖς

334 4393 503 4477 μετέχουσι
532 4398 590 4457 τῶν
615 4389 757 4467 πολέμου
781 4391 865 4470 μένει
888 4392 930 4456 sol
954 4389 1128 4460 συςαέέντα
1151 4390 1312 4469 βεβαίας,
1336 4387 1410 4456 ὅταν
1436 4391 1467 4456 δέ
1493 4391 1530 4468 ἐξ

335 4501 502 4581 ἐπιβουλῆς
541 4497 593 4562 καί
624 4496 804 4574 πλεονεξίας
834 4495 945 4578 οὶποίτη
975 4497 1028 4563 καί
1061 4497 1120 4582 βία
1152 4496 1353 4578 κατέχηται,
1385 4500 1530 4583 καέοίπερ
