3208 5158
649 370 713 444 let

104 563 131 625 in
151 561 222 626 letis
242 563 439 627 membranis
462 564 505 634 sic
529 563 645 635 κιίλλνς
667 560 880 642 γεγραμμέναι
905 563 1009 628 literis
1032 563 1196 649 quedrstis
1215 566 1284 632 sive

104 665 265 733 uncialibus
294 689 414 756 mogus
442 689 517 734 cure
547 673 580 735 et
609 673 676 734 arte
708 675 797 734 erunt
830 667 998 754 cleboreti3
1031 669 1088 734 clii
1116 671 1158 742 είς
1181 671 1283 752 ταχος

104 772 301 852 γεγραμμένοι
333 774 385 838 διὰ
409 774 541 849 σημείων
565 777 693 840 minute
716 773 772 839 sed
794 773 991 862 pereleganti
1014 777 1172 861 scripture
1195 776 1284 842 hebi·

104 879 142 944 les
162 878 200 944 ed
220 899 374 954 menum,
394 899 457 944 non
476 881 589 968 magni
605 879 770 965 ponderis,
783 881 868 944 notis
879 889 912 944 et
922 881 1118 965 compendiis
1130 881 1283 948 distincti.

106 985 145 1051 De
170 983 230 1050 illo
253 1005 370 1072 genere
400 983 555 1051 Libenius
585 985 697 1050 scribit
719 982 744 1048 I.
775 983 850 1052 214.
874 983 906 1049 2.
930 983 1049 1063 ἄγεται
1073 987 1123 1051 ἐπί
1147 987 1202 1060 τὴν
1225 993 1286 1052 τῶν

104 1089 187 1166 νίμνιν
220 1089 353 1166 μιίίιιαιν
389 1091 506 1176 (sermo
541 1095 589 1156 est
624 1090 664 1155 de
697 1089 894 1156 adolescente
928 1094 984 1176 qui
1017 1091 1285 1177 iurisprudentiee

103 1216 217 1281 operam
249 1195 383 1261 daturne
412 1199 448 1260 in
477 1196 686 1282 Berptsneem
719 1195 862 1262 scholam
889 1198 1047 1282 mittitur)
1072 1235 1113 1246 -
1140 1197 1283 1280 διφθέρας

106 1302 154 1378 μὲν
174 1309 359 1366 ΠΔΧΕΙΛΟ
378 1324 414 1364 τε
435 1302 487 1366 καί
508 1309 730 1366 llAATElAC
750 1301 793 1365 τίν
815 1300 938 1379 γόνατα
950 1303 1144 1382 βαμυνυιίσας
1157 1303 1283 1388 ἔφερεν,

64 1435 66 1442 ·
104 1406 185 1491 plene
205 1413 243 1472 ut
264 1405 485 1493 Hieronymus
505 1407 589 1471 dixit
606 1411 682 1472 noto
702 1405 789 1473 loco:
816 1407 965 1484 „labeant
983 1413 1036 1495 qui
1053 1409 1157 1473 coloci
1174 1417 1284 1474 υιίαναι

104 1512 186 1576 tidros
215 1512 249 1575 ι’νι
278 1512 455 1576 mocio
484 1512 646 1596 ιίαιανίρίον
676 1513 860 1598 oseem,
892 1521 926 1578 ct
949 1518 1035 1596 culpo
1057 1514 1162 1593 ανύιιί,
1186 1515 1284 1580 literis

106 1639 187 1682 cccc
207 1621 299 1698 copie
321 1623 446 1682 secreta
469 1641 555 1704 quom
579 1615 721 1683 codicee.”

143 1721 219 1788 'l'sm
247 1727 361 1812 megni
391 1723 539 1808 ponderis
561 1721 660 1788 libros
683 1723 803 1790 servuli
824 1724 955 1788 sumre
977 1725 1155 1812 gestabant.
1190 1725 1282 1792 Tem.

104 1828 155 1893 Ill.
185 1827 257 1894 145.
292 1829 322 1893 1.
355 1833 413 1893 τῶν
439 1829 562 1894 cistercie
586 1865 630 1878 -·
654 1821 682 1893 ci
704 1827 829 1910 Φίρουσι
852 1831 895 1909 τῷ
919 1830 1008 1895 παιδί
1031 1831 1073 1895 rol
1097 1831 1226 1911 βιβλία.
1251 1837 1284 1898 et

104 1933 139 1999 ll.
158 1933 208 1999 81.
230 1933 259 1998 1.
283 1937 309 1999 oi
329 1935 372 1999 cci
391 1935 510 2012 βιβλία
527 1943 591 2008 τοῖς
612 1935 686 2006 νέοις
707 1936 783 2000 'erl'
800 1937 959 2000 ὬΜΩΝ
981 1938 1136 2017 φέροντες.
1160 1936 1283 2026 Magno

104 2042 269 2105 constitisse
304 2039 438 2127 colliges
470 2061 510 2106 ex
544 2039 635 2105 Tem.
671 2039 715 2105 II.
754 2038 830 2106 289.
868 2041 1044 2116 ιίνιιλιίιιασι
1080 2042 1123 2105 τίν
1157 2043 1282 2109 rioldus

104 2145 212 2222 βιβλία
241 2170 276 2210 τε
307 2145 464 2222 ὠνούμενοι
496 2145 549 2210 καί
578 2147 684 2222 μισθὸν
715 2151 886 2219 τελοῦντες.
922 2146 1023 2212 Pauci
1053 2147 1186 2232 quidem
1206 2148 1284 2214 libri

104 2252 277 2338 degenere
306 2250 366 2316 hoc
397 2250 492 2339 longe
522 2253 735 2316 vetustissimi
766 2251 807 2318 ed
835 2257 977 2319 nostram
1009 2257 1147 2318 estatem
1169 2256 1284 2339 perdu-

102 2363 213 2422 rerunt.

145 2462 279 2529 Alienus
302 2467 427 2552 generis
450 2462 571 2530 librum
597 2465 746 2542 brevem,
770 2464 895 2550 levem,
919 2465 1060 2532 habilem
1085 2467 1126 2532 ed
1148 2487 1283 2532 menum

102 2569 207 2635 multis
236 2568 402 2655 descripsit
431 2569 586 2636 Libcnius
608 2569 698 2635 Tem.
720 2570 746 2635 Ι.
773 2568 848 2636 100.
875 2572 960 2638 unde
983 2593 1084 2658 peuce
1104 2573 1283 2660 proferam:

104 2671 134 2748 ἦν
154 2700 202 2754 μαι
222 2677 351 2764 (inquit)
379 2677 396 2750 ἡ
422 2675 604 2742 Θουκυδίδου
636 2677 811 2757 συγγραφὴ
841 2677 1024 2756 γράμματα
1048 2681 1105 2758 μὲν
1129 2681 1158 2744 ἐν
1183 2676 1285 2759 μιαρί-

103 2806 167 2857 τιιτι
188 2785 361 2863 χαρίεντα,
385 2785 421 2848 τί
445 2782 475 2847 δὲ
499 2783 629 2859 σύμπαν
653 2779 728 2846 οὕτω
748 2783 846 2865 ῥᾴδιον
866 2784 970 2863 Φίρειν
989 2782 1041 2852 ὦς’
1062 2787 1155 2857 αὐτὸς
1177 2783 1284 2865 ἔφερον

104 2891 202 2963 παιδὸς
221 2889 475 2960 ιδιινλνυίυῦντνς·
500 2888 553 2952 καί
578 2889 613 2951 τὸ
636 2889 758 2969 φορτίον
781 2887 888 2968 τέρψις
913 2885 956 2962 ἦν.
1003 2890 1085 2956 Tem
1108 2891 1215 2957 multe
1235 2897 1284 2958 est

103 2999 213 3062 mentio
236 3003 269 3062 et
290 2993 376 3082 epud
399 2991 560 3060 Gelonem
579 3002 612 3057 et
634 2993 720 3077 apud
742 2995 850 3078 ipsum
873 2993 1046 3060 libanium
1066 2998 1281 3073 τῶνσιιμείιιν,

103 3101 210 3184 quibus
229 3103 255 3166 oi
280 3103 322 3171 sic
354 3099 455 3178 τιίχνς
483 3099 658 3178 γράφοντες
691 3101 759 3166 sive
786 3101 812 3164 cl
842 3101 1068 3183 σημεινγμαφνι
1090 3104 1281 3184 utebantur,

104 3210 137 3268 ut
161 3205 262 3272 facilis
284 3209 327 3270 sit
350 3206 530 3270 coniectura
554 3224 632 3290 opus
658 3203 904 3291 Thucydideum
924 3209 959 3270 in
979 3212 1047 3272 tem
1068 3208 1197 3275 brevem
1217 3229 1284 3274 mo

103 3307 162 3376 lem
179 3316 375 3377 contractum
387 3310 608 3376 huiuscemodi
619 3312 703 3375 uotis
716 3311 974 3397 compendiisque
986 3319 1153 3379 exaratum
1164 3315 1279 3391 fuisse,

103 3435 176 3499 quse
197 3419 356 3483 cernimus
373 3419 408 3483 in
425 3415 492 3480 illis
512 3412 700 3493 (lodicibus,
721 3419 777 3500 qui
794 3417 950 3502 permulti
970 3424 1108 3484 centem
1127 3420 1282 3485 tulerunt.

103 3519 204 3607 ltsque
233 3525 334 3588 etiem
365 3524 399 3586 in
427 3523 468 3586 iis
498 3520 608 3599 libris,
640 3524 696 3606 qui
729 3521 844 3588 multis
878 3523 1013 3589 saeculis
1046 3530 1119 3590 ente
1153 3520 1284 3591 Codices

103 3625 188 3693 hodie
221 3630 408 3712 superstites
438 3628 549 3712 scripti
579 3626 726 3704 fuerunt,
757 3627 869 3692 eedem
900 3632 948 3692 est
979 3628 1096 3714 triplex
1130 3632 1285 3696 vitiorum

104 3736 200 3820 origo:
231 3738 289 3799 cut
319 3732 445 3798 litterae
476 3732 648 3818 quedretee
677 3731 780 3797 forme
809 3734 893 3798 inter
915 3753 948 3798 se
971 3733 1094 3800 similes
1117 3736 1285 3802 confunde·

104 3835 225 3916 tetur,
263 3842 320 3904 eut
354 3859 394 3902 ex
428 3837 624 3923 compendiis
657 3837 744 3903 mele
777 3836 869 3903 lectis
904 3843 960 3903 eut
993 3838 1079 3904 mele
1112 3839 1285 3907 intellectis

104 3943 209 4008 nendo
230 3943 454 4021 nascebantur,
480 3949 537 4008 eut
554 3942 637 4008 liber
656 3942 791 4008 detritus
808 3948 841 4008 et
859 3963 1005 4028 perrosus
1022 3943 1167 4031 fugiente
1187 3949 1283 4032 scrip·

104 4049 168 4114 ture
181 4049 215 4112 in
233 4048 317 4115 libro
340 4049 440 4113 rimis
457 4049 621 4114 fetisccnte
645 4053 857 4113 correctorum
879 4047 989 4114 futiles
1012 4053 1044 4114 et
1066 4051 1190 4135 ineptes
1213 4072 1282 4118 eon·

105 4149 230 4220 lecturus
249 4154 408 4221 eliciebat.
445 4153 614 4220 Preeteree
633 4153 829 4219 emblemate
852 4157 884 4219 et
906 4154 1063 4220 lectorum
1083 4160 1285 4224 annotatiun-

105 4257 202 4334 tulse‚
236 4267 269 4326 ct
302 4265 450 4326 veterum
478 4260 649 4326 verborum
677 4261 967 4344 interpretetiones‚
1000 4264 1033 4325 et
1067 4261 1285 4330 additamenta

104 4377 187 4534 effi
215 4385 321 4454 genus
350 4365 480 4450 perinde
507 4364 582 4433 illos
611 4364 710 4431 libros
739 4369 863 4431 veteres
893 4385 930 4432 ec
959 4370 1083 4434 nmtros
1105 4387 1285 4438 commacu·

187 4475 210 4535 t.
