3392 5186
875 367 940 436 422

313 563 376 629 trie
398 561 553 629 vocabula
575 566 610 628 in
631 562 683 626 his
706 560 775 627 loco
798 581 856 626 suo
879 566 967 625 mote
989 580 1056 625 cese
1078 561 1238 626 videntur.
1280 557 1411 646 Optime
1432 577 1502 644 pro·

313 668 425 733 cedent
448 671 556 733 omnic
579 671 607 732 si
629 669 843 753 rescripseris:

588 781 646 838 τῶν
669 775 725 851 μὲν
750 775 907 854 μνντνίροιν
932 774 1075 838 σκέδασιν
1100 775 1164 838 xri.

362 879 425 946 Sed
448 879 615 946 meliorem
638 881 734 944 etiam
758 881 855 944 huius
877 879 942 962 loci
965 880 1219 944 emendationem
1245 880 1327 944 mihi
1346 879 1507 964 suggessit

316 987 405 1054 iocus
428 989 462 1051 in
487 985 545 1052 Od.
570 1012 597 1050 ν.
623 985 699 1050 225.
748 984 836 1050 Solet
861 987 948 1049 enim
972 987 1006 1050 in
1028 986 1222 1050 carminibus
1245 985 1425 1050 Homericis
1449 987 1506 1047 sut

317 1093 405 1158 idem
436 1092 534 1164 σὶοιδίς
566 1113 624 1157 suc
654 1097 811 1176 repetere.
836 1095 892 1155 sui
915 1090 999 1155 elius
1022 1088 1124 1156 eliens
1147 1093 1286 1175 imitari,
1310 1111 1349 1154 ex
1371 1109 1506 1174 quorum

317 1199 460 1265 locorum
481 1201 717 1283 comparatione
735 1217 810 1262 vers
821 1196 916 1262 lectio
928 1199 1048 1281 optime
1060 1199 1275 1262 constituitur.
1298 1197 1435 1283 Legitur
1445 1194 1468 1259 l.
1482 1193 1503 1258 l.

455 1306 531 1368 ἀλλ’
555 1302 600 1368 ἔτι
624 1302 675 1367 τδν
701 1301 824 1376 δίτονον
847 1301 950 1378 ίίομαι
975 1301 1090 1366 είποίεν
1114 1300 1204 1365 isicio

453 1414 651 1474 ἈΝΔΡΩΝ
675 1407 831 1487 μννςνίρων
855 1407 996 1471 σκέδασιν
1020 1407 1107 1470 κατα
1131 1406 1263 1485 δώματα
1288 1407 1360 1480 isin.

318 1517 403 1583 unde
427 1517 564 1601 emergit
586 1534 661 1581 vere
682 1513 795 1578 lectio:

499 1622 609 1699 ἀνδρῶν
632 1625 791 1696 μνηςιίρων
815 1618 959 1684 σκέδασιν
983 1617 1069 1682 κατα
1092 1617 1224 1694 δώματα
1249 1620 1324 1692 irin.

365 1729 493 1808 Ἀνδρῶν
516 1728 671 1805 μνντνίραν
694 1724 814 1811 legitur
837 1727 937 1790 ctiam
960 1723 1019 1789 Od.
1042 1728 1077 1802 ψ.
1105 1723 1180 1788 138.
1205 1735 1238 1790 et
1262 1749 1295 1788 οι.
1319 1723 1351 1788 2.

366 1936 423 2003 Od.
445 1947 480 2000 B.
507 1933 562 2000 40.

457 2039 477 2106 ὦ
503 2041 604 2122 γέρον,
629 2042 662 2104 οὔ
684 2039 772 2111 texis
798 2033 883 2108 οὗτος
907 2039 980 2119 ἀνὴρ
1003 2039 1110 2122 (τρίχα
1134 2039 1245 2104 εείσεαι
1270 2037 1377 2126 αὖτίς)

436 2145 487 2220 ’ὃς
510 2149 586 2212 λαὸν
608 2145 726 2225 ἤγειρα.

372 2253 467 2322 Oerto
488 2257 586 2320 metri
603 2253 691 2318 lebes
711 2253 900 2337 scripturam
920 2250 982 2317 loci
1001 2252 1205 2319 vehementer
1225 2257 1404 2336 suspectam
1425 2251 1512 2315 fecit.

322 2362 472 2448 Suspicor
494 2359 573 2426 olim
597 2360 710 2424 fuisse:

709 2455 739 2534 ὃς
766 2463 842 2550 (riv)
867 2464 943 2528 λαδν
962 2465 1109 2542 Ἄραρα.

369 2575 486 2640 Forma
508 2573 619 2650 ἄγειρα
642 2574 674 2634 et
697 2569 775 2635 olibi
799 2568 920 2656 legitur
943 2573 976 2634 et
999 2567 1028 2645 Ε.
1052 2567 1130 2635 285.

457 2677 563 2742 πολλὰ
587 2675 614 2738 δ’
638 2672 752 2754 ἄγειρα
775 2673 919 2755 χρήματ’
944 2675 993 2739 τίν’
1020 2674 1209 2754 Αἰγυπτίους
1234 2673 1356 2754 ἄνδρας.

368 2890 428 2958 Od.
478 2938 486 2955 .
511 2887 565 2954 33.

392 3069 394 3073 ,
452 2915 541 3060 δαῖτ’
566 2992 754 3072 ἐντυνόμενοι
777 2992 912 3073 κρίαπ’
936 2992 1042 3058 ὤπτων
1066 2991 1154 3057 ἄλλα
1178 2992 1208 3055 τ’
1231 2991 1355 3072 ἔπειρον.

369 3103 530 3170 Homerus
553 3107 585 3166 et
608 3101 816 3166 Athenienses
838 3120 948 3164 omnes
970 3119 1033 3164 non
1056 3098 1120 3164 elis
1138 3098 1241 3163 forme
1259 3105 1395 3164 utuntur
1414 3119 1512 3184 quem

326 3211 398 3292 κρέα
421 3208 539 3275 ultime
560 3208 660 3273 brevi.
707 3205 894 3292 Legendum
919 3210 967 3270 est
988 3207 1037 3292 igi
1052 3225 1091 3268 ur
1113 3203 1186 3284 κρέα
1209 3203 1238 3267 τ’
1260 3204 1377 3268 ὤπτων.

368 3425 494 3489 Passim
525 3417 760 3484 confunduntur
791 3417 825 3480 in
852 3414 943 3481 libris
973 3419 1103 3492 μίμνον,
1133 3413 1254 3492 ἔμιμνε,
1282 3415 1456 3496 παρίμιμνε
1479 3423 1512 3480 et

322 3534 395 3598 sim.
426 3539 456 3594 ct
487 3533 613 3604 μεῖναν,
646 3521 763 3605 ἔμεινε,
795 3521 971 3601 παρέμεινε.
1017 3519 1232 3607 Corrigendus
1263 3526 1311 3586 est
1340 3521 1427 3586 locus
1451 3518 1510 3584 Od.

324 3648 361 3702 Δ.
389 3634 465 3701 733.

459 3741 501 3819 τῷ
527 3762 560 3802 ιιε
585 3734 666 3813 μάλ’
691 3734 708 3810 ἥ
734 3758 784 3798 κεν
808 3733 925 3810 ἔμΕΙνε
949 3733 1000 3799 καί
1026 3733 1191 3810 ἐσσύμενός
1216 3757 1271 3812 περ
1296 3733 1372 3798 ὁδοῖο

462 3844 478 3919 ἦ
504 3843 538 3908 κέ
560 3867 601 3919 με
626 3841 784 3914 τείνννίαν
807 3839 847 3903 ἑνί
872 3839 1052 3917 μεγάροισιν
1077 3839 1224 3903 ineius.

371 3950 580 4020 scribendum
605 3945 732 4026 ἕμΙΜνε
754 3951 792 4010 ut
814 3943 960 4010 ἔλΕΙπεν.
986 3943 1068 4025 Quia
1087 3948 1121 4010 in
1141 3945 1258 4024 μίμνω,
1282 3946 1371 4009 utin
1391 3946 1512 4029 πίπτω,

326 4058 446 4131 vocalis
469 4067 482 4122 Ι
506 4056 602 4143 longe
626 4059 674 4119 est
695 4056 767 4138 posi
790 4071 949 4138 syncopen
972 4052 1086 4116 vitiose
1109 4050 1209 4137 uulgo
1229 4050 1350 4137 legitur
1366 4053 1461 4130 μίμνε
1481 4055 1513 4116 et

328 4168 439 4248 μίμνον
462 4184 518 4249 pro
541 4170 636 4239 μίμνε
662 4162 695 4224 et
716 4165 846 4237 μίμνον,
870 4161 909 4221 ut
932 4164 1029 4220 πῖπτε
1052 4165 1085 4222 et
1107 4163 1231 4221 πῖπτον.

352 4379 430 4476 oo.
456 4386 494 4441 n.
519 4372 596 4441 see.

508 4477 591 4546 εὗδον
614 4477 783 4559 παννύχιος
806 4476 858 4541 καί
884 4477 934 4538 ἐπ’
959 4477 999 4550 ἠῶ
1023 4475 1076 4538 καί
1097 4475 1191 4552 μέσον
1216 4472 1310 4556 ἦμαρ.
