3410 5180
743 367 806 440 451

181 557 316 638 πόλεμος
347 559 463 638 γένοιτο
491 562 563 641 τρὸς
584 571 622 644 τῇ
647 563 752 647 χώρα,
779 563 842 633 πῶς
867 560 905 627 άν
930 560 1024 625 αὑτὸν
1046 560 1140 626 οἴεσθε
1163 560 1292 639 ἑτοίμως
1316 560 1369 643 ἐφ’

181 666 264 745 ὑμᾶς
295 665 412 741 ἐλθεῖνς
446 648 505 732 εἶτ*
529 667 583 732 οὐκ
604 667 790 747 αἰσχύνεσθε
815 669 840 733 εἰ
866 668 973 733 Μ11Δ“
997 660 1019 733 ά
1042 666 1163 734 πάθοιτ’
1186 665 1246 743 άν,
1271 667 1296 733 εἰ
1321 665 1369 732 dd-

180 769 260 834 ναιτ’
286 771 414 850 ἐκεῖνος,
439 776 544 838 ταῦτα
567 782 693 850 ποιῆσαι
714 773 814 854 καιρὸν
835 771 960 855 ἔχοντες
983 783 1040 840 OT
1061 775 1253 852 τολμήσετες
1274 772 1369 840 Gom·

179 876 337 964 parandus
368 881 416 943 est
442 899 517 943 oum
537 878 590 944 his
611 877 700 945 loeus
723 881 757 944 in
781 879 926 946 Midioen
948 899 1025 967 pag.
1052 877 1131 946 532.
1155 877 1198 945 25
1224 872 1295 944 εἶτα
1317 878 1369 942 τὸν

180 983 236 1060 μὲν
267 983 415 1065 χορευτὴν
445 985 506 1050 οὐδ’
537 985 551 1049 ο“
586 985 801 1065 προσκαλέσας
833 985 920 1051 κατά
943 984 995 1049 τὸν
1018 985 1108 1064 νόμον
1131 983 1260 1066 άζήμιος
1283 981 1370 1066 ἓςαι,

179 1089 229 1155 τὸν
253 1090 285 1156 δὲ
307 1090 442 1172 χορηγὸν
467 1092 566 1156 ΟΤΔ’
591 1089 605 1154 ὁ
630 1092 796 1171 συγκόψας
820 1091 907 1173 παρά
929 1091 1054 1163 πάντας
1076 1089 1147 1164 τοὺς
1169 1090 1275 1172 νόμους
1294 1087 1370 1156 οὕτω
1412 1117 1415 1126 ’

179 1197 317 1279 φανερῶς
342 1205 398 1261 OT
422 1195 508 1261 δώσει
531 1197 632 1274 lixam
656 1195 747 1263 Idem
770 1199 803 1262 in
826 1203 960 1284 utroque
984 1195 1053 1263 loeo
1077 1195 1227 1264 simfliter
1245 1215 1371 1281 oompo·

179 1303 241 1367 sito
272 1303 392 1368 vitium
422 1304 514 1369 inest.
568 1302 606 1376 ln
638 1309 774 1389 utroque
805 1302 905 1370 altera
927 1305 1057 1392 neg-atio
1080 1304 1195 1370 vitiose
1218 1300 1369 1368 abundat.

180 1406 217 1472 In
239 1406 428 1474 MidiauoS
451 1409 513 1475 fert
535 1429 630 1495 opem
653 1411 805 1476 omittens
829 1411 862 1476 οὐ
883 1415 956 1476 ente
976 1407 1081 1487 δώσει,
1101 1403 1373 1495 quemadmodum

180 1517 215 1579 in
245 1513 303 1580 illo
332 1513 402 1580 looo
432 1515 465 1580 οὐ
497 1521 571 1581 ante
601 1519 776 1594 τολμήσετε
808 1515 1056 1603 expungendum
1087 1535 1155 1581 ease
1178 1514 1369 1580 censuimus

180 1619 291 1686 Potest
320 1625 429 1688 tamen
460 1624 559 1714 etiam
590 1621 653 1689 alio
684 1622 779 1690 modo
807 1625 981 1688 sententiae
1000 1620 1088 1687 labes
1112 1621 1233 1695 sanari,
1256 1637 1374 1702 nempe

181 1725 286 1793 deleto
317 1728 395 1805 μηδέ
427 1733 460 1794 61
490 1727 576 1806 οὐδέ,
608 1734 646 1794 ut
676 1727 907 1796 Demosthenes
937 1727 1068 1794 dixerit:
1101 1727 1126 1792 εἰ
1158 1719 1181 1792 ά
1216 1723 1373 1790 πάθοιτ’

181 1830 220 1898 άν
244 1869 286 1882 -
309 1837 417 1900 ταῦτα
438 1841 612 1911 τοιῆσαι
635 1835 668 1900 οὐ
692 1837 889 1913 τολμήσετες
914 1837 964 1900 et:
988 1834 1039 1900 τὸν
1059 1832 1090 1899 δὲ
1109 1832 1242 1914 χορηγὸν
1263 1830 1277 1894 ὂ
1296 1854 1374 1908 συγ·

182 1938 283 2019 κόψας
305 1976 347 1988 -
372 1942 405 2006 οὐ
441 1939 528 2005 δώσει
563 1939 662 2018 tinam
701 1940 786 2028 quod
822 1939 953 2026 quidem
982 1941 1017 2005 in
1047 1941 1151 2024 priore
1180 1937 1249 2005 loeo
1278 1935 1375 2002 habet

182 2045 325 2132 aliquam
359 2039 399 2112 ab
434 2048 593 2112 sententia
626 2045 947 2113 commendationem.
1005 2045 1064 2112 Est
1098 2045 1185 2111 enim
1219 2043 1375 2129 oppositio

182 2153 265 2217 inter
288 2149 415 2217 πάθοιτε
439 2157 472 2218 61
495 2158 620 2224 ποιῆσαι
626 2199 635 2230 ,
660 2153 740 2238 qaod
758 2152 920 2237 Philippos
933 2152 1080 2239 fecisset,
1105 2150 1182 2216 idem
1203 2171 1254 2216 voe
1264 2149 1377 2235 faeere

183 2279 242 2324 αοα
271 2257 442 2324 audebitis?
489 2255 572 2333 Mnt'
601 2255 625 2324 ά
656 2258 782 2324 πάθοιτε
814 2261 861 2324 116
892 2258 1011 2324 dieitur
1044 2258 1135 2343 quasi
1168 2254 1377 2322 Athenienses

184 2366 305 2431 maiore
331 2369 364 2430 61
393 2365 543 2452 graviora
565 2364 777 2450 malefacere
800 2384 897 2450 quam
920 2368 1051 2448 uespere
1073 2363 1270 2448 potuissent,
1294 2358 1377 2446 qood

185 2490 260 2536 cum
281 2472 329 2537 rei
349 2475 464 2537 natura
486 2476 620 2558 pugnat.

227 2677 306 2767 Peg.
334 2677 388 2744 19.
413 2677 467 2745 15.
490 2682 544 2744 τοῦ
569 2680 679 2746 ἐκεῖνον
705 2677 939 2766 (Philippum),
965 2673 1038 2757 άτερ
1061 2675 1115 2742 καὶ
1139 2675 1251 2752 ἀληθὲς
1276 2674 1374 2759 ὑπάρ-

183 2806 252 2863 χει,
276 2789 436 2868 φαῦλον
457 2784 636 2866 Φαίνεσθαι.
671 2783 803 2850 Dixerat
821 2783 1053 2852 Demosthenes
1074 2791 1279 2850 ΦΛΛΤΡΟΝ
1300 2783 1377 2867 Φα1-

184 2891 296 2956 νεσθαι.
342 2889 501 2976 Perpetuo
532 2893 616 2956 inter
645 2911 679 2956 66
709 2889 945 2955 confunduntur
974 2893 1098 2971 φαῦλος
1125 2895 1157 2955 61
1179 2894 1318 2972 φλαῦροι
1343 2891 1378 2957 in

184 2995 276 3062 libris
298 2999 434 3072 nostaie,
459 2995 515 3062 661
538 2998 614 3081 quia
636 2995 821 3062 discrimine
845 2999 930 3061 certo
956 2993 1135 3080 discrepant
1156 3016 1220 3061 non
1243 3000 1292 3063 est
1317 2996 1378 3063 111-

185 3099 268 3168 fieile
298 3107 409 3168 utrum
440 3106 563 3184 φαῦλος
595 3121 636 3167 an
666 3105 804 3184 φλαῦροι
829 3099 1033 3166 scribendum
1057 3100 1101 3164 sit
1122 3099 1241 3186 ubique
1264 3104 1379 3168 eonsti-

184 3211 283 3278 tuere.
332 3213 454 3283 Φαῦλος
483 3210 570 3274 enim
594 3205 758 3272 σοαθοοιιίοο
780 3205 914 3281 dieitur,
940 3207 1081 3287 Φλαῦρος
1104 3205 1203 3272 odiose
1226 3211 1259 3273 61
1280 3208 1380 3274 σείοντ’-

185 3333 263 3377 aoso.
300 3319 421 3388 Φαῦλος
442 3320 490 3382 661
510 3313 658 3391 εὐτελής,
678 3313 785 3389 ὀλίγον
807 3309 910 3390 άξιος,
930 3308 1219 3398 εὐκαταφρόνητος,
1237 3311 1378 3399 σμικράς,
1407 3371 1411 3380 .

186 3418 329 3494 ταπεινάς
359 3429 392 3486 61
421 3423 494 3487 eim.
542 3424 680 3500 Φλαῦρος
705 3428 813 3484 eontra
836 3423 884 3484 661
910 3414 1004 3489 κακός
1016 3465 1025 3496 ,
1051 3415 1195 3498 πονηράς,
1214 3417 1377 3500 μοχθηρός.

185 3524 358 3612 Philippus
388 3527 637 3594 Atheniensibus
658 3523 742 3591 nihil
764 3526 872 3590 minua
895 3544 994 3610 quam
1014 3528 1137 3607 Φαῦλοι
1161 3543 1229 3592 6666
1249 3525 1379 3593 videba-

188 3638 256 3708 tur,
290 3632 346 3698 sed
374 3634 471 3698 maen
503 3639 535 3700 et
565 3633 721 3717 improbus.
769 3629 807 3696 In
838 3630 983 3697 Midian
1014 3649 1088 3717 pag.
1118 3626 1195 3696 553.
1220 3627 1274 3699 17.
1297 3630 1380 3711 ὤμνυ

188 3736 316 3818 -ρινρδὲν
338 3737 485 3817 εἰρηκέναι
509 3737 576 3819 περὶ
601 3739 697 3803 αὐτοῦ
728 3740 884 3819 Φαῦλον.
918 3738 964 3801 616
986 3733 1025 3814 Β,
1052 3734 1109 3802 alii
1131 3737 1250 3808 roseius
1271 3741 1379 3820 φλαῦ-

186 3867 248 3926 ρον,
280 3848 318 3910 ut
348 3844 469 3929 optime
498 3841 619 3931 legitur
647 3863 721 3930 pag.
755 3839 832 3907 488.
866 3839 896 3911 7.
929 3843 985 3908 καί
1014 3865 1065 3921 μοι
1098 3840 1192 3919 μηδὲν
1226 3844 1376 3926 ὀργισθῇς.

187 3949 268 4016 οὐδὲν
297 3948 361 4030 γάρ
391 3953 558 4031 Φλαῦρον
591 3948 643 4028 ἐρῶ
671 3972 716 4012 σε.
742 3953 776 4012 61
798 3967 872 4035 pag.
898 3943 975 4013 581.
1000 3946 1054 4013 19.
1078 3947 1145 4028 περὶ
1172 3943 1378 4016 duellionis

186 4056 302 4134 εἴποιμι
325 4053 399 4136 πρὸς
424 4053 506 4132 ὑμᾶς
539 4058 704 4138 Φλαῦρον
736 4053 809 4132 ἐγώ.
833 4055 935 4124 etsie
958 4053 1037 4119 alibi
1059 4054 1180 4139 passim
1203 4054 1288 4142 apud
1309 4056 1380 4121 Ari-

187 4161 375 4249 stophanem
394 4164 579 4248 praoeertim
601 4166 634 4226 61
652 4158 832 4225 Platonem.
868 4157 979 4244 Itaque
999 4157 1206 4246 corrigendus
1228 4165 1276 4226 661
1290 4159 1379 4227 loeus

186 4269 412 4336 Demosthenie
444 4287 518 4355 pag.
552 4265 629 4333 117.
660 4267 676 4331 1
702 4264 798 4336 οὐδεὶς
824 4265 886 4346 epe
913 4270 1060 4346 φαῦλον
1089 4264 1190 4342 οὐδέν,
1214 4267 1380 4334 imovero
1458 4321 1463 4330 .

188 4379 328 4460 Φλαῦρον
356 4373 454 4449 οὐδέν,
484 4373 520 4439 11
550 4380 599 4440 661
630 4371 726 4445 οὐδεὶς
760 4377 863 4445 κακῶς
894 4373 965 4452 ἐρεῖ.
1011 4369 1146 4438 Videtur
1178 4377 1317 4455 φλαῦρος
1347 4377 1383 4440 in

188 4481 433 4552 desuetudinem
464 4481 591 4560 abiisse,
629 4479 685 4546 aad
715 4482 837 4563 φαῦλοι
871 4477 983 4546 tulisse
1012 4481 1164 4558 aetatem,
1187 4480 1296 4567 itaque
1317 4502 1381 4549 non
