3208 5158
681 359 747 432 28¹7

121 559 270 644 disposita
300 557 529 641 acciperentur:
553 551 664 635 θνθρῶν
687 552 719 619 tt
742 552 841 635 τρθτος
864 549 1028 636 Εὔφορβος
1035 600 1045 634 ,
1071 553 1109 620 σὺ
1133 553 1165 621 tl
1189 557 1225 634 μ’
1248 553 1311 634 ἒξε-

120 665 258 747 ιοιρθζεις.
291 663 375 747 quud
406 664 464 748 qui
492 679 684 747 concoquere
707 663 825 748 poterit
846 681 1022 746 numquam
1047 662 1077 728 ei
1100 665 1168 728 arte
1191 657 1312 730 Gritica

120 777 174 838 aut
196 772 325 836 omnino
349 769 469 834 iudicio
492 771 526 832 in
548 769 617 834 rita
640 769 701 832 erit
725 787 814 853 opus.

163 877 335 944 Caeterum
365 873 516 941 mirificae
546 874 606 939 hae
639 876 673 939 et
694 877 893 958 portentosae
916 872 1087 939 verborum
1111 875 1311 943 traiectiones

120 989 243 1071 praeter
266 988 415 1048 naturam
438 979 530 1046 fleme
553 984 702 1046 revocant
722 979 806 1044 mihi
828 981 862 1044 in
880 981 1072 1046 memoriam
1088 979 1228 1066 lepidam
1248 981 1312 1048 his·

120 1089 268 1156 toriolam
296 1087 380 1173 apud
410 1085 615 1153 Athenaeum
643 1106 717 1172 pag.
743 1083 820 1151 493.
844 1105 873 1152 a.
898 1085 956 1151 ubi
976 1086 1181 1153 Ptolemaeus
1203 1087 1313 1155 Phila·

121 1196 255 1283 delphus
286 1193 428 1260 similem
459 1193 628 1260 verborum
659 1192 880 1257 traiectionem
910 1189 1076 1259 aSosibio
1099 1197 1312 1280 grammatico

122 1306 336 1391 excogitatam
361 1299 533 1366 salsissime
556 1295 749 1363 ludificatur.

164 1408 292 1476 Multae
324 1403 517 1472 Oriticorum
547 1403 705 1478 οὶθετθσεις
735 1424 798 1470 non
827 1403 958 1470 aliunde
990 1423 1087 1490 quam
1119 1405 1193 1472 bino
1221 1412 1314 1474 natae

120 1519 203 1580 sunt.
239 1513 289 1580 lix
312 1533 369 1578 suo
389 1517 422 1577 et
443 1509 627 1597 aequalium
647 1530 757 1588 sensu,
777 1510 915 1598 iudicio,
936 1512 1082 1596 opinione
1102 1513 1315 1580 aestimabant

121 1621 322 1706 antiquitatis
353 1639 482 1684 sensum
510 1637 547 1683 ac
576 1621 730 1682 mentem.
776 1615 814 1680 ln
842 1616 934 1682 Iliad.
967 1627 1001 1685 Ξ.
1032 1617 1108 1686 317.
1132 1622 1313 1688 ιὶθετοῦντοιι

121 1728 202 1809 ςθχοι
229 1725 352 1804 ἔνδικοι,
380 1720 425 1790 θτι
446 1726 648 1790 ’‘AKAIPOC
672 1725 689 1798 ἡ
713 1722 926 1803 οἶτοςρθθμιρσις
950 1729 1009 1788 τῶν
1033 1725 1195 1804 θνομοθτυν.
1223 1727 1275 1793 acl
1300 1727 1314 1793 i

122 1831 319 1912 ἐπειρόμενος
351 1830 591 1909 συνκοιμιρθῆνιοι
615 1835 795 1907 τολυλογεῖ.
842 1828 955 1914 ltaque
977 1827 1315 1921 Aristarchus-dirrsi

122 1941 172 2004 acl
196 1937 403 2019 Ἀριςοφοθννρς
427 1935 590 2016 τρονρθέτει.
639 1935 877 2020 Aristophanes,
903 1956 999 2020 quem
1023 1943 1146 2004 constat
1176 1939 1313 2019 έρωτιιοθν

122 2048 238 2130 fuisse,
269 2062 447 2128 numquam
478 2044 511 2106 in
544 2040 603 2106 tali
625 2062 660 2106 re
681 2040 778 2128 longo
802 2061 947 2107 sermone
970 2061 1086 2108 usurus
1110 2045 1206 2111 fuisse
1229 2047 1316 2114 vide·

122 2157 191 2218 tur:
226 2149 321 2218 facile
353 2147 530 2226 credimus,
562 2147 618 2213 sed
646 2146 710 2213 alia
735 2148 897 2214 veteribus
920 2149 1101 2215 cantoribus
1124 2154 1240 2237 quique
1264 2173 1317 2218 eos

124 2258 296 2325 audiebant
318 2255 397 2322 olim
422 2255 579 2341 placuisse
602 2255 752 2322 credibile
773 2260 836 2333 est,
861 2255 976 2341 quibus
998 2255 1082 2320 nihil
1104 2256 1155 2321 his
1179 2263 1246 2324 erat
1268 2260 1318 2324 iu·

124 2365 259 2430 condius
281 2363 378 2428 εθτεῖι
401 2385 436 2427 τε
460 2361 513 2426 acl
537 2362 678 2426 οὶιιοῦσοι.
703 2360 839 2427 Homeri
862 2363 1002 2426 carmina
1024 2364 1112 2427 vitae
1135 2367 1168 2428 et
1185 2369 1318 2430 naturae

126 2469 293 2556 speculum
324 2489 391 2557 esse
421 2466 584 2533 iudicant:
618 2472 703 2552 esto,
726 2469 781 2533 sed
803 2468 945 2554 autiquae
967 2472 1100 2534 naturae
1123 2475 1159 2534 et
1179 2472 1318 2558 ingenii,

124 2598 185 2643 non
207 2574 430 2660 Aristophanis
453 2579 485 2639 et
508 2574 684 2639 Aristarchi
707 2574 900 2659 aequalium.

170 2682 267 2749 Οὐδὲν
292 2680 330 2747 θον
353 2678 387 2757 ἦν
410 2688 468 2745 τῶν
492 2686 721 2760 γραμματικῶν
744 2680 908 2760 μωρότερον
931 2682 957 2746 εἷ
977 2680 1022 2756 si
1041 2678 1208 2762 Φιλόσοφον
1227 2679 1317 2762 iras,

125 2809 262 2874 qnorum
293 2785 438 2852 nonnulli
470 2789 504 2852 in
535 2785 677 2852 Homero
706 2786 942 2872 interpretando
965 2785 1107 2871 palmam
1132 2787 1319 2853 stoliditatis

125 2895 350 2982 grammaticis
372 2893 623 2978 praeripuerunt.
659 2889 797 2979 Calypso
819 2891 931 2979 Ulyasi
952 2891 1232 2960 immortalitatem
1251 2893 1319 2980 pol-

125 2998 256 3078 licetur,
281 3019 379 3083 quam
403 2996 459 3062 ille
484 2999 624 3082 accipere
646 2997 761 3064 noluit.
809 2997 922 3084 Odyss.
949 3007 987 3063 H.
1011 2997 1090 3063 256.

899 3101 1022 3186 έφοοσιιε

309 3208 408 3283 θήσειν
431 3207 584 3273 οθθοθυιιτον
607 3207 659 3273 acl
684 3208 806 3287 ἄρθρων
831 3207 941 3286 ἥμοοτιι
966 3207 1083 3274 τοθντοι.

307 3317 381 3380 ἀλλ’
405 3314 479 3393 ἐμὸν
500 3313 611 3380 οὔποτε
636 3314 729 3392 θυμὸν
753 3315 794 3380 ἐνὶ
818 3317 958 3390 ςνθθεσσιν
983 3313 1111 3382 έτειθευ.

170 3425 244 3489 Scin
275 3444 333 3488 cur
361 3418 574 3488 recusaverit?
608 3419 796 3506 Numquam
819 3424 955 3508 reperies
978 3423 1041 3487 nisi
1065 3422 1104 3488 ab
1127 3423 1317 3490 Antisthene

126 3530 296 3595 audiveris.
344 3526 535 3602 Ἀντισθένης
572 3527 666 3606 Quoia
701 3522 747 3593 θτι
782 3527 852 3599 τοὺς
882 3528 1010 3608 ἐρῶντος
1043 3527 1096 3610 ἤδη
1131 3526 1205 3614 (leg.
1242 3528 1318 3611 ἤθει)

125 3635 326 3714 ψευδομένους
360 3634 419 3706 τὰς
455 3632 652 3712 ὑποσχέσεις.
682 3637 771 3698 τοῦτο
802 3633 865 3713 etp
892 3641 988 3698 ποιεῖν
1011 3635 1064 3699 oia
1089 3633 1218 3708 ἠδύνατο
1239 3635 1318 3715 dlxx

126 3747 178 3806 τοῦ
211 3741 297 3808 Διθ.
342 3738 448 3806 Heml
476 3740 536 3806 hoc
560 3740 692 3805 demum
715 3745 764 3806 est
786 3737 966 3806 Homerum
990 3741 1192 3825 interpretari
1215 3746 1248 3806 et
1271 3762 1317 3807 aa·

126 3844 215 3932 perel
250 3846 349 3914 Peius
373 3849 472 3912 etiam
496 3851 545 3912 eat
566 3847 624 3911 ubi
646 3844 801 3912 Alcinous
824 3845 909 3911 ultro
933 3844 1033 3911 filiam
1053 3845 1166 3932 Ulyssi
1185 3867 1318 3913 uxorem

126 3953 233 4020 offerre
256 3954 390 4020 uidetur:
413 3952 557 4029 videtur,
581 3953 729 4037 inquam,
754 3972 893 4036 namque
915 3950 1021 4016 scisci
1041 3955 1120 4032 Φςσι
1137 3957 1317 4033 πειρώμενος

127 4059 151 4125 sl
174 4067 245 4132 τοῖς
270 4058 428 4134 οὶλνρθεθοιις
452 4058 611 4124 οθτεθιτοιτο
634 4057 687 4122 τὸν
712 4062 879 4139 Καλυψοῦς
903 4057 1028 4137 γάμον,
1052 4077 1168 4143 nempe
1194 4060 1223 4122 si
1247 4081 1318 4126 con·

127 4165 280 4232 ditionem
310 4165 481 4250 accepisset
509 4165 543 4228 in
573 4163 743 4229 manifesto
772 4163 936 4229 mendacio
967 4163 1138 4249 deprensus
1160 4162 1252 4230 foret.
1276 4165 1316 4231 ad

128 4268 239 4358 Odyss.
273 4277 312 4334 H.
344 4268 409 4334 311
442 4275 474 4335 et
506 4266 582 4334 313.
631 4267 715 4333 Sunt
740 4269 817 4335 haec
840 4268 1103 4355 philosophorum
1123 4271 1317 4352 iocantium,

128 4381 164 4440 ut
185 4378 371 4463 saepissime
395 4375 557 4442 Socratmn
582 4375 666 4461 apud
689 4374 856 4442 Platonem
882 4378 914 4440 et
935 4373 1181 4460 Xenophontem
1199 4377 1234 4440 in
1250 4399 1319 4443 rer·

129 4482 215 4549 sibus
245 4481 430 4549 Homericis
459 4481 625 4549 ludentem
655 4481 823 4560 ridemus,
850 4499 913 4547 non
936 4485 975 4547 ut
996 4484 1107 4567 poetae
1128 4485 1319 4549 sententiam
