3392 5186
777 448 786 457 ,
910 367 975 440 ιιι

618 562 679 627 ὤεα
702 561 801 643 χανδο
824 565 1043 647 ιιῶλειιτορίδοιν
1067 571 1229 641 πετεηνῶν.

394 667 563 746 Σιμωνίδης
588 669 618 735 ἐν
642 667 767 752 δευτέρῳ
791 667 935 748 ίοίμβων·

619 769 677 839 οίίν
699 798 734 840 τε
758 775 852 858 χηνὸς
876 777 945 842 ὤεον
967 776 1169 858 Μαιανδρίου.

392 879 430 946 ln
452 881 504 946 his
525 881 678 948 nonnulle
700 882 897 949 emendanda
919 889 994 950 sunt
1017 890 1050 950 et
1068 881 1254 972 supplendo.
1277 881 1428 950 Primum
1447 889 1536 952 resti-

347 986 459 1053 tuendi
482 993 557 1054 sunt
577 991 720 1067 numeri,
746 992 896 1075 quonism
919 1013 959 1056 ex
981 992 1033 1057 his
1056 1011 1204 1078 apparere
1226 990 1320 1056 debet
1338 994 1420 1058 sitne
1439 991 1537 1080 disyl-

346 1091 458 1162 lsbnm
476 1116 592 1162 nomen
615 1116 655 1162 an
678 1095 892 1183 trisyllabum.
939 1095 1068 1183 Sappho
1090 1099 1157 1175 its,
1183 1097 1292 1176 eredo,
1317 1099 1489 1164 desineret:

530 1201 610 1266 Φαοδ
634 1202 669 1277 δη
695 1224 770 1268 ποτε
792 1201 901 1280 Λιίδαν
923 1203 1080 1270 ὑακίνίΩΙ
1105 1203 1338 1283 πεπνκαδμένον

529 1308 625 1386 εὑρεῖν
648 1306 727 1374 ὤΐον.

393 1411 604 1500 Epicharmus
627 1415 834 1500 anapaesticis
856 1417 1000 1482 numeris
1023 1415 1123 1482 dixit:

620 1518 680 1583 ὤεα
702 1521 800 1600 χανὸς
824 1522 1038 1602 κηλειιτορίδων
1060 1529 1222 1600 πετεηνῶν.

348 1644 413 1691 non
434 1621 652 1705 κῶλὲκτορίδων
677 1627 757 1690 eresi
779 1627 897 1692 Atties.
922 1625 986 1692 Sed
1008 1647 1104 1712 quem
1127 1648 1190 1694 non
1209 1625 1343 1694 offendet
1362 1625 1535 1694 mirificum

349 1731 512 1818 epitheton
545 1731 682 1812 ραίίίιιοο
719 1749 900 1816 vomens-o,
932 1735 1125 1814 ὤλειιτοριδες
1160 1731 1327 1808 πετεηναίί
1374 1733 1536 1802 Exeidisse

348 1841 502 1913 nonnulla
524 1840 665 1923 suspicor
686 1843 718 1904 et
739 1837 847 1904 losum
870 1841 916 1904 sie
939 1859 1005 1904 esse
1027 1839 1236 1926 explendum:

379 1965 383 1971 “
485 1947 545 2013 ὤεα
567 1947 665 2024 χανὸς
689 1943 904 2024 κηλειιτοριδονν
927 1944 980 2009 καί
1004 1951 1061 2010 τῶν
1085 1945 1191 2011 ἄλλων
1214 1951 1376 2020 πετεηνῶν.

396 2054 576 2124 Simonides
595 2057 704 2119 sutem
726 2071 784 2116 sus
803 2049 937 2117 dialecto
953 2050 1041 2136 ὤϊον,
1057 2072 1120 2118 non
1135 2051 1203 2117 ὤεον
1218 2054 1379 2138 scripsisse
1394 2051 1534 2128 videtur,

348 2171 387 2234 ut
409 2162 571 2230 Herodoto
594 2160 719 2244 saepius
738 2157 825 2234 ὤϊον,
846 2158 935 2235 ὤΐον,
956 2156 1016 2223 ὤϊα
1035 2158 1231 2224 reddendum
1249 2163 1298 2224 est
1315 2177 1372 2243 pro
1392 2156 1447 2230 ὤίν
1461 2161 1535 2222 cett.

350 2292 430 2360 quse
459 2269 568 2335 Attice
597 2269 686 2342 sunt,
717 2283 780 2329 non
809 2262 924 2329 Ionios.
970 2263 1008 2328 ln
1030 2264 1121 2330 libris
1143 2263 1373 2331 vetustioribus
1394 2269 1433 2328 ut
1455 2265 1535 2345 ζῶιον

347 2383 396 2448 its
426 2381 459 2444 et
488 2371 552 2438 ῶιίν
582 2375 621 2436 ut
650 2369 829 2455 plurimum
850 2373 1006 2456 seriptum
1029 2377 1077 2437 est
1099 2376 1132 2438 et
1154 2374 1227 2451 ὤεῦ,
1251 2371 1296 2436 dai
1319 2376 1394 2438 sunt
1416 2370 1536 2436 formae

347 2488 491 2556 vitiosae.
537 2477 636 2543 Dedit
656 2481 766 2541 tamen
787 2473 943 2562 Hesychii
966 2477 1097 2543 Editor:

605 2589 608 2598 '
711 2580 836 2659 ὤβεαῑ
868 2581 912 2647 τα
934 2582 989 2648 es.
1016 2581 1161 2665 Ἀργεῖοι.

394 2695 485 2763 Idem
508 2689 690 2778 Hesychius
713 2690 871 2755 servavit:

668 2793 952 2872 ὤβεοιιίπταοτ
985 2793 1056 2869 τοὺς
1080 2791 1180 2874 ὄφεις.

349 2909 406 2981 sed
433 2927 497 2974 non
524 2924 589 2971 uno
618 2905 746 2967 nomine
775 2902 879 2967 forms
908 2901 986 2968 haee
1015 2901 1099 2967 mihi
1129 2901 1206 2967 olim
1237 2905 1382 2988 suspects
1407 2907 1473 2969 est:
1497 2923 1536 2968 ex

350 3016 473 3086 νίπτειν
502 3007 703 3093 δρτυγοκίπος
734 3013 765 3074 et
796 3005 916 3073 similis
947 3007 1051 3074 multe
1081 3012 1264 3073 naseuntur.
1309 3008 1432 3075 Deinde
1459 3009 1536 3094 quid

348 3129 396 3192 est
426 3120 472 3203 ᾠῶ
503 3113 646 3184 κίττεινί
693 3117 840 3202 Angues,
871 3113 979 3190 oredo,
1013 3132 1073 3180 ove
1103 3134 1166 3179 non
1197 3113 1340 3194 ἔκοπτον,
1365 3115 1420 3180 sed
1444 3112 1534 3189 ἡδέος

348 3229 498 3304 ἔκοπτον,
522 3223 606 3291 unde
628 3215 835 3299 ὤβεοιεῶπταο
859 3219 1033 3306 appellatos
1056 3239 1123 3286 esse
1145 3220 1292 3286 arbitror.

880 3531 1002 3606 XXIX.

745 3751 890 3814 HAICAI
916 3783 959 3798 -
983 3757 1140 3818 ΠΑΙΞΛΙ.

580 3860 891 3922 olnonnchrrN
917 3891 959 3905 —
984 3863 1308 3923 ΦΙΛΟΠΑΙΓΜΩΝ.

394 4069 498 4153 Quem
521 4069 564 4134 sit
584 4065 698 4155 lingue
720 4064 891 4132 Homerios
912 4075 951 4148 τῇ
975 4071 1102 4151 παλαιᾷ
1126 4066 1241 4133 Ἀτθίδι
1265 4064 1381 4132 similis
1396 4067 1438 4131 in
1466 4086 1533 4132 ver·

346 4182 462 4247 borum
480 4177 607 4252 formis,
629 4176 855 4259 compositione
874 4180 906 4239 et
925 4193 987 4238 usu
1005 4173 1120 4240 multis
1139 4173 1295 4259 exemplis
1310 4172 1389 4239 nliss
1405 4172 1532 4237 demon·

348 4289 506 4352 straturus
523 4302 608 4346 nune
625 4281 659 4344 in
679 4299 742 4345 nno
765 4279 938 4346 ostendam.
974 4279 1099 4360 Παίζειν
1123 4279 1208 4366 apud
1228 4281 1306 4345 solos
1327 4277 1532 4345 Athenienses

348 4395 470 4458 veteres
488 4387 585 4453 hebet
604 4382 738 4463 ἔπαισα,
758 4385 932 4464 πέπαιςαι,
954 4385 1130 4472 πεπαίοίιι,
1143 4386 1283 4464 παιτὲον,
1295 4383 1529 4466 φιλοπαίσμων,

348 4492 544 4578 ουμπαιτνίς,
569 4491 783 4573 ονμπαίςρια,
809 4492 1011 4574 ονμπιιίςοιρ,
1036 4497 1269 4576 ψηφοπαιοεῖντ
1294 4492 1378 4577 apud
1396 4489 1532 4574 reliquos
