<?xml version="1.0" encoding="UTF-8"?>
<!DOCTYPE html PUBLIC "-//W3C//DTD XHTML 1.0 Transitional//EN"
    "http://www.w3.org/TR/xhtml1/DTD/xhtml1-transitional.dtd">
<html xmlns="http://www.w3.org/1999/xhtml" xml:lang="en" lang="en">
 <head>
  <title>
</title>
<meta http-equiv="Content-Type" content="text/html;charset=utf-8" />
  <meta name='ocr-system' content='tesseract 3.04.00' />
  <meta name='ocr-capabilities' content='ocr_page ocr_carea ocr_par ocr_line ocrx_word'/>
</head>
<body>
  <div class='ocr_page' id='page_1' title='image "./miscellaneacrit01cobegoog_0233.png"; bbox 0 0 3208 5158; ppageno 0'>
   <div class='ocr_carea' id='block_1_1' title="bbox 892 375 958 446">
    <p class='ocr_par' dir='ltr' id='par_1_1' title="bbox 892 375 958 446">
     <span class='ocr_line' id='line_1_1' title="bbox 892 375 958 446; baseline -0.03 0"><span class='ocrx_word' id='word_1_1' title='bbox 892 375 958 446; x_wconf 74' lang='lat'><strong>208</strong></span> 
     </span>
    </p>
   </div>
   <div class='ocr_carea' id='block_1_2' title="bbox 375 564 1488 976">
    <p class='ocr_par' dir='ltr' id='par_1_2' title="bbox 375 564 1488 976">
     <span class='ocr_line' id='line_1_2' title="bbox 375 564 1328 649; baseline -0.004 -13"><span class='ocrx_word' id='word_1_2' title='bbox 375 570 505 649; x_wconf 62' lang='grc' dir='ltr'><strong><em>Ἄρβο,</em></strong></span> <span class='ocrx_word' id='word_1_3' title='bbox 532 567 606 636; x_wconf 93' lang='grc'><strong>720.</strong></span> <span class='ocrx_word' id='word_1_4' title='bbox 995 565 1225 648; x_wconf 79' lang='grc' dir='ltr'><strong><em>Μωμέμφεως,</em></strong></span> <span class='ocrx_word' id='word_1_5' title='bbox 1251 564 1328 632; x_wconf 89' lang='grc'><strong>803.</strong></span> 
     </span>
     <span class='ocr_line' id='line_1_3' title="bbox 390 669 1367 756; baseline -0.002 -15"><span class='ocrx_word' id='word_1_6' title='bbox 390 675 636 756; x_wconf 76' lang='grc' dir='ltr'><strong><em>Βριτομοὶρτεως,</em></strong></span> <span class='ocrx_word' id='word_1_7' title='bbox 662 672 738 739; x_wconf 86' lang='grc'><strong>479.</strong></span> <span class='ocrx_word' id='word_1_8' title='bbox 996 677 1265 754; x_wconf 79' lang='grc' dir='ltr'><strong><em>Πολοιιοκῆψεως,</em></strong></span> <span class='ocrx_word' id='word_1_9' title='bbox 1290 669 1367 739; x_wconf 87' lang='grc'><strong>603.</strong></span> 
     </span>
     <span class='ocr_line' id='line_1_4' title="bbox 390 778 1260 864; baseline -0.002 -19"><span class='ocrx_word' id='word_1_10' title='bbox 390 782 543 864; x_wconf 58' lang='lat' dir='ltr'><strong>alaisae,</strong></span> <span class='ocrx_word' id='word_1_11' title='bbox 566 778 620 845; x_wconf 83' lang='lat'><strong>82.</strong></span> <span class='ocrx_word' id='word_1_12' title='bbox 995 783 1159 864; x_wconf 78' lang='grc' dir='ltr'><strong><em>Σκῆψεως,</em></strong></span> <span class='ocrx_word' id='word_1_13' title='bbox 1184 778 1260 844; x_wconf 82' lang='grc'><strong>552.</strong></span> 
     </span>
     <span class='ocr_line' id='line_1_5' title="bbox 388 884 1488 976; baseline -0.002 -24"><span class='ocrx_word' id='word_1_14' title='bbox 388 885 597 964; x_wconf 76' lang='grc' dir='ltr'><strong><em>Ζοιμὸλξεως,</em></strong></span> <span class='ocrx_word' id='word_1_15' title='bbox 624 885 700 953; x_wconf 86' lang='grc'><strong>304.</strong></span> <span class='ocrx_word' id='word_1_16' title='bbox 994 885 1131 965; x_wconf 68' lang='grc' dir='ltr'><strong><em>Συβάρει</em></strong></span> <span class='ocrx_word' id='word_1_17' title='bbox 1156 884 1393 976; x_wconf 66' lang='grc'><strong>(0111000110),</strong></span> <span class='ocrx_word' id='word_1_18' title='bbox 1416 885 1488 950; x_wconf 84' lang='grc'><strong>254.</strong></span> 
     </span>
    </p>
   </div>
   <div class='ocr_carea' id='block_1_3' title="bbox 266 989 1523 2131">
    <p class='ocr_par' dir='ltr' id='par_1_3' title="bbox 266 989 1523 1289">
     <span class='ocr_line' id='line_1_6' title="bbox 387 989 1523 1077; baseline 0 -19"><span class='ocrx_word' id='word_1_19' title='bbox 387 992 603 1071; x_wconf 75' lang='grc' dir='ltr'><strong><em>Κιιροὶμβεως,</em></strong></span> <span class='ocrx_word' id='word_1_20' title='bbox 630 992 705 1057; x_wconf 83' lang='grc'><strong>546.</strong></span> <span class='ocrx_word' id='word_1_21' title='bbox 992 991 1117 1071; x_wconf 75' lang='grc' dir='ltr'><strong>Τεβέρει</strong></span> <span class='ocrx_word' id='word_1_22' title='bbox 1141 989 1209 1075; x_wconf 88' lang='lat' dir='ltr'><strong>(alii</strong></span> <span class='ocrx_word' id='word_1_23' title='bbox 1224 990 1337 1077; x_wconf 80' lang='grc' dir='ltr'><strong><em>τιβερι)</em></strong></span> <span class='ocrx_word' id='word_1_24' title='bbox 1346 1039 1355 1068; x_wconf 89' lang='grc'><strong><em>,</em></strong></span> <span class='ocrx_word' id='word_1_25' title='bbox 1369 991 1444 1058; x_wconf 90' lang='grc'><strong>227.</strong></span> <span class='ocrx_word' id='word_1_26' title='bbox 1457 991 1523 1058; x_wconf 82' lang='grc'><strong>234.</strong></span> 
     </span>
     <span class='ocr_line' id='line_1_7' title="bbox 387 1094 1262 1178; baseline -0.003 -14"><span class='ocrx_word' id='word_1_27' title='bbox 387 1097 537 1178; x_wconf 72' lang='grc' dir='ltr'><strong><em>Μέμφει,</em></strong></span> <span class='ocrx_word' id='word_1_28' title='bbox 564 1096 641 1163; x_wconf 82' lang='grc'><strong>473.</strong></span> <span class='ocrx_word' id='word_1_29' title='bbox 990 1099 1161 1177; x_wconf 75' lang='grc' dir='ltr'><strong><em>Τιβέρεως,</em></strong></span> <span class='ocrx_word' id='word_1_30' title='bbox 1186 1094 1262 1162; x_wconf 86' lang='grc'><strong>226.</strong></span> 
     </span>
     <span class='ocr_line' id='line_1_8' title="bbox 266 1187 1217 1289; baseline -0.004 -19"><span class='ocrx_word' id='word_1_31' title='bbox 266 1187 269 1194; x_wconf 86' lang='lat'><em>.</em></span> <span class='ocrx_word' id='word_1_32' title='bbox 385 1205 564 1289; x_wconf 82' lang='grc' dir='ltr'><strong><em>Μέμφεως,</em></strong></span> <span class='ocrx_word' id='word_1_33' title='bbox 589 1203 666 1269; x_wconf 89' lang='grc'><strong>803.</strong></span> <span class='ocrx_word' id='word_1_34' title='bbox 989 1206 1115 1284; x_wconf 75' lang='grc' dir='ltr'><strong><em>Τίγρει,</em></strong></span> <span class='ocrx_word' id='word_1_35' title='bbox 1141 1201 1217 1269; x_wconf 88' lang='grc'><strong>738.</strong></span> 
     </span>
    </p>

    <p class='ocr_par' dir='ltr' id='par_1_4' title="bbox 334 1311 1521 2131">
     <span class='ocr_line' id='line_1_9' title="bbox 385 1311 1521 1398; baseline -0.004 -20"><span class='ocrx_word' id='word_1_36' title='bbox 385 1312 448 1393; x_wconf 79' lang='lat' dir='ltr'><strong>Qui</strong></span> <span class='ocrx_word' id='word_1_37' title='bbox 478 1311 676 1397; x_wconf 71' lang='lat' dir='ltr'>Stephanum</span> <span class='ocrx_word' id='word_1_38' title='bbox 709 1311 923 1398; x_wconf 82' lang='lat' dir='ltr'><strong>Byzantinum</strong></span> <span class='ocrx_word' id='word_1_39' title='bbox 957 1334 1030 1377; x_wconf 88' lang='lat' dir='ltr'><strong>curn</strong></span> <span class='ocrx_word' id='word_1_40' title='bbox 1064 1311 1220 1377; x_wconf 75' lang='lat' dir='ltr'><strong>Strabone</strong></span> <span class='ocrx_word' id='word_1_41' title='bbox 1243 1330 1426 1396; x_wconf 89' lang='lat' dir='ltr'><strong>comparare</strong></span> <span class='ocrx_word' id='word_1_42' title='bbox 1447 1312 1521 1378; x_wconf 85' lang='lat' dir='ltr'><strong>volet</strong></span> 
     </span>
     <span class='ocr_line' id='line_1_10' title="bbox 338 1418 1517 1504; baseline -0.003 -20"><span class='ocrx_word' id='word_1_43' title='bbox 338 1418 431 1484; x_wconf 84' lang='lat' dir='ltr'><strong>facile</strong></span> <span class='ocrx_word' id='word_1_44' title='bbox 460 1418 690 1484; x_wconf 78' lang='lat' dir='ltr'><strong>animadvertet</strong></span> <span class='ocrx_word' id='word_1_45' title='bbox 721 1419 837 1483; x_wconf 91' lang='lat' dir='ltr'><strong>bonam</strong></span> <span class='ocrx_word' id='word_1_46' title='bbox 862 1425 985 1504; x_wconf 91' lang='lat' dir='ltr'><strong>partem</strong></span> <span class='ocrx_word' id='word_1_47' title='bbox 1008 1418 1197 1484; x_wconf 87' lang='lat' dir='ltr'><strong>mendorum</strong></span> <span class='ocrx_word' id='word_1_48' title='bbox 1221 1418 1442 1483; x_wconf 89' lang='lat' dir='ltr'><strong>huiuscemodi</strong></span> <span class='ocrx_word' id='word_1_49' title='bbox 1463 1421 1517 1483; x_wconf 89' lang='lat' dir='ltr'><strong>iarn</strong></span> 
     </span>
     <span class='ocr_line' id='line_1_11' title="bbox 337 1519 1518 1612; baseline -0.003 -22"><span class='ocrx_word' id='word_1_50' title='bbox 337 1528 371 1590; x_wconf 93' lang='lat' dir='ltr'><strong>in</strong></span> <span class='ocrx_word' id='word_1_51' title='bbox 402 1527 632 1590; x_wconf 79' lang='lat' dir='ltr'><strong>vetustissimis</strong></span> <span class='ocrx_word' id='word_1_52' title='bbox 662 1525 754 1590; x_wconf 90' lang='lat' dir='ltr'><strong>libris</strong></span> <span class='ocrx_word' id='word_1_53' title='bbox 778 1545 844 1590; x_wconf 87' lang='lat' dir='ltr'><strong>esse</strong></span> <span class='ocrx_word' id='word_1_54' title='bbox 867 1533 1043 1610; x_wconf 85' lang='lat' dir='ltr'><strong>repertam,</strong></span> <span class='ocrx_word' id='word_1_55' title='bbox 1066 1543 1167 1608; x_wconf 85' lang='lat' dir='ltr'><strong>neque</strong></span> <span class='ocrx_word' id='word_1_56' title='bbox 1190 1524 1321 1588; x_wconf 86' lang='lat' dir='ltr'><strong>doctum</strong></span> <span class='ocrx_word' id='word_1_57' title='bbox 1344 1519 1518 1612; x_wconf 80' lang='lat' dir='ltr'><strong>grammati-</strong></span> 
     </span>
     <span class='ocr_line' id='line_1_12' title="bbox 337 1629 1517 1718; baseline -0.001 -23"><span class='ocrx_word' id='word_1_58' title='bbox 337 1649 411 1695; x_wconf 88' lang='lat' dir='ltr'><strong>cum</strong></span> <span class='ocrx_word' id='word_1_59' title='bbox 443 1629 544 1694; x_wconf 87' lang='lat' dir='ltr'><strong>ullam</strong></span> <span class='ocrx_word' id='word_1_60' title='bbox 576 1631 610 1692; x_wconf 88' lang='lat' dir='ltr'><strong>in</strong></span> <span class='ocrx_word' id='word_1_61' title='bbox 641 1630 760 1694; x_wconf 87' lang='lat' dir='ltr'><strong>talibus</strong></span> <span class='ocrx_word' id='word_1_62' title='bbox 792 1629 972 1718; x_wconf 76' lang='lat' dir='ltr'><strong>analogiam</strong></span> <span class='ocrx_word' id='word_1_63' title='bbox 1005 1631 1278 1696; x_wconf 87' lang='lat' dir='ltr'><strong>animadvertisse.</strong></span> <span class='ocrx_word' id='word_1_64' title='bbox 1327 1629 1425 1715; x_wconf 82' lang='lat' dir='ltr'><strong>Saepe</strong></span> <span class='ocrx_word' id='word_1_65' title='bbox 1446 1635 1517 1695; x_wconf 82' lang='lat' dir='ltr'><strong>eoni-</strong></span> 
     </span>
     <span class='ocr_line' id='line_1_13' title="bbox 336 1734 1515 1814; baseline -0.003 -15"><span class='ocrx_word' id='word_1_66' title='bbox 336 1739 495 1800; x_wconf 80' lang='lat' dir='ltr'><strong>memorat</strong></span> <span class='ocrx_word' id='word_1_67' title='bbox 525 1734 579 1806; x_wconf 83' lang='grc' dir='ltr'><strong>τῆν</strong></span> <span class='ocrx_word' id='word_1_68' title='bbox 613 1734 743 1807; x_wconf 84' lang='grc' dir='ltr'><strong><em>Ἰωνικῆν</em></strong></span> <span class='ocrx_word' id='word_1_69' title='bbox 768 1741 910 1813; x_wconf 82' lang='grc' dir='ltr'><strong><em>γενικῆν,</em></strong></span> <span class='ocrx_word' id='word_1_70' title='bbox 936 1743 1020 1801; x_wconf 85' lang='lat' dir='ltr'><strong>recte</strong></span> <span class='ocrx_word' id='word_1_71' title='bbox 1044 1743 1154 1802; x_wconf 80' lang='lat' dir='ltr'><strong>monet</strong></span> <span class='ocrx_word' id='word_1_72' title='bbox 1176 1757 1208 1800; x_wconf 81' lang='lat' dir='ltr'><strong>v.</strong></span> <span class='ocrx_word' id='word_1_73' title='bbox 1233 1735 1368 1814; x_wconf 82' lang='grc' dir='ltr'><strong><em>Μέμφις</em></strong></span> <span class='ocrx_word' id='word_1_74' title='bbox 1392 1737 1515 1800; x_wconf 75' lang='grc' dir='ltr'><strong>κλίνεται</strong></span> 
     </span>
     <span class='ocr_line' id='line_1_14' title="bbox 337 1839 1515 1921; baseline 0.001 -16"><span class='ocrx_word' id='word_1_75' title='bbox 337 1840 503 1920; x_wconf 73' lang='grc' dir='ltr'><strong>Μέμφιδος</strong></span> <span class='ocrx_word' id='word_1_76' title='bbox 539 1840 591 1904; x_wconf 73' lang='lat' dir='ltr'><strong>nat</strong></span> <span class='ocrx_word' id='word_1_77' title='bbox 624 1842 791 1918; x_wconf 78' lang='grc' dir='ltr'><strong><em>Μέμφιος,</em></strong></span> <span class='ocrx_word' id='word_1_78' title='bbox 825 1842 879 1906; x_wconf 85' lang='lat' dir='ltr'><strong>sed</strong></span> <span class='ocrx_word' id='word_1_79' title='bbox 911 1842 1374 1921; x_wconf 73' lang='grc' dir='ltr'><strong>1111000101111.”Λμοιςρις</strong></span> <span class='ocrx_word' id='word_1_80' title='bbox 1399 1839 1515 1918; x_wconf 51' lang='lat' dir='ltr'><strong>laad·</strong></span> 
     </span>
     <span class='ocr_line' id='line_1_15' title="bbox 336 1946 1514 2033; baseline -0.003 -20"><span class='ocrx_word' id='word_1_81' title='bbox 336 1970 427 2025; x_wconf 70' lang='lat' dir='ltr'><strong>spana</strong></span> <span class='ocrx_word' id='word_1_82' title='bbox 460 1946 554 2010; x_wconf 76' lang='grc' dir='ltr'><strong><em>κλίνει</em></strong></span> <span class='ocrx_word' id='word_1_83' title='bbox 581 1947 753 2024; x_wconf 74' lang='grc' dir='ltr'><strong><em>Στράβων,</em></strong></span> <span class='ocrx_word' id='word_1_84' title='bbox 778 1967 851 2011; x_wconf 91' lang='lat' dir='ltr'><strong>nam</strong></span> <span class='ocrx_word' id='word_1_85' title='bbox 876 1947 939 2012; x_wconf 92' lang='lat' dir='ltr'><strong>sibi</strong></span> <span class='ocrx_word' id='word_1_86' title='bbox 962 1951 1029 2032; x_wconf 91' lang='lat' dir='ltr'><strong>ipse</strong></span> <span class='ocrx_word' id='word_1_87' title='bbox 1053 1951 1163 2012; x_wconf 87' lang='lat' dir='ltr'><strong>atatim</strong></span> <span class='ocrx_word' id='word_1_88' title='bbox 1186 1947 1372 2033; x_wconf 77' lang='lat' dir='ltr'><strong>&#39;obloquitur</strong></span> <span class='ocrx_word' id='word_1_89' title='bbox 1394 1948 1514 2013; x_wconf 88' lang='lat' dir='ltr'><strong>addens:</strong></span> 
     </span>
     <span class='ocr_line' id='line_1_16' title="bbox 334 2051 1514 2131; baseline -0.002 -14"><span class='ocrx_word' id='word_1_90' title='bbox 334 2057 369 2117; x_wconf 80' lang='grc' dir='ltr'><strong>τὸ</strong></span> <span class='ocrx_word' id='word_1_91' title='bbox 401 2051 511 2116; x_wconf 60' lang='lat' dir='ltr'><strong>§tutata</strong></span> <span class='ocrx_word' id='word_1_92' title='bbox 543 2052 751 2131; x_wconf 78' lang='grc' dir='ltr'><strong><em>Ἀμοςριοινός</em></strong></span> <span class='ocrx_word' id='word_1_93' title='bbox 777 2054 847 2120; x_wconf 72' lang='lat' dir='ltr'><strong>-sie</strong></span> <span class='ocrx_word' id='word_1_94' title='bbox 874 2057 1037 2124; x_wconf 75' lang='grc' dir='ltr'><strong><em>Κάλλατις</em></strong></span> <span class='ocrx_word' id='word_1_95' title='bbox 1063 2053 1272 2118; x_wconf 58' lang='grc'><strong>1101121100</strong></span> <span class='ocrx_word' id='word_1_96' title='bbox 1298 2054 1514 2122; x_wconf 67' lang='grc' dir='ltr'><strong>Καλλωτιονὸς.</strong></span> 
     </span>
    </p>
   </div>
   <div class='ocr_carea' id='block_1_4' title="bbox 220 2158 1512 2237">
    <p class='ocr_par' dir='ltr' id='par_1_5' title="bbox 220 2158 1512 2237">
     <span class='ocr_line' id='line_1_17' title="bbox 220 2158 1512 2237; baseline -0.002 -13"><span class='ocrx_word' id='word_1_97' title='bbox 220 2175 223 2183; x_wconf 83' lang='grc'><em>’</em></span> <span class='ocrx_word' id='word_1_98' title='bbox 334 2163 367 2224; x_wconf 77' lang='lat' dir='ltr'><strong>at</strong></span> <span class='ocrx_word' id='word_1_99' title='bbox 397 2181 427 2225; x_wconf 82' lang='lat' dir='ltr'><strong>v.</strong></span> <span class='ocrx_word' id='word_1_100' title='bbox 463 2159 624 2226; x_wconf 75' lang='grc' dir='ltr'><strong><em>Κάλλατις</em></strong></span> <span class='ocrx_word' id='word_1_101' title='bbox 659 2164 911 2231; x_wconf 78' lang='grc' dir='ltr'><strong><em>-Κωλλοιτικνὸς</em></strong></span> <span class='ocrx_word' id='word_1_102' title='bbox 943 2158 1006 2222; x_wconf 73' lang='grc' dir='ltr'><strong>ἀπὸ</strong></span> <span class='ocrx_word' id='word_1_103' title='bbox 1031 2170 1085 2234; x_wconf 81' lang='grc' dir='ltr'><strong>τῆς</strong></span> <span class='ocrx_word' id='word_1_104' title='bbox 1110 2164 1242 2231; x_wconf 77' lang='grc' dir='ltr'><strong><em>Ἰωνικῆς</em></strong></span> <span class='ocrx_word' id='word_1_105' title='bbox 1266 2169 1392 2237; x_wconf 77' lang='grc' dir='ltr'><strong><em>γενικῆς</em></strong></span> <span class='ocrx_word' id='word_1_106' title='bbox 1415 2161 1512 2237; x_wconf 81' lang='grc' dir='ltr'><strong><em>γέγονε</em></strong></span> 
     </span>
    </p>
   </div>
   <div class='ocr_carea' id='block_1_5' title="bbox 333 2263 1511 2451">
    <p class='ocr_par' dir='ltr' id='par_1_6' title="bbox 333 2263 1511 2451">
     <span class='ocr_line' id='line_1_18' title="bbox 333 2263 1511 2351; baseline 0.003 -22"><span class='ocrx_word' id='word_1_107' title='bbox 333 2273 389 2338; x_wconf 84' lang='grc' dir='ltr'><strong>τῆς</strong></span> <span class='ocrx_word' id='word_1_108' title='bbox 420 2265 639 2329; x_wconf 72' lang='grc' dir='ltr'><strong>1101λᾶ1100.</strong></span> <span class='ocrx_word' id='word_1_109' title='bbox 686 2263 797 2350; x_wconf 83' lang='lat' dir='ltr'><strong>ltaque</strong></span> <span class='ocrx_word' id='word_1_110' title='bbox 831 2265 1037 2347; x_wconf 79' lang='grc' dir='ltr'><strong><em>Ἀμοςριοινός</em></strong></span> <span class='ocrx_word' id='word_1_111' title='bbox 1068 2287 1192 2351; x_wconf 85' lang='lat' dir='ltr'><strong>quoque</strong></span> <span class='ocrx_word' id='word_1_112' title='bbox 1223 2265 1354 2345; x_wconf 89' lang='grc' dir='ltr'><strong><em>γε’γονεν</em></strong></span> <span class='ocrx_word' id='word_1_113' title='bbox 1385 2265 1445 2330; x_wconf 69' lang='grc' dir='ltr'><strong>ἀπὸ</strong></span> <span class='ocrx_word' id='word_1_114' title='bbox 1466 2272 1511 2337; x_wconf 67' lang='grc' dir='ltr'><strong>τῆς</strong></span> 
     </span>
     <span class='ocr_line' id='line_1_19' title="bbox 333 2370 844 2451; baseline 0.002 -16"><span class='ocrx_word' id='word_1_115' title='bbox 333 2375 466 2445; x_wconf 77' lang='grc' dir='ltr'><strong><em>Ἰωνικῆς</em></strong></span> <span class='ocrx_word' id='word_1_116' title='bbox 490 2379 613 2448; x_wconf 83' lang='grc' dir='ltr'><strong><em>γενικῆς</em></strong></span> <span class='ocrx_word' id='word_1_117' title='bbox 638 2370 844 2451; x_wconf 62' lang='grc' dir='ltr'><strong><em>Ἀμοίςρῐοα</em></strong></span> 
     </span>
    </p>
   </div>
   <div class='ocr_carea' id='block_1_6' title="bbox 441 2583 1408 2670">
    <p class='ocr_par' dir='ltr' id='par_1_7' title="bbox 441 2583 1408 2670">
     <span class='ocr_line' id='line_1_20' title="bbox 441 2583 1408 2670; baseline 0 -20"><span class='ocrx_word' id='word_1_118' title='bbox 441 2583 610 2650; x_wconf 81' lang='lat' dir='ltr'><strong>Adiectiva</strong></span> <span class='ocrx_word' id='word_1_119' title='bbox 632 2585 808 2670; x_wconf 87' lang='lat' dir='ltr'><strong>possessiva</strong></span> <span class='ocrx_word' id='word_1_120' title='bbox 830 2585 864 2649; x_wconf 89' lang='lat' dir='ltr'><strong>in</strong></span> <span class='ocrx_word' id='word_1_121' title='bbox 889 2619 909 2632; x_wconf 96' lang='lat'><em>-</em></span> <span class='ocrx_word' id='word_1_122' title='bbox 925 2593 1021 2650; x_wconf 79' lang='lat' dir='ltr'><strong>eloe</strong></span> <span class='ocrx_word' id='word_1_123' title='bbox 1044 2587 1077 2648; x_wconf 88' lang='lat' dir='ltr'><strong>in</strong></span> <span class='ocrx_word' id='word_1_124' title='bbox 1102 2593 1204 2648; x_wconf 88' lang='lat' dir='ltr'>-10c</span> <span class='ocrx_word' id='word_1_125' title='bbox 1228 2584 1408 2670; x_wconf 84' lang='lat' dir='ltr'><strong>depravata</strong></span> 
     </span>
    </p>
   </div>
   <div class='ocr_carea' id='block_1_7' title="bbox 331 2765 1512 4549">
    <p class='ocr_par' dir='ltr' id='par_1_8' title="bbox 331 2765 1511 3379">
     <span class='ocr_line' id='line_1_21' title="bbox 377 2765 1510 2850; baseline -0.003 -19"><span class='ocrx_word' id='word_1_126' title='bbox 377 2765 426 2831; x_wconf 80' lang='lat' dir='ltr'><strong>lix</strong></span> <span class='ocrx_word' id='word_1_127' title='bbox 449 2766 632 2830; x_wconf 84' lang='lat' dir='ltr'><strong>nominibus</strong></span> <span class='ocrx_word' id='word_1_128' title='bbox 655 2767 790 2850; x_wconf 88' lang='lat' dir='ltr'><strong>propriis</strong></span> <span class='ocrx_word' id='word_1_129' title='bbox 812 2769 847 2830; x_wconf 91' lang='lat' dir='ltr'><strong>in</strong></span> <span class='ocrx_word' id='word_1_130' title='bbox 872 2803 891 2816; x_wconf 90' lang='lat'>-</span> <span class='ocrx_word' id='word_1_131' title='bbox 906 2775 960 2830; x_wconf 84' lang='lat' dir='ltr'><strong>OC</strong></span> <span class='ocrx_word' id='word_1_132' title='bbox 980 2771 1012 2832; x_wconf 90' lang='lat' dir='ltr'><strong>et</strong></span> <span class='ocrx_word' id='word_1_133' title='bbox 1033 2803 1053 2816; x_wconf 93' lang='lat'>-</span> <span class='ocrx_word' id='word_1_134' title='bbox 1067 2775 1120 2832; x_wconf 82' lang='lat' dir='ltr'><strong>Hc</strong></span> <span class='ocrx_word' id='word_1_135' title='bbox 1140 2765 1331 2832; x_wconf 87' lang='lat' dir='ltr'><strong>exeuntibus</strong></span> <span class='ocrx_word' id='word_1_136' title='bbox 1347 2766 1510 2831; x_wconf 86' lang='lat' dir='ltr'><strong>formantur</strong></span> 
     </span>
     <span class='ocr_line' id='line_1_22' title="bbox 333 2870 1510 2955; baseline -0.005 -19"><span class='ocrx_word' id='word_1_137' title='bbox 333 2870 465 2945; x_wconf 69' lang='lat' dir='ltr'><strong>asarsual</strong></span> <span class='ocrx_word' id='word_1_138' title='bbox 488 2873 522 2935; x_wconf 87' lang='lat' dir='ltr'><strong>in</strong></span> <span class='ocrx_word' id='word_1_139' title='bbox 547 2894 635 2936; x_wconf 86' lang='grc' dir='ltr'><strong><em>-ειος</em></strong></span> <span class='ocrx_word' id='word_1_140' title='bbox 657 2871 863 2936; x_wconf 79' lang='lat' dir='ltr'><strong>inumerabili</strong></span> <span class='ocrx_word' id='word_1_141' title='bbox 881 2870 1109 2955; x_wconf 81' lang='lat' dir='ltr'><strong>mullitudine,</strong></span> <span class='ocrx_word' id='word_1_142' title='bbox 1129 2878 1167 2937; x_wconf 78' lang='grc'><strong>111</strong></span> <span class='ocrx_word' id='word_1_143' title='bbox 1185 2873 1322 2952; x_wconf 71' lang='grc' dir='ltr'><strong><em>Ὅμηρος</em></strong></span> <span class='ocrx_word' id='word_1_144' title='bbox 1344 2873 1510 2950; x_wconf 75' lang='grc' dir='ltr'><strong><em>’ομῆρειοε,</em></strong></span> 
     </span>
     <span class='ocr_line' id='line_1_23' title="bbox 331 2976 1510 3061; baseline -0.002 -19"><span class='ocrx_word' id='word_1_145' title='bbox 331 2978 465 3048; x_wconf 66' lang='grc' dir='ltr'><strong><em>Ἠσίοδος</em></strong></span> <span class='ocrx_word' id='word_1_146' title='bbox 490 2976 673 3050; x_wconf 53' lang='lat' dir='ltr'><strong>‘Herlitana</strong></span> <span class='ocrx_word' id='word_1_147' title='bbox 698 2980 884 3061; x_wconf 81' lang='lat' dir='ltr'><strong>praesertim</strong></span> <span class='ocrx_word' id='word_1_148' title='bbox 907 2981 941 3042; x_wconf 90' lang='lat' dir='ltr'><strong>in</strong></span> <span class='ocrx_word' id='word_1_149' title='bbox 964 2979 1147 3043; x_wconf 78' lang='lat' dir='ltr'><strong>nominibus</strong></span> <span class='ocrx_word' id='word_1_150' title='bbox 1170 2977 1350 3043; x_wconf 86' lang='lat' dir='ltr'><strong>scholarum</strong></span> <span class='ocrx_word' id='word_1_151' title='bbox 1371 2985 1405 3042; x_wconf 86' lang='lat' dir='ltr'><strong>st</strong></span> <span class='ocrx_word' id='word_1_152' title='bbox 1424 2989 1510 3042; x_wconf 85' lang='lat' dir='ltr'><strong>secta-</strong></span> 
     </span>
     <span class='ocr_line' id='line_1_24' title="bbox 331 3083 1509 3166; baseline 0.002 -18"><span class='ocrx_word' id='word_1_153' title='bbox 331 3105 403 3148; x_wconf 87' lang='lat' dir='ltr'><strong>rum</strong></span> <span class='ocrx_word' id='word_1_154' title='bbox 451 3083 682 3164; x_wconf 52' lang='lat' dir='ltr'><strong>&#39;apreapzaoa</strong></span> <span class='ocrx_word' id='word_1_155' title='bbox 727 3084 971 3164; x_wconf 75' lang='grc' dir='ltr'><strong><em>Ἀριςοφοὶνειος,</em></strong></span> <span class='ocrx_word' id='word_1_156' title='bbox 1016 3083 1275 3166; x_wconf 77' lang='grc' dir='ltr'><strong><em>Κωλλιμοέχειος,</em></strong></span> <span class='ocrx_word' id='word_1_157' title='bbox 1321 3085 1509 3159; x_wconf 70' lang='grc' dir='ltr'><strong>Κρατήτειος,</strong></span> 
     </span>
     <span class='ocr_line' id='line_1_25' title="bbox 333 3185 1511 3274; baseline -0.004 -18"><span class='ocrx_word' id='word_1_158' title='bbox 333 3189 528 3268; x_wconf 69' lang='grc' dir='ltr'><strong><em>Θεοδώρειος,</em></strong></span> <span class='ocrx_word' id='word_1_159' title='bbox 553 3191 828 3267; x_wconf 77' lang='grc' dir='ltr'><strong><em>Ἀπολλοδώρειος,</em></strong></span> <span class='ocrx_word' id='word_1_160' title='bbox 853 3195 1062 3272; x_wconf 80' lang='grc' dir='ltr'><strong><em>Ἡροφίλειος,</em></strong></span> <span class='ocrx_word' id='word_1_161' title='bbox 1091 3191 1355 3274; x_wconf 76' lang='grc' dir='ltr'><strong><em>Ἑρκοιςροίτειος,</em></strong></span> <span class='ocrx_word' id='word_1_162' title='bbox 1382 3185 1511 3255; x_wconf 69' lang='lat' dir='ltr'><strong>&#39;Errant</strong></span> 
     </span>
     <span class='ocr_line' id='line_1_26' title="bbox 332 3293 687 3379; baseline -0.008 -18"><span class='ocrx_word' id='word_1_163' title='bbox 332 3320 425 3376; x_wconf 79' lang='grc' dir='ltr'><strong><em>ρειοο,</em></strong></span> <span class='ocrx_word' id='word_1_164' title='bbox 449 3300 481 3360; x_wconf 88' lang='lat' dir='ltr'><strong>et</strong></span> <span class='ocrx_word' id='word_1_165' title='bbox 505 3295 582 3379; x_wconf 92' lang='lat' dir='ltr'><strong>quid</strong></span> <span class='ocrx_word' id='word_1_166' title='bbox 605 3293 687 3359; x_wconf 79' lang='lat' dir='ltr'><strong>noni</strong></span> 
     </span>
    </p>

    <p class='ocr_par' dir='ltr' id='par_1_9' title="bbox 331 3401 1512 4549">
     <span class='ocr_line' id='line_1_27' title="bbox 376 3401 1511 3488; baseline -0.004 -22"><span class='ocrx_word' id='word_1_167' title='bbox 376 3401 506 3467; x_wconf 90' lang='lat' dir='ltr'><strong>Habent</strong></span> <span class='ocrx_word' id='word_1_168' title='bbox 534 3401 594 3466; x_wconf 91' lang='lat' dir='ltr'><strong>hoo</strong></span> <span class='ocrx_word' id='word_1_169' title='bbox 625 3403 745 3468; x_wconf 87' lang='lat' dir='ltr'><strong>scribae</strong></span> <span class='ocrx_word' id='word_1_170' title='bbox 775 3402 930 3468; x_wconf 89' lang='lat' dir='ltr'><strong>librorum</strong></span> <span class='ocrx_word' id='word_1_171' title='bbox 958 3405 1144 3488; x_wconf 88' lang='lat' dir='ltr'><strong>praesertim</strong></span> <span class='ocrx_word' id='word_1_172' title='bbox 1168 3405 1461 3488; x_wconf 87' lang='lat' dir='ltr'><strong>antiquissimorum</strong></span> <span class='ocrx_word' id='word_1_173' title='bbox 1481 3403 1511 3462; x_wconf 91' lang='lat' dir='ltr'><strong>ut</strong></span> 
     </span>
     <span class='ocr_line' id='line_1_28' title="bbox 331 3506 1511 3591; baseline -0.005 -17"><span class='ocrx_word' id='word_1_174' title='bbox 331 3510 366 3574; x_wconf 91' lang='lat' dir='ltr'><strong>in</strong></span> <span class='ocrx_word' id='word_1_175' title='bbox 390 3508 441 3572; x_wconf 88' lang='lat' dir='ltr'><strong>bis</strong></span> <span class='ocrx_word' id='word_1_176' title='bbox 464 3528 520 3591; x_wconf 91' lang='lat' dir='ltr'><strong>pro</strong></span> <span class='ocrx_word' id='word_1_177' title='bbox 544 3544 563 3557; x_wconf 95' lang='lat'>-</span> <span class='ocrx_word' id='word_1_178' title='bbox 579 3516 675 3572; x_wconf 72' lang='lat' dir='ltr'><strong>eloe</strong></span> <span class='ocrx_word' id='word_1_179' title='bbox 700 3509 896 3572; x_wconf 79' lang='lat' dir='ltr'><strong>substituant</strong></span> <span class='ocrx_word' id='word_1_180' title='bbox 919 3518 1034 3574; x_wconf 85' lang='lat' dir='ltr'><strong>-10c.</strong></span> <span class='ocrx_word' id='word_1_181' title='bbox 1070 3509 1109 3574; x_wconf 91' lang='lat' dir='ltr'><strong>In</strong></span> <span class='ocrx_word' id='word_1_182' title='bbox 1128 3509 1284 3574; x_wconf 84' lang='lat' dir='ltr'><strong>Athenaei</strong></span> <span class='ocrx_word' id='word_1_183' title='bbox 1304 3508 1418 3574; x_wconf 79' lang='lat' dir='ltr'><strong>Codice</strong></span> <span class='ocrx_word' id='word_1_184' title='bbox 1437 3506 1511 3572; x_wconf 84' lang='lat' dir='ltr'><strong>Mar</strong></span> 
     </span>
     <span class='ocr_line' id='line_1_29' title="bbox 331 3614 1511 3703; baseline -0.003 -23"><span class='ocrx_word' id='word_1_185' title='bbox 331 3615 422 3680; x_wconf 88' lang='lat' dir='ltr'><strong>ciano</strong></span> <span class='ocrx_word' id='word_1_186' title='bbox 451 3618 635 3698; x_wconf 85' lang='lat' dir='ltr'><strong>pervetusto</strong></span> <span class='ocrx_word' id='word_1_187' title='bbox 665 3621 832 3678; x_wconf 72' lang='lat' dir='ltr'><strong>constanter</strong></span> <span class='ocrx_word' id='word_1_188' title='bbox 860 3614 982 3703; x_wconf 85' lang='lat' dir='ltr'><strong>legitur</strong></span> <span class='ocrx_word' id='word_1_189' title='bbox 1014 3615 1245 3693; x_wconf 77' lang='grc' dir='ltr'><strong><em>Ἀριςοφοένιος,</em></strong></span> <span class='ocrx_word' id='word_1_190' title='bbox 1282 3614 1511 3693; x_wconf 73' lang='grc' dir='ltr'><strong><em>Κολλιμιέχιος,</em></strong></span> 
     </span>
     <span class='ocr_line' id='line_1_30' title="bbox 332 3719 1512 3795; baseline -0.003 -10"><span class='ocrx_word' id='word_1_191' title='bbox 332 3721 517 3795; x_wconf 77' lang='grc' dir='ltr'><strong><em>Ἐπικούριος</em></strong></span> <span class='ocrx_word' id='word_1_192' title='bbox 543 3721 616 3782; x_wconf 88' lang='lat' dir='ltr'><strong>sim.</strong></span> <span class='ocrx_word' id='word_1_193' title='bbox 665 3719 784 3784; x_wconf 80' lang='lat' dir='ltr'><strong>Eadem</strong></span> <span class='ocrx_word' id='word_1_194' title='bbox 808 3719 895 3786; x_wconf 90' lang='lat' dir='ltr'><strong>labes</strong></span> <span class='ocrx_word' id='word_1_195' title='bbox 919 3719 1084 3786; x_wconf 83' lang='lat' dir='ltr'><strong>Strabonis</strong></span> <span class='ocrx_word' id='word_1_196' title='bbox 1107 3721 1206 3786; x_wconf 88' lang='lat' dir='ltr'><strong>libros</strong></span> <span class='ocrx_word' id='word_1_197' title='bbox 1225 3723 1346 3786; x_wconf 81' lang='lat' dir='ltr'><strong>iniecit.</strong></span> <span class='ocrx_word' id='word_1_198' title='bbox 1380 3721 1512 3786; x_wconf 82' lang='lat' dir='ltr'><strong>Editores</strong></span> 
     </span>
     <span class='ocr_line' id='line_1_31' title="bbox 331 3822 1512 3912; baseline -0.003 -21"><span class='ocrx_word' id='word_1_199' title='bbox 331 3847 423 3911; x_wconf 87' lang='lat' dir='ltr'><strong>saepe</strong></span> <span class='ocrx_word' id='word_1_200' title='bbox 458 3824 644 3908; x_wconf 88' lang='lat' dir='ltr'><strong>emendant,</strong></span> <span class='ocrx_word' id='word_1_201' title='bbox 679 3827 804 3909; x_wconf 89' lang='lat' dir='ltr'><strong>saepius</strong></span> <span class='ocrx_word' id='word_1_202' title='bbox 838 3828 937 3891; x_wconf 82' lang='lat' dir='ltr'><strong>etiam</strong></span> <span class='ocrx_word' id='word_1_203' title='bbox 971 3827 1210 3892; x_wconf 88' lang='lat' dir='ltr'><strong>inemendatum</strong></span> <span class='ocrx_word' id='word_1_204' title='bbox 1245 3826 1436 3912; x_wconf 83' lang='lat' dir='ltr'><strong>relinquunt.</strong></span> <span class='ocrx_word' id='word_1_205' title='bbox 1480 3822 1512 3887; x_wconf 92' lang='lat' dir='ltr'><strong>ln</strong></span> 
     </span>
     <span class='ocr_line' id='line_1_32' title="bbox 331 3929 1512 4017; baseline -0.003 -20"><span class='ocrx_word' id='word_1_206' title='bbox 331 3929 522 3997; x_wconf 77' lang='lat' dir='ltr'><strong>Callimachi</strong></span> <span class='ocrx_word' id='word_1_207' title='bbox 554 3933 786 4017; x_wconf 78' lang='lat' dir='ltr'><strong>epigrammate</strong></span> <span class='ocrx_word' id='word_1_208' title='bbox 822 3931 941 4006; x_wconf 78' lang='grc' dir='ltr'><strong><em>ὃμῆριον</em></strong></span> <span class='ocrx_word' id='word_1_209' title='bbox 976 3934 1007 3997; x_wconf 73' lang='grc' dir='ltr'><strong>δὲ</strong></span> <span class='ocrx_word' id='word_1_210' title='bbox 1043 3939 1203 4009; x_wconf 61' lang='lat' dir='ltr'><strong>natabunt</strong></span> <span class='ocrx_word' id='word_1_211' title='bbox 1239 3935 1381 4011; x_wconf 67' lang='grc' dir='ltr'><strong><em>Γράμμοι</em></strong></span> <span class='ocrx_word' id='word_1_212' title='bbox 1414 3929 1512 3997; x_wconf 79' lang='lat' dir='ltr'><strong>sedulo</strong></span> 
     </span>
     <span class='ocr_line' id='line_1_33' title="bbox 331 4035 1511 4123; baseline 0 -24"><span class='ocrx_word' id='word_1_213' title='bbox 331 4037 491 4114; x_wconf 74' lang='grc' dir='ltr'><strong><em>ὀμῆρειον</em></strong></span> <span class='ocrx_word' id='word_1_214' title='bbox 522 4042 698 4120; x_wconf 90' lang='lat' dir='ltr'><strong>reponunt,</strong></span> <span class='ocrx_word' id='word_1_215' title='bbox 726 4058 783 4100; x_wconf 89' lang='lat' dir='ltr'><strong>neo</strong></span> <span class='ocrx_word' id='word_1_216' title='bbox 813 4045 948 4122; x_wconf 86' lang='lat' dir='ltr'><strong>parcunt</strong></span> <span class='ocrx_word' id='word_1_217' title='bbox 978 4037 1098 4103; x_wconf 85' lang='lat' dir='ltr'><strong>formae</strong></span> <span class='ocrx_word' id='word_1_218' title='bbox 1129 4038 1313 4116; x_wconf 74' lang='grc' dir='ltr'><strong><em>ἐπικούριος,</em></strong></span> <span class='ocrx_word' id='word_1_219' title='bbox 1346 4043 1373 4104; x_wconf 87' lang='lat' dir='ltr'><strong>ai</strong></span> <span class='ocrx_word' id='word_1_220' title='bbox 1399 4035 1511 4123; x_wconf 89' lang='lat' dir='ltr'><strong>qnando</strong></span> 
     </span>
     <span class='ocr_line' id='line_1_34' title="bbox 332 4139 1511 4228; baseline -0.002 -21"><span class='ocrx_word' id='word_1_221' title='bbox 332 4142 478 4207; x_wconf 80' lang='lat' dir='ltr'><strong>occurrit.</strong></span> <span class='ocrx_word' id='word_1_222' title='bbox 535 4139 597 4206; x_wconf 85' lang='lat' dir='ltr'><strong>Sed</strong></span> <span class='ocrx_word' id='word_1_223' title='bbox 640 4140 721 4206; x_wconf 86' lang='lat' dir='ltr'><strong>nihil</strong></span> <span class='ocrx_word' id='word_1_224' title='bbox 756 4142 836 4206; x_wconf 87' lang='lat' dir='ltr'><strong>mali</strong></span> <span class='ocrx_word' id='word_1_225' title='bbox 870 4146 1072 4228; x_wconf 83' lang='lat' dir='ltr'><strong>suspicantur</strong></span> <span class='ocrx_word' id='word_1_226' title='bbox 1105 4146 1139 4208; x_wconf 91' lang='lat' dir='ltr'><strong>in</strong></span> <span class='ocrx_word' id='word_1_227' title='bbox 1173 4144 1309 4216; x_wconf 76' lang='grc' dir='ltr'><strong><em>πόλεμος</em></strong></span> <span class='ocrx_word' id='word_1_228' title='bbox 1344 4145 1511 4224; x_wconf 80' lang='grc' dir='ltr'><strong><em>Ποιχῆτιος.</em></strong></span> 
     </span>
     <span class='ocr_line' id='line_1_35' title="bbox 335 4244 1512 4334; baseline -0.002 -22"><span class='ocrx_word' id='word_1_229' title='bbox 335 4246 435 4312; x_wconf 70' lang='lat' dir='ltr'><strong>albara</strong></span> <span class='ocrx_word' id='word_1_230' title='bbox 470 4244 601 4322; x_wconf 77' lang='grc' dir='ltr'><strong><em>Σέξτιος,</em></strong></span> <span class='ocrx_word' id='word_1_231' title='bbox 635 4249 734 4324; x_wconf 73' lang='grc' dir='ltr'><strong><em>μέτρον</em></strong></span> <span class='ocrx_word' id='word_1_232' title='bbox 767 4247 932 4324; x_wconf 67' lang='lat' dir='ltr'><strong>barbatae,</strong></span> <span class='ocrx_word' id='word_1_233' title='bbox 964 4249 1168 4327; x_wconf 71' lang='lat' dir='ltr'><strong>’Arpoadsaoa</strong></span> <span class='ocrx_word' id='word_1_234' title='bbox 1191 4248 1318 4327; x_wconf 75' lang='grc' dir='ltr'><strong><em>Μῆδίοο,</em></strong></span> <span class='ocrx_word' id='word_1_235' title='bbox 1344 4251 1512 4334; x_wconf 61' lang='lat' dir='ltr'><strong>(uadum)</strong></span> 
     </span>
     <span class='ocr_line' id='line_1_36' title="bbox 334 4351 1512 4439; baseline -0.002 -21"><span class='ocrx_word' id='word_1_236' title='bbox 334 4351 497 4429; x_wconf 74' lang='grc' dir='ltr'><strong><em>Λελέγων,</em></strong></span> <span class='ocrx_word' id='word_1_237' title='bbox 530 4353 663 4416; x_wconf 72' lang='lat' dir='ltr'><strong>&#39;lardus</strong></span> <span class='ocrx_word' id='word_1_238' title='bbox 696 4355 770 4417; x_wconf 89' lang='lat' dir='ltr'><strong>sim.</strong></span> <span class='ocrx_word' id='word_1_239' title='bbox 803 4360 859 4419; x_wconf 88' lang='lat' dir='ltr'><strong>aut</strong></span> <span class='ocrx_word' id='word_1_240' title='bbox 889 4357 923 4419; x_wconf 88' lang='lat' dir='ltr'><strong>in</strong></span> <span class='ocrx_word' id='word_1_241' title='bbox 955 4356 1117 4433; x_wconf 75' lang='grc' dir='ltr'><strong><em>Ἀροοέκιος</em></strong></span> <span class='ocrx_word' id='word_1_242' title='bbox 1149 4377 1189 4420; x_wconf 85' lang='lat' dir='ltr'><strong>ex</strong></span> <span class='ocrx_word' id='word_1_243' title='bbox 1215 4355 1512 4439; x_wconf 73' lang='grc' dir='ltr'><strong>’Λροοὶκ111011100111</strong></span> 
     </span>
     <span class='ocr_line' id='line_1_37' title="bbox 333 4459 1512 4549; baseline -0.001 -24"><span class='ocrx_word' id='word_1_244' title='bbox 333 4460 372 4526; x_wconf 88' lang='lat' dir='ltr'><strong>da</strong></span> <span class='ocrx_word' id='word_1_245' title='bbox 401 4479 517 4547; x_wconf 79' lang='lat' dir='ltr'><strong>genere</strong></span> <span class='ocrx_word' id='word_1_246' title='bbox 547 4459 607 4524; x_wconf 93' lang='lat' dir='ltr'><strong>hoc</strong></span> <span class='ocrx_word' id='word_1_247' title='bbox 639 4463 804 4524; x_wconf 81' lang='lat' dir='ltr'><strong>sexcentis.</strong></span> <span class='ocrx_word' id='word_1_248' title='bbox 852 4459 935 4526; x_wconf 83' lang='lat' dir='ltr'><strong>Sunt</strong></span> <span class='ocrx_word' id='word_1_249' title='bbox 966 4468 1073 4528; x_wconf 89' lang='lat' dir='ltr'><strong>tamen</strong></span> <span class='ocrx_word' id='word_1_250' title='bbox 1097 4465 1205 4528; x_wconf 88' lang='lat' dir='ltr'><strong>omnia</strong></span> <span class='ocrx_word' id='word_1_251' title='bbox 1225 4461 1304 4529; x_wconf 89' lang='lat' dir='ltr'><strong>baec</strong></span> <span class='ocrx_word' id='word_1_252' title='bbox 1326 4463 1452 4549; x_wconf 87' lang='lat' dir='ltr'><strong>perinde</strong></span> <span class='ocrx_word' id='word_1_253' title='bbox 1471 4459 1512 4524; x_wconf 86' lang='lat' dir='ltr'><strong>ai·</strong></span> 
     </span>
    </p>
   </div>
   <div class='ocr_carea' id='block_1_8' title="bbox 0 0 1608 5158">
    <p class='ocr_par' dir='ltr' id='par_1_10' title="bbox 0 0 1608 5158">
     <span class='ocr_line' id='line_1_38' title="bbox 0 0 1608 5158; baseline 0 0"><span class='ocrx_word' id='word_1_254' title='bbox 0 0 1608 5158; x_wconf 95' lang='lat' dir='ltr'><strong> </strong></span> 
     </span>
    </p>
   </div>
  </div>
 </body>
</html>
