3208 5158
770 317 836 391 247

206 511 353 588 hostilis,
377 514 508 592 domus,
531 533 624 600 ager,
644 511 771 578 fundus.
795 510 978 578 Herodotus
996 509 1022 575 1.
1044 509 1119 576 196.
1136 511 1208 590 (τάς
1221 512 1396 598 σαρδίνους)

207 617 300 698 κάρυξ
323 619 499 698 πωλέεσκε,
524 624 632 699 πρῶτα
654 617 710 694 μὲν
734 617 789 690 τὴν
813 614 1007 689 εὐειδεστάτην
1031 617 1065 680 ἐκ
1088 615 1225 682 πασέων·
1251 619 1337 694 μετά
1362 618 1394 686 δὲ

207 719 281 795 όκως
307 722 386 799 αὕτη
417 729 593 807 εὑροῦσα
626 722 777 788 πολλόν
809 723 932 802 πρηθείη
968 720 1069 796 άλλην
1102 723 1302 802 άνικιίρνσσε,
1338 725 1396 789 ubi

205 829 269 918 leg.
300 827 401 905 άλλην
431 832 469 897 διν
501 831 656 910 ἐκήρυσσε.
703 827 789 894 Hine
817 831 845 894 si
870 828 946 913 quid
968 828 1096 914 quolibet
1112 829 1213 911 pretio
1237 829 1394 907 obiicitur,

207 935 270 1001 diei
293 936 374 1002 solei
397 942 450 1001 τοῦ
474 936 659 1016 εὑρίσκοντος
684 939 717 998 et
739 937 864 1020 saepius
887 939 939 997 τοῦ
966 931 1099 1012 εὑρόντος
1123 938 1260 1002 vaenire.
1304 933 1395 1014 Quod

206 1041 290 1126 apud
313 1041 468 1107 Plautum
492 1042 611 1106 dieitur
633 1043 668 1106 in
691 1041 893 1106 Menaechmis
915 1038 971 1103 III.
997 1037 1027 1104 3.
1053 1037 1107 1102 24.

386 1147 467 1212 Νακι
490 1148 565 1232 quid
585 1146 655 1210 vie?
677 1164 735 1211 nn.
757 1147 829 1210 όιιοσ
850 1168 895 1210 τις
917 1153 1089 1210 curatum
1112 1146 1214 1212 dicito.

206 1254 277 1316 inm
300 1272 408 1316 seeum
430 1273 470 1317 ue
494 1251 610 1318 aneilla
634 1251 762 1328 audiat,

385 1363 420 1421 ut
442 1364 584 1441 ρκοκίιιοι
599 1357 719 1441 possint
744 1360 861 1442 quique
883 1355 1001 1421 lioeeni
1022 1363 1174 1424 vaeneunt.

204 1460 239 1527 id
268 1461 443 1547 Xenophon
474 1465 508 1527 in
540 1463 664 1528 Μοιιιοπ.
699 1463 739 1526 H.
773 1462 803 1527 5.
839 1462 869 1526 5.
902 1464 949 1527 iia
982 1461 1078 1527 dixit:
1112 1457 1186 1526 όταν
1209 1485 1255 1532 τις
1279 1459 1395 1536 οίκότην

205 1567 328 1647 πονηρὸν
361 1577 451 1649 πωλῇ
483 1569 535 1632 καί
565 1569 749 1634 ἀποδιδῶται
783 1573 850 1633 τοῦ
889 1565 1095 1646 εὑρόντος,
1127 1568 1183 1632 ubi
1213 1574 1328 1632 πωλεῖν
1357 1566 1396 1632 de

204 1693 292 1738 more
315 1672 474 1760 signifieat
497 1678 651 1739 emiorem
674 1697 829 1760 quaerere,
856 1679 889 1738 ei
911 1673 1107 1738 άποδιδοσίαι
1130 1672 1276 1738 invenire.

248 1776 319 1843 Ηοο
342 1781 449 1863 ipsum
470 1781 573 1865 igitur
595 1780 679 1864 apud
700 1780 881 1846 Homerum
901 1784 933 1844 et
953 1780 1076 1844 Aiiiaoe
1096 1783 1218 1844 veteres
1237 1777 1393 1859 άλφάνειν

205 1881 412 1970 significabat.
459 1881 553 1970 Capu
581 1887 616 1950 in
646 1884 749 1957 bello.
782 1887 866 1970 rapti
897 1904 915 1948 a
941 1883 1150 1968 praedonibus
1172 1886 1217 1950 sie
1242 1884 1392 1948 dicuntur

204 1983 273 2052 ὦνον
302 1991 427 2070 άλφείν.
471 1989 563 2054 Iliad.
593 2000 629 2054 Φ.
656 1989 708 2055 79.
734 1990 789 2055 καί
812 1988 846 2067 μ’
871 1988 1044 2068 ἐπέρασσας
1068 2025 1110 2038 -
1136 1987 1337 2067 ἑκατόμβοιον
1360 1987 1393 2053 δέ

203 2116 247 2157 τοι
272 2088 380 2176 ἦλφον.
417 2094 530 2181 Odyee.
556 2106 596 2161 Ο.
620 2095 697 2163 452.
722 2096 735 2160 ό
760 2097 784 2160 δ’
809 2097 880 2173 ὑμῖν
904 2094 1008 2175 μόριον
1033 2089 1101 2158 ὦνον
1126 2091 1224 2177 άλφοι
1248 2088 1307 2174 όπη
1338 2117 1392 2157 τε·

203 2197 327 2278 ράσητε.
351 2211 384 2265 P.
410 2199 486 2266 250.

383 2304 447 2382 άξω
463 2305 541 2381 ’τῆλ’
565 2305 683 2380 Ἰόάκης
709 2301 758 2370 ίνα
781 2330 832 2383 μοι
858 2306 961 2384 βίοτον
984 2306 1080 2372 τολὺν
1103 2304 1211 2386 άλφοι.

204 2416 236 2475 ei
258 2421 295 2476 T.
323 2409 398 2476 883.
423 2409 486 2476 iesu
510 2411 545 2476 κέ
568 2435 613 2476 τοι
638 2410 722 2488 άξιον
745 2411 857 2494 άλφοι.

247 2516 296 2582 Ex
320 2520 450 2602 antiquo
470 2522 565 2602 poeta
588 2521 705 2583 sumsit
726 2517 920 2584 Plutarchus
944 2516 1027 2602 quod
1048 2519 1082 2581 in
1103 2517 1292 2600 Symposiacis
1309 2518 1392 2583 dixit

202 2642 275 2709 pag.
309 2621 386 2688 668.
411 2640 437 2688 o.
464 2624 599 2696 πλείονος
624 2626 835 2704 πιπράσκεται
859 2625 888 2688 ἐν
913 2627 1013 2704 Ῥώμη
1037 2623 1126 2704 ίχόὺς
1150 2624 1167 2700 ἢ
1192 2623 1278 2701 βοῦς.
1301 2624 1390 2705 κερά-

201 2751 268 2804 μιον
292 2729 355 2809 γάρ
378 2735 513 2795 πωλοῦσι
538 2739 648 2808 τιμῆς,
673 2725 743 2805 όσην
768 2733 821 2794 οὐκ
844 2729 881 2796 άν

542 2835 705 2914 ἑκατόμβη
729 2835 901 2916 βούπρῳρος
925 2834 1033 2916 άλφοι.

245 2941 448 3006 Nesciremus
489 2941 644 3022 άλφάνενν
680 2962 716 3007 eo
751 2963 845 3007 sensu
879 2939 959 3007 olim
994 2940 1240 3007 Atheniensibus
1275 2944 1390 3007 tritum

201 3045 315 3123 fuisse,
350 3049 412 3112 nisi
447 3049 539 3114 nobie
574 3051 735 3122 άττικιτίης
770 3046 972 3133 pereruditus
1004 3045 1127 3132 (Aelius
1155 3046 1328 3133 Dionysius
1359 3048 1390 3111 ἐν

200 3158 264 3222 τοῖς
285 3155 437 3223 ’λττικοίς
461 3153 602 3232 ὀνόμασι)
622 3161 741 3219 certam
759 3153 856 3218 huius
875 3155 921 3216 rei
939 3153 1129 3217 memoriam
1150 3156 1182 3216 ei
1200 3151 1390 3217 documenta

200 3262 354 3324 sanuses
375 3260 410 3322 in
432 3258 571 3325 Behkeri
594 3261 706 3326 Ακιοό.
729 3278 803 3345 pag.
826 3256 902 3322 882.
933 3255 964 3322 8.
1000 3255 1215 3338 Ἀλφάνειῑ
1248 3257 1386 3337 εὑρίσκει.

200 3361 405 3443 ’Δριςνφάνης
430 3363 773 3445 Θεσμοφοριαζούσαις·

428 3469 506 3548 οίμοι
530 3471 727 3547 κακοδαίμων
750 3475 805 3546 τῆς
832 3467 893 3534 ‘rii'
918 3466 1034 3548 ἡμέρας
1058 3462 1109 3533 irs

426 3572 508 3642 είτίν
532 3577 566 3654 μ’
589 3578 603 3642 ό
626 3574 719 3658 κιίρνξ
741 3571 825 3647 νότος
849 3573 997 3657 άλφάνει.

244 3680 380 3754 Εὔπολις
404 3681 612 3766 Ταξιάρχοις·

426 3791 458 3855 οὐ
482 3793 593 3855 όοῖττον
616 3791 713 3864 αὐτὴν
736 3789 821 3870 δεῦρό
844 3810 894 3867 μοι
918 3794 976 3855 τῶν
1000 3784 1127 3866 τοξοτῶν

425 3894 512 3974 άνων
535 3894 718 3976 άποκηριίξει
743 3920 790 3970 τις
814 3891 847 3970 ό,
873 3920 903 3962 τι
926 3895 964 3960 άν
986 3896 1130 3979 άλφάνης

200 3999 251 4065 καί
276 4001 290 4066 ό
314 4001 458 4076 ποιητάς·

565 4105 766 4186 ἑκατόμβοιον
791 4106 822 4172 ei
846 4129 892 4172 τοι
918 4099 1027 4187 ἦλφον.

199 4211 282 4276 nihil
312 4218 360 4277 esi
390 4212 440 4279 hie
475 4211 684 4291 luculentius,
719 4216 782 4278 uisi
812 4213 896 4298 quod
918 4208 1139 4296 Aristophanis
1162 4211 1258 4277 verba
1280 4209 1385 4279 labem

200 4322 232 4382 et
252 4319 372 4384 vitium
394 4326 614 4405 conceperunt.
661 4318 896 4404 Supplendum:

428 4421 511 4490 είπόν
533 4425 568 4504 μ’
592 4426 606 4488 ό
630 4423 739 4506 κηρνξ·
766 4424 885 4502 »οὑτοσί
911 4422 944 4488 τί
966 4420 1138 4505 άλφάνει”;
