3372 5192
723 349 788 428 353

159 551 350 636 transposita
380 553 412 614 et
434 551 505 634 post
529 549 584 625 τίςν
613 549 756 625 διοίκησιν
785 547 936 616 καταλύει
967 549 1190 616 transferenda.
1238 547 1350 618 Absol-

160 659 250 722 verat
280 655 319 720 da
350 657 500 734 caeteris,
532 675 612 741 qnae
642 660 807 722 enumerat
834 654 971 743 singuiis
995 661 1027 721 et
1049 679 1133 724 nunc
1156 657 1350 724 demonstra-

160 764 252 826 turos
275 764 323 826 est
346 755 391 825 ύτι
414 767 478 832 τοῖς
501 761 681 842 κακούργοις
704 762 874 839 βοηθοῦνται
897 760 1013 826 τέθεικε
1034 764 1085 828 τὸν
1105 761 1204 842 νέμον.
1239 762 1351 849 ltaque

160 868 207 931 sic
231 872 299 932 erat
321 866 509 932 dicendum:
535 905 576 916 -
602 867 709 932 οίλλοὶ
744 866 811 933 καὶ
844 874 907 939 τοῖς
931 867 1110 949 κακούργοις
1134 869 1200 934 κτέ.

203 970 305 1037 Miror
335 993 397 1056 quo
427 976 519 1058 paeto
545 971 727 1038 Dindorfius
749 978 816 1038 tam
841 976 961 1038 certam
983 980 1016 1038 et
1038 975 1220 1040 evidentem
1242 994 1348 1041 emen·

159 1076 320 1142 dationem
343 1099 383 1144 ne
407 1081 634 1144 memoraverit
658 1077 788 1164 quidem
810 1079 930 1144 nedum
953 1081 1116 1165 receperit.

205 1180 335 1269 Triplex
357 1205 458 1272 genos
481 1184 727 1251 facinorosorum
751 1186 921 1250 hominum
944 1205 1061 1271 ponens
1085 1184 1271 1268 κακούργους
1294 1185 1347 1250 καὶ

159 1289 354 1370 πατραλοίας
388 1295 420 1357 st
450 1291 660 1372 οίτρατεύτους
693 1291 731 1356 de
754 1290 859 1354 ι’ίνύααι
883 1290 961 1376 quid
984 1289 1079 1358 Solon
1101 1294 1241 1358 sanxerit
1263 1311 1349 1357 com-

158 1399 316 1460 memorat
338 1417 412 1483 pag.
437 1393 513 1461 732.
538 1395 593 1462 20.
618 1395 672 1461 έοίν
694 1419 740 1470 τις
766 1396 832 1476 οὶλῷ
856 1403 994 1475 κλοπῆς,
1020 1395 1074 1462 εὀίν
1099 1422 1145 1470 τις
1166 1397 1260 1468 ύλούς
1282 1397 1350 1484 (τῆς

160 1499 679 1588 ύθ1.1)οί>ταυιιε)κακύσεωςτῶν
703 1501 812 1580 γονέων
835 1503 877 1573 είς
901 1502 956 1576 τὴν
980 1503 1097 1584 οίγορίιν
1121 1501 1292 1584 έμβοίλλρ,
1318 1507 1351 1568 et

160 1603 197 1670 cv
228 1607 396 1686 οίςρατείας
428 1630 474 1679 τις
504 1605 595 1689 ύφλγ.
643 1607 729 1673 Hinc
760 1609 863 1696 igitur
891 1607 1107 1697 intelligimus
1129 1594 1199 1681 τούς
1223 1607 1350 1689 κακούρ·

159 1735 232 1790 γους
256 1732 323 1777 asse
346 1713 416 1785 τοὺς
440 1713 603 1790 κλέπτας,
628 1718 662 1778 et
683 1713 753 1786 τοὺς
777 1714 973 1794 πατραλοίας
995 1735 1059 1780 non
1088 1736 1155 1782 esse
1186 1717 1256 1788 τοὺς
1288 1739 1348 1779 πα·

158 1817 350 1902 τροκτύνους,
381 1817 437 1885 sed
467 1819 536 1890 τοὺς
568 1815 703 1894 οίλύντας
727 1819 889 1892 κακώσεως
921 1825 981 1884 τῶν
1013 1819 1139 1899 γονέων,
1165 1819 1248 1905 quod
1271 1818 1349 1905 quid

158 1925 201 1988 sit
229 1924 393 2009 perspicue
424 1923 543 1989 dicitur
570 1944 644 2011 pag.
677 1922 753 1992 733.
786 1923 839 1989 26.
886 1925 1086 2005 Πατραλοίας
1117 1928 1221 2014 igitur
1255 1929 1302 1992 est
1334 1927 1348 1991 ί

159 2027 282 2110 πατέρα
314 2028 358 2106 μὶν
389 2028 507 2110 τρέφων
540 2029 591 2094 καὶ
617 2028 792 2106 τεύνιρκίτος
816 2029 857 2094 τύ
882 2028 1066 2111 νομιζόμενα
1090 2033 1134 2109 μέν
1156 2037 1265 2106 ποιῶν,
1291 2033 1347 2116 qui

157 2155 285 2200 summo
307 2135 377 2199 iure
399 2140 432 2200 et
454 2135 584 2200 infamis
607 2139 655 2200 est
676 2140 709 2201 et
731 2135 798 2201 foro
818 2117 959 2214 arcetur,
979 2136 1034 2202 sed
1054 2137 1143 2200 νοτία·
1162 2136 1213 2204 vel
1228 2137 1347 2220 ρκίιαίι·

152 2242 297 2326 parentia
318 2241 353 2304 in
375 2240 434 2318 hoc
456 2239 610 2307 vocabulo
634 2243 721 2307 notio
744 2260 804 2306 non
831 2243 926 2306 inest.
1347 2251 1349 2256 ’

202 2447 284 2536 Psg.
316 2446 393 2513 733.
426 2447 481 2514 24.
513 2449 613 2515 καίτοι
647 2448 717 2534 [τίν’
748 2447 786 2515 ίιι
815 2447 908 2525 οίξίαν
940 2449 1019 2526 δοίης
1050 2449 1133 2526 δίκην
1165 2449 1196 2537 ἢ]
1230 2450 1263 2515 τί
1295 2461 1344 2516 CT

159 2555 260 2618 παύύιν
292 2551 332 2617 ἂν
361 2554 405 2619 τοὶ
431 2553 610 2634 προσήκοντ’
634 2554 696 2631 είνς
722 2555 874 2628 πεπονθὼς
898 2547 930 2628 ύς
950 2594 991 2605 -
1008 2555 1079 2628 τοὺς
1102 2558 1144 2637 τῷ
1169 2557 1250 2639 γίρρ
1273 2557 1346 2636 βου·

159 2659 223 2732 ίοὺς
255 2658 420 2738 λυμαίνει,
454 2652 480 2724 οί
511 2660 563 2724 καὶ
595 2658 712 2741 ζῶντας
743 2659 956 2743 οίναγκοίζουσι
988 2663 1071 2746 [τοὺς
1107 2661 1238 2749 παῖδας]
1276 2665 1346 2737 τοὺς

157 2763 266 2844 γονέας
308 2765 430 2848 τρέφειν
469 2765 521 2830 καί
557 2765 683 2854 ἐπειδὰν
716 2765 905 2834 ύπούιίνωτιν
940 2765 1020 2842 ὅπως
1056 2769 1115 2834 τῶν
1150 2767 1347 2850 νομιζομένων

156 2871 275 2951 τύχωσι
308 2870 605 2954 παρασκευάζουσιν.
653 2872 872 2961 Exprmgenda
902 2895 969 2940 esse
998 2875 1095 2941 verba
1118 2878 1218 2942 otiosa
1241 2885 1274 2941 et
1296 2896 1347 2942 su·

155 2997 312 3064 pervacua
334 2979 392 3042 τίν’
418 2975 456 3042 su
479 2975 572 3053 ιίξίαν
594 2977 673 3053 δοίης
697 2977 780 3053 δίκην
805 2978 822 3054 ἥ
848 2982 956 3066 arguit
978 3000 1110 3066 sequena
1134 2991 1184 3046 CT
1210 2982 1293 3066 quod
1312 2984 1347 3046 in

155 3083 341 3149 huiusmodi
383 3084 554 3168 partitione
593 3088 650 3147 aut
683 3086 787 3168 primo
821 3082 890 3150 loco
924 3087 1054 3170 ponitur
1088 3091 1144 3152 aut
1177 3107 1345 3172 nusquam.

154 3186 276 3254 Deinde
295 3187 475 3274 recipienda
494 3191 560 3252 orat
580 3186 717 3254 Dobraei
737 3190 916 3256 emendatio
931 3191 1001 3263 τοὺς
1014 3194 1056 3272 τῷ
1071 3193 1153 3274 γιίρρι
1163 3192 1346 3270 βοηίοΤΝ-

155 3301 241 3358 Tac
264 3301 450 3359 NOMOTC
475 3292 629 3371 λυμαίνει.
676 3293 798 3360 Eodem
821 3294 916 3362 modo
940 3296 1022 3362 dixit
1046 3296 1156 3384 paullo
1180 3305 1252 3364 anta
1271 3320 1346 3386 pag.
1461 3305 1465 3314 '

156 3396 233 3466 732.
267 3397 318 3464 15.
352 3398 405 3463 τὸν
434 3397 614 3480 κακούργοις
644 3399 816 3479 βοηθοῦντα
846 3398 945 3479 νίμον.
979 3407 1011 3468 et
1040 3403 1149 3489 paullo
1179 3408 1250 3489 poet
1271 3426 1346 3494 pag.

158 3501 232 3569 735.
259 3502 312 3570 15.
335 3501 422 3582 νόμον
445 3502 552 3570 οὐδένα
575 3512 639 3575 τοῖς
661 3504 804 3579 τοιούτοις
829 3506 1045 3587 ἐπικουροῦντα
1068 3509 1194 3583 τίίιςοιν.

200 3609 237 3674 ln
268 3611 356 3676 exitu
384 3609 448 3676 loci
477 3629 576 3695 paene
607 3609 745 3677 ridicula
767 3618 815 3677 est
837 3613 1008 3681 verborum
1032 3616 1219 3699 compositio
1242 3609 1270 3681 οἳ
1293 3615 1345 3682 καί

154 3713 270 3797 ζῶντας
294 3713 509 3797 ύναγκοίζοοσι
530 3717 600 3789 τοὺς
621 3717 744 3788 παῖδας
763 3717 834 3790 τοὺς
854 3718 964 3796 γονέας
984 3718 1123 3799 τρέφειν,
1152 3721 1227 3805 quia
1243 3723 1349 3805 prims

154 3823 258 3907 specie
281 3820 397 3903 ζῶντας
418 3820 488 3894 τοὺς
510 3822 629 3896 παῖδας
651 3824 820 3889 coniuncta
838 3844 904 3890 esse
924 3825 1084 3892 videntur.
1119 3824 1349 3893 Demosthenes

155 3929 275 4013 optimo
306 3927 376 4001 τοὺς
402 3927 519 4000 παῖδας
543 3930 712 4004 omiserat,
736 3949 812 3996 nam
836 3929 875 3995 de
898 3930 1014 4015 quibus
1036 3930 1166 3996 tandem
1189 3929 1261 3997 aliis
1284 3931 1349 3998 dici

154 4035 279 4117 poterat
305 4033 482 4115 ροοαιίὶύυν
512 4034 653 4098 aunario
678 4032 842 4118 praedm?
896 4035 1030 4102 Addidit
1062 4039 1219 4124 magister
1250 4037 1348 4105 verbo

152 4134 383 4217 ἀναγκάζουσιν
409 4139 532 4206 obiecto
556 4159 636 4226 opus
660 4159 728 4206 esse
751 4142 909 4225 opinatus.

197 4341 277 4433 Pag.
303 4343 381 4412 734.
407 4344 438 4410 3.
464 4346 516 4412 καί
543 4345 593 4412 διὰ
617 4343 742 4419 τούτους
766 4348 835 4412 καθ’
861 4349 944 4425 ἡμῶν
966 4346 1054 4428 νίμον
1073 4349 1176 4414 τίύΗΕ
1196 4347 1303 4420 Codex
1324 4351 1348 4419 S

150 4449 251 4534 τίύιρς,
275 4453 390 4518 caeteri
411 4451 514 4526 τιθείς.
547 4450 753 4520 Ostendimus
772 4452 835 4520 elio
854 4452 924 4522 loco
943 4454 1035 4530 τιθείς
1054 4475 1120 4524 csse
1132 4457 1348 4528 scribendum.
