3358 5200
782 401 824 468 21

205 595 331 675 σφάδροο
355 594 386 656 ἐν
409 596 451 672 τῷ
470 601 525 668 τῆς
545 591 703 664 πολιτείας
725 591 772 678 (id
793 596 841 657 est
859 601 915 666 τῆς
936 590 1156 678 δημοκρατίας)
1176 590 1237 666 ἥίει
1258 592 1398 670 μένοντες

206 699 268 770 ὅτε
301 703 356 772 τίον
391 699 557 778 ’Λριςείδου
592 699 643 762 nori
679 700 734 773 τίον
768 695 943 762 Μιλτιάδου
974 696 1027 762 καί
1059 703 1118 761 τῶν
1148 693 1220 762 τίτε
1250 706 1399 778 λοιμτοῶν

206 806 328 881 οἰκίον,
362 802 392 868 εί
422 827 468 874 τις
502 803 563 884 ops
597 800 674 868 οἶδεν
709 804 790 880 ὑμῶν
826 804 915 868 ίτοίοι
951 804 1022 867 τοτ’
1057 803 1141 877 rste,
1173 804 1226 886 ίρςϊ
1258 812 1313 879 τῆς
1345 809 1399 872 τοῦ

206 912 345 990 γείτονος
369 909 452 975 οὐδὲν
474 909 658 988 σεμνοτέρου
677 905 780 974 οὖσαν.
815 907 917 974 Multi
938 908 1091 996 leguntur
1110 909 1195 994 apud
1214 907 1401 976 Demosthe·

205 1037 285 1082 nem
311 1016 373 1082 loci
397 1017 447 1081 bis
470 1021 580 1101 terque
603 1016 719 1081 iisdem
741 1035 839 1100 paene
862 1014 968 1082 verbis
989 1015 1136 1099 repetiti,
1162 1035 1297 1100 quorum
1321 1015 1400 1081 alios

205 1121 439 1187 Demosthenes
468 1119 536 1206 ipse
565 1123 712 1202 repetiit,
744 1120 822 1185 alios
852 1119 1048 1185 fraudulenti
1078 1119 1240 1206 homines,
1265 1124 1399 1208 quispe

206 1227 292 1293 lueri
310 1225 519 1292 Demostheni
539 1228 694 1292 orationes
715 1227 838 1311 spurias
856 1230 1089 1310 supposuerunt
1107 1247 1261 1314 magnam
1276 1232 1400 1313 partem

206 1335 440 1398 consarcinatae
471 1354 510 1398 ex
540 1331 769 1419 insignioribus
802 1331 993 1415 quibusdam
1023 1331 1160 1412 ριίοεοιυ,
1187 1353 1268 1418 quae
1288 1335 1323 1396 in
1346 1353 1400 1420 ge

206 1441 318 1504 nuinis
349 1439 544 1504 orationibus
573 1438 771 1526 legebantur.
826 1436 888 1510 Est
914 1457 1026 1522 operae
1055 1439 1196 1522 pretium
1226 1439 1283 1503 hos
1313 1437 1399 1504 locos

206 1564 396 1630 oomponere
426 1551 458 1609 et
481 1547 564 1610 inter
590 1564 623 1609 se
646 1562 844 1628 comparare,
869 1541 953 1607 unde
977 1547 1009 1607 et
1032 1541 1071 1606 de
1094 1541 1295 1630 singulorum
1316 1543 1399 1609 loeo-

206 1672 284 1715 rum
318 1671 394 1716 vera
427 1653 585 1735 scriptura
615 1651 734 1736 optime
767 1648 902 1713 iudicari
934 1653 1055 1732 potest,
1088 1653 1120 1714 et
1151 1649 1400 1733 discrepantium

205 1756 384 1821 lectionum
415 1758 505 1843 origo
535 1761 568 1821 et
597 1776 690 1820 eausa
722 1760 753 1820 et
784 1773 968 1841 progressus
999 1756 1154 1840 conspici,
1188 1759 1220 1819 et
1242 1754 1399 1821 librorum

208 1881 290 1946 quos
315 1860 471 1926 habemus
489 1863 674 1946 superstites
692 1859 770 1926 fides
788 1862 923 1944 spectari
943 1863 1000 1923 eut
1019 1861 1179 1925 vitiositas
1197 1859 1398 1946 deprehendi.

205 1965 438 2031 Demosthenes
466 1967 535 2051 ipse
564 1986 645 2031 euno
677 1963 742 2031 352
773 1968 807 2030 in
838 1967 1040 2029 Arpocrates
1068 1985 1144 2052 pog.
1169 1963 1247 2030 689.
1275 1965 1327 2030 11.
1352 1969 1399 2033 ita

206 2071 350 2137 dixerat:
375 2073 430 2146 τίον
455 2071 678 2150 Θεμιςοιολέινς
701 2071 757 2150 μὲν
782 2071 845 2151 γάρ
868 2070 965 2135 οίκίιιν
988 2069 1039 2134 ιιοιί
1065 2069 1240 2135 Μιλτιάδου
1263 2071 1315 2135 sol
1340 2077 1398 2135 τῶν

205 2176 283 2242 τότε
313 2183 491 2262 λοιμτρῶνῆ
518 2175 547 2242 εί
576 2201 622 2250 τις
654 2174 715 2257 άροο
740 2178 821 2254 ὑμῶν
844 2171 921 2241 οἶδεν
945 2174 1036 2241 ίτοίοι
1059 2175 1130 2240 τοτ’
1154 2176 1238 2253 ε’ςίν,
1263 2179 1317 2260 ὁρᾷ
1341 2181 1398 2241 τῶν

205 2288 332 2347 πολλῶν
353 2284 436 2348 οὐδὲν
461 2281 645 2362 σεμνοτέραν
670 2280 772 2348 οὖσάν.

254 2387 397 2452 Eandem
437 2391 627 2454 sententiam
664 2390 799 2473 arripuit
832 2390 1002 2473 impostor,
1036 2389 1091 2472 qui
1122 2391 1297 2453 orationem
1331 2387 1397 2468 τερ)

206 2493 383 2570 condisse
416 2514 434 2559 a
464 2515 497 2558 se
528 2514 567 2558 ex
593 2493 718 2558 laciniis
741 2492 994 2558 Demostheniois
1016 2491 1269 2580 conglutinatum
1293 2493 1400 2559 Ptole·

203 2619 302 2665 maso
325 2597 552 2684 Philadelpho,
577 2604 634 2663 aut
656 2599 712 2663 alii
737 2601 787 2663 oui
812 2599 883 2684 regi
905 2598 1107 2679 Φιλοβίβλῳ,
1129 2600 1273 2684 impenso
1295 2603 1399 2685 pretio

204 2725 267 2790 pro
306 2706 444 2790 genuine
478 2704 639 2781 vendidit,
674 2724 776 2789 neque
811 2709 939 2768 tantum
972 2723 1083 2790 regem
1117 2705 1231 2791 grandi
1264 2707 1399 2789 peermia

206 2811 357 2874 emunxit
386 2808 441 2874 sed
472 2811 570 2874 etiam
602 2812 755 2875 acerrimo
779 2811 893 2894 cuique
918 2805 1110 2874 Oritieorum
1134 2816 1279 2876 veterum
1302 2806 1399 2875 Galli-

205 2913 334 2979 maohis
366 2913 515 2980 omnibus
551 2922 583 2980 et
617 2914 782 3002 Dionysiis
815 2913 999 2979 ioculariter
1034 2917 1190 2979 sarcinam
1223 2917 1397 3000 imposuit,

206 3020 309 3085 donee
337 3019 466 3084 tandem
494 3018 700 3086 Valckenario
723 3020 811 3084 fraus
832 3019 992 3093 suboluit,
1016 3039 1096 3104 queo
1119 3041 1203 3084 nuno
1226 3028 1274 3085 est
1297 3024 1397 3086 omni·

205 3127 271 3190 hus
308 3123 484 3190 manifesta.
538 3123 638 3211 Saepo
668 3129 805 3190 miratus
834 3145 907 3189 sum
939 3145 980 3190 no
1010 3126 1044 3188 in
1075 3124 1256 3210 Philippica
1285 3133 1398 3212 quarta

204 3231 338 3316 quidem
362 3235 431 3295 tem
453 3231 656 3296 menifestum
679 3230 825 3296 fraudem
848 3229 927 3294 olim
950 3228 1135 3316 perpluisso.
1181 3229 1306 3316 Nempe
1327 3237 1396 3297 tan·

204 3345 279 3402 tam
311 3338 381 3401 vim
413 3335 510 3401 habet
542 3336 758 3422 praeiudicata
792 3341 824 3401 et
854 3338 1031 3400 inveterata
1062 3337 1186 3420 opinio,
1219 3343 1258 3402 ut
1287 3356 1397 3402 omnes

204 3447 362 3528 perpetuo
394 3444 536 3507 nesciant
570 3461 603 3508 se
635 3445 669 3506 in
703 3442 841 3506 tenebris
874 3441 982 3506 sedere
1016 3440 1113 3507 donee
1141 3441 1248 3507 luoem
1280 3440 1396 3527 aliquis

207 3546 328 3612 afferat.
375 3547 553 3613 Audiamus
574 3568 658 3612 nuno
681 3549 887 3633 impostorem
911 3567 984 3634 pag.
1011 3543 1086 3612 174.
1111 3547 1165 3613 26.
1190 3547 1249 3620 τάς
1269 3547 1295 3612 δ’
1315 3546 1395 3618 ἰδίοις

207 3654 308 3724 οίκίοις
337 3659 394 3717 τῶν
426 3655 456 3718 ἕν
485 3651 613 3730 δυνάμει
644 3651 812 3733 γενομένων
836 3649 912 3718 οὕτω
936 3651 1065 3732 μετρίοις
1089 3653 1142 3718 ael
1165 3654 1207 3734 τῷ
1232 3660 1287 3729 τῆς
1311 3667 1396 3717 τολο-

205 3757 297 3829 τείοις
320 3757 446 3835 tottam
472 3759 518 3846 (id
542 3764 590 3825 est
611 3769 649 3841 τῇ
674 3756 877 3841 eupsetet)
900 3757 1079 3832 άκολιιίίονς
1104 3754 1162 3826 diss
1185 3759 1240 3834 τίον
1265 3767 1397 3838 Θεμιςο-

205 3865 317 3937 κλέους
347 3864 399 3928 sat
430 3866 485 3940 τίον
516 3864 650 3943 Κίμωνος
683 3864 735 3929 est
767 3864 823 3938 τίον
841 3864 1007 3942 'Apteron
1036 3863 1101 3950 [κοοί
1125 3863 1313 3951 Μιλτιάδου]
1341 3864 1393 3929 nul

205 3977 269 4036 τῶν
297 3971 369 4034 τίτε
397 3977 546 4049 λοιμτοῶν
578 3969 696 4043 οίιιίοον,
730 3970 758 4034 εί
780 3993 827 4041 τις
852 3966 900 4048 ἄρ’
924 3965 1005 4033 οἶδεν
1030 3969 1111 4046 ὑμῶν
1137 3964 1173 4056 (S
1197 3970 1278 4046 ὑμῶν
1300 3966 1393 4057 οἶδεν)

204 4076 300 4141 droia
330 4079 399 4140 τοτ’
429 4075 507 4153 ἒςίν,
538 4076 591 4158 sps
623 4084 678 4149 τῆς
709 4079 763 4140 τοῦ
795 4076 930 4152 γείτονος
961 4074 1044 4138 οὐδὲν
1076 4074 1259 4154 σεμνοτέραν
1288 4072 1393 4142 οὗτοι.

204 4179 363 4246 Videmus
404 4182 506 4268 igitur
545 4179 794 4247 Demosthenem
836 4201 935 4266 quum
971 4201 1052 4246 anno
1087 4179 1152 4245 349
1188 4183 1222 4245 in
1256 4185 1396 4248 oratione

205 4283 402 4372 Olynthisoa
430 4284 540 4352 laudes
562 4289 722 4352 maiorum
746 4286 934 4361 celebraret,
959 4285 1074 4371 quibus
1097 4291 1179 4354 esset
1201 4290 1235 4353 in
1258 4287 1396 4372 publicis

204 4387 463 4478 magnificentia,
499 4393 534 4455 in
563 4393 698 4475 privatis
728 4391 886 4457 modestia
917 4395 949 4455 et
980 4391 1110 4469 modus,
1142 4412 1205 4457 non
1235 4391 1396 4458 dubitasse

206 4495 325 4562 iisdem
355 4497 460 4563 verbis
490 4499 556 4574 uti,
590 4498 706 4581 quibus
737 4503 849 4581 quarto
877 4496 991 4562 abhino
1015 4516 1095 4563 anno
1119 4496 1251 4563 eandem
1274 4501 1396 4562 senteu-
