3208 5158
666 388 734 458 213

107 588 180 648 Mar
212 603 339 668 peccare
367 582 478 650 solent.
526 581 669 662 Quatuor
689 583 886 670 syllabarum
910 585 1044 650 verbum
1069 606 1136 650 esse
1159 581 1288 671 opinan-

106 695 152 753 tur
173 709 281 754 omnes
300 695 332 754 et
354 689 473 774 ubique
496 688 642 770 λὴἴζομοον
663 688 834 774 dederunt,
855 711 956 776 quum
976 691 1109 772 λὴζομοιν
1130 695 1287 776 scriptum

104 797 304 879 oportuisset,
338 799 376 859 ut
409 795 525 875 λὴςὴς,
560 792 715 875 inspicis,
751 797 888 876 λὴςὴρνον
920 801 994 862 cett.
1034 796 1155 863 Eodem
1190 798 1286 863 modo

106 902 193 974 ἡΐίεος
215 901 357 966 scribunt
380 906 412 966 et
435 901 504 976 ἡϊοίν
527 900 639 966 formis
661 899 842 967 Homericis
864 906 899 967 in
922 923 1058 968 errorem
1082 902 1217 968 inducti.

143 1005 293 1073 Dicebam
324 1007 420 1074 modo
450 1007 605 1074 adjective
635 1004 756 1075 Graeca
785 1029 849 1076 non
880 1009 963 1087 deri,
998 1029 1079 1094 quae
1101 1011 1136 1074 in
1163 1045 1180 1060 -
1194 1019 1286 1076 noc

105 1119 224 1193 creant,
249 1113 304 1179 sed
323 1115 357 1178 in
380 1113 431 1178 his
454 1114 601 1178 omnibus
623 1112 639 1177 I
657 1116 758 1180 inesse
780 1151 799 1164 -
815 1125 938 1190 siloc,
960 1124 1092 1193 -nlA,
1117 1149 1137 1164 ·
1151 1122 1285 1201 ΩΙΟΝ,

105 1223 138 1284 ut
164 1223 198 1284 in
232 1220 390 1302 πατρῷος,
421 1220 575 1301 perprius,
600 1222 770 1302 παππῷος,
795 1223 887 1302 elisios
912 1241 968 1308 pro
992 1221 1140 1303 οίζὴμοος.
1167 1227 1200 1288 et
1223 1221 1286 1288 alia

106 1324 272 1410 complure.

142 1429 244 1496 Lubet
275 1432 309 1495 in
342 1432 401 1497 hec
430 1453 465 1498 re
496 1431 658 1499 ostendere
689 1454 785 1519 quam
816 1437 907 1501 cuuto
935 1436 978 1500 sit
1001 1438 1285 1522 grammaticorum

104 1539 290 1602 testimoniis
313 1537 467 1603 utendum
491 1545 524 1604 st
547 1559 644 1624 quam
666 1541 708 1604 sit
727 1539 831 1604 futilis
851 1560 960 1604 eorum
981 1543 1167 1617 auctoritas,
1189 1561 1286 1626 quam

104 1643 193 1707 nimis
226 1661 318 1730 saepe
337 1645 437 1729 inepti
460 1647 632 1729 sequimur.
681 1643 861 1730 Stephanus
884 1645 1096 1732 Byzantinus,
1121 1649 1177 1732 qui
1200 1652 1286 1711 totus

104 1766 163 1812 csse
192 1747 272 1814 solet
301 1750 335 1813 in
366 1751 615 1835 quaestiunculis
646 1753 885 1838 grammaticis,
917 1753 952 1817 in
982 1774 1014 1818 v.
1046 1750 1131 1816 Γέλοο
1155 1752 1283 1818 scribit:

103 1852 133 1917 πί
162 1855 272 1918 tiresia
305 1859 421 1929 Γελῶος
452 1860 486 1922 οὐ
516 1865 664 1930 Γελοοῑος,
695 1857 734 1928 νίς
764 1854 888 1934 ’λβοων
920 1855 972 1920 κοί
1006 1859 1022 1932 ἡ
1055 1858 1204 1932 ουνὴίενοο.
1231 1856 1284 1924 sal

103 1953 165 2033 ίους
188 1961 250 2024 οίπὸ
274 1965 328 2026 τοῦ
352 1959 451 2039 pitres
477 1962 512 2028 τί
534 1969 659 2033 Γελῶον.
708 1961 771 2027 Sed
794 1982 833 2027 ex
855 1963 956 2040 γέλως
980 1970 1101 2039 γελοῖος
1125 1966 1268 2028 nascitur
1279 2027 1288 2056 ‚

104 2069 137 2128 nt
164 2066 270 2138 οίδοῖος
304 2087 343 2132 ex
374 2065 482 2144 αἰδώς,
505 2073 539 2132 et
562 2067 681 2142 ὑπὴοῑοο
706 2089 745 2133 er
769 2068 836 2143 ἡώς.
883 2067 926 2132 Et
948 2087 1029 2153 quse
1052 2067 1181 2134 tandem
1204 2070 1286 2135 ratio

104 2189 163 2236 csse
183 2175 289 2258 potuit
312 2194 368 2237 cur
390 2193 429 2238 ex
451 2170 534 2237 Γέλα
558 2179 673 2244 Γελῶος
698 2171 943 2258 produceretur?
975 2171 1039 2239 Sed
1062 2180 1177 2245 Γελῶος
1202 2173 1286 2238 nihil

105 2281 161 2340 est:
194 2277 278 2342 Γίλοο
308 2276 425 2343 ultima
455 2276 552 2365 longa
581 2299 620 2344 ex
652 2279 751 2344 Γελίον
782 2278 901 2345 coaluit
931 2283 964 2342 et
988 2280 1037 2344 sic
1058 2299 1116 2365 pro
1139 2285 1284 2351 Γελοοοῑοο

103 2387 171 2448 nate
192 2389 240 2449 est
262 2383 366 2449 formo
389 2385 557 2450 tritissima
581 2385 707 2464 Γελῷος.

142 2487 235 2554 Iuvat
269 2489 380 2556 eadem
415 2509 508 2576 opere
546 2490 612 2554 ὀδοῦ
648 2487 802 2567 πάρεργον
832 2489 1034 2556 historiolam
1062 2493 1098 2556 in
1127 2491 1188 2558 hoc
1217 2492 1286 2576 ipso

104 2589 248 2678 Stephani
270 2593 340 2662 loco
361 2595 514 2660 mendosa
532 2594 668 2660 lectione
687 2597 887 2662 obscuratam
907 2596 1062 2679 expedire.
1085 2594 1158 2662 Duo
1173 2596 1286 2663 fratres

103 2701 199 2765 nescio
227 2721 291 2786 qua
320 2701 358 2766 ds
389 2721 423 2766 re
454 2701 617 2768 oraculum
649 2701 843 2788 Delphicum
874 2701 1070 2768 consuluisse
1100 2708 1285 2787 narrantur,

105 2805 153 2878 πὴν
179 2807 453 2872 lenocinatio
477 2809 542 2886 περὶ
569 2808 685 2871 ἐκείνων
708 2808 863 2885 λέγουσαν
887 2807 1069 2886 morderes
1094 2813 1145 2873 τὸν
1168 2807 1285 2874 Λοίκοον

105 2913 169 2989 πρὸς
199 2913 357 2985 enarrate
391 2913 477 2987 ἡλίου
511 2921 608 2978 πλεῖν.
641 2919 694 2979 ποῦ
729 2915 755 2978 δ’
788 2916 983 2996 Ἀντιφήμου
1012 2914 1206 2992 γελάσαντος
1231 2917 1286 2988 τὴν

104 3020 210 3083 Πνίίοιν
240 3021 338 3084 εἰπεῖν
369 3017 465 3083 ποίλνν
499 3017 587 3102 ,ἐφ’
620 3022 732 3096 ἡλίου
763 3021 966 3101 δυομῶν,”
996 3021 1048 3088 κοί
1072 3019 1175 3085 Γίλοιν
1198 3020 1287 3084 πίλνν

105 3122 217 3190 οἰκίσαι,
254 3125 303 3190 Ne
326 3124 447 3212 Pythia
469 3127 604 3210 ineptire
625 3132 657 3190 et
676 3126 759 3191 nihil
779 3127 883 3193 dicere
902 3129 1051 3194 rideatur
1068 3128 1115 3190 ita
1132 3127 1284 3192 rescribe:

105 3229 154 3303 τὴν
185 3232 299 3296 nutias
330 3230 426 3296 εἰπεῖν
455 3231 569 3296 πάλιν·
601 3241 674 3310 „C‘r
700 3242 757 3297 ΔΕ
780 3234 832 3314 ἐφ’
856 3233 942 3309 ἡλίου
965 3235 1085 3310 δυσμῶν
1109 3233 1160 3296 κοί
1185 3232 1286 3296 Γίλοον

105 3332 186 3398 πίλου
208 3335 348 3402 oiston?
393 3336 550 3402 Fabulam
573 3337 612 3402 ds
634 3358 723 3403 more
746 3340 868 3423 peperit
892 3338 1089 3427 etymologia
1112 3338 1256 3403 absurde.

144 3439 265 3508 Iterum
298 3445 333 3507 in
366 3441 477 3508 ecdem
511 3464 545 3508 re
580 3445 697 3508 erravit
732 3443 911 3529 Stephanus
941 3466 1042 3532 quum
1072 3443 1222 3509 scriberet
1252 3463 1285 3510 v.

102 3543 197 3618 'Ater
232 3554 298 3614 -πὸ
333 3548 457 3614 ferrals
487 3550 603 3621 ”Aluos
640 3559 771 3614 Xssl‘lC
805 3559 895 3615 ΤΟΤ
927 3561 951 3616 1.
988 3550 1023 3615 τὸ
1053 3549 1084 3614 δὲ
1115 3549 1223 3623 δηλοῦν
1249 3549 1284 3613 πί

105 3649 271 3730 ἆζὴμοον
305 3658 551 3735 προπεροοποῖποοο
590 3654 641 3718 nul
678 3653 745 3734 ἔχει
781 3656 815 3720 πί
850 3666 863 3720 1
899 3656 934 3721 ἐκ
968 3664 1023 3730 mie
1060 3657 1143 3734 spir.
1192 3650 1286 3720 Certa

105 3757 185 3821 enim
216 3759 360 3848 analogia
392 3765 431 3826 ut
461 3782 500 3826 ex
528 3767 593 3833 Κῶς
619 3761 699 3841 Κῷος
723 3763 769 3826 sic
793 3781 832 3826 cx
850 3761 951 3833 ”Alce
976 3759 1134 3826 formabat
1155 3760 1286 3840 ’λθῷοο,

106 3865 135 3924 et
162 3863 328 3932 discrimen
356 3868 441 3932 inter
465 3867 583 3941 ’λίνος
607 3870 639 3932 et
662 3867 755 3947 οἱίῷοο
778 3887 906 3932 merum
930 3869 978 3932 est
1000 3866 1285 3952 grammaticorum

108 3977 327 4038 commentum.

396 4213 537 4284 Nomina
557 4219 592 4283 in
616 4251 637 4268 -
652 4226 721 4284 elA
743 4215 863 4283 ultima
887 4217 984 4284 brevi.

148 4385 223 4459 Fors
245 4401 422 4462 constanter
444 4401 480 4463 in
501 4433 520 4449 -
534 4407 577 4464 Ιλ
602 4399 833 4485 depravantur,
857 4403 896 4463 ut
917 4395 1081 4478 ἀκοδὴμίο
1105 4419 1161 4486 pro
1186 4395 1286 4466 'Auc-

109 4492 221 4576 hhsuoe.
268 4499 443 4570 unnim
464 4505 568 4594 igitur
590 4506 708 4591 ubique
731 4505 984 4572 rescribendum:
