3208 5158
878 355 944 424 218

756 555 1060 614 ΠΛΗΜΜΤΡΕΙΝ.

364 739 435 807 Una
453 743 582 808 tantum
600 740 703 806 forma
722 737 845 808 Graeca
863 747 911 807 est
930 740 1143 822 πλημμώρειν,
1164 739 1375 820 πλημμύραν,
1401 757 1504 820 πλημ·

318 846 473 929 μώροντες.
509 845 660 916 Graeculi
679 847 813 914 alteram
832 849 912 914 vitio
931 854 1040 914 natam
1060 847 1099 913 de
1119 868 1176 914 sno
1195 847 1387 914 addiderunt
1404 865 1505 926 τλημ-

318 960 426 1036 popei,
451 962 667 1036 πλημμυρεῑν,
693 960 905 1033 πλημμυρῶν.
931 953 1035 1021 veluti
1059 975 1133 1042 pag.
1160 953 1237 1022 742,
1264 955 1321 1020 ubi
1345 960 1378 1020 et
1402 971 1506 1034 τλημ-

318 1061 403 1139 cccc
427 1066 460 1126 et
482 1067 679 1139 πλημμυρεῑν
701 1059 837 1148 legitur,
861 1065 894 1125 et
916 1063 962 1126 sic
984 1063 1111 1146 saepius
1133 1059 1222 1126 olibi.
1259 1059 1294 1125 Si
1313 1069 1507 1141 πλημμυρεῖν

319 1170 401 1234 esest
423 1167 457 1232 in
479 1187 540 1231 usu
563 1166 695 1232 haberet
717 1191 735 1231 ν
754 1171 952 1251 correptum,
973 1169 1065 1233 utin
1084 1166 1310 1248 μαρτύρεσθαι,
1336 1175 1506 1246 μαρτυρεῖν.

319 1271 413 1338 Νιιιιο
446 1276 568 1338 constat
601 1273 721 1359 ubique
756 1293 822 1339 esse
856 1273 1058 1359 productum.
1094 1272 1192 1340 Recte
1225 1275 1330 1361 igitur
1362 1274 1507 1340 scribitur

319 1379 556 1461 πλημμύροντα
580 1398 654 1467 pag.
680 1377 758 1447 743.
781 1379 837 1445 sed
859 1381 978 1465 passim
1000 1385 1149 1466 peccatur
1171 1378 1258 1446 alibi.
1329 1435 1334 1446 .

804 1595 1027 1655 AHMHTPA.

364 1769 472 1852 Quam
503 1789 595 1858 saepe
626 1769 709 1855 apud
741 1769 928 1837 Strabonem
959 1775 991 1838 et
1019 1771 1098 1837 alios
1125 1773 1283 1859 reperitur
1314 1771 1506 1838 accusativus

322 1877 492 1958 Δημήτραν
522 1876 639 1942 ultima
668 1875 766 1966 longa
794 1878 936 1944 barbaro.
983 1878 1068 1944 Faex
1091 1876 1323 1945 Graeculorum
1347 1877 1504 1950 dicebati

322 1985 495 2063 Δημήτραν,
529 1987 567 2048 ut
597 1983 614 2058 ιὶ
646 1991 740 2063 χεῖρα
768 1983 953 2070 similiaque
978 1983 1154 2070 complura.
1203 1982 1339 2066 Homeri
1361 1983 1506 2072 Hymnus

321 2089 477 2175 hodieque
501 2089 686 2155 inscribitur
709 2089 752 2163 etc
773 2091 942 2171 Δημήτραν
961 2089 1014 2156 vel
1032 2093 1122 2178 peius
1142 2092 1240 2156 ctiam
1260 2091 1304 2164 εἷς
1327 2095 1505 2169 Δήμητραν,

321 2196 405 2282 quod
428 2195 549 2262 nullius
571 2195 703 2284 linguae
727 2201 784 2262 est.
831 2196 966 2263 Formae
989 2197 1151 2276 Δήμητρος
1172 2202 1204 2263 et
1224 2197 1366 2278 Δήμητρι
1388 2195 1507 2263 illaesae

322 2308 471 2382 manent,
495 2303 550 2369 sed
572 2305 607 2368 in
631 2305 812 2369 accusativo
835 2305 954 2388 passim
978 2305 1024 2370 sio
1046 2310 1204 2389 peccatur.

619 2513 796 2582 Ξενοδοκεῑν.
823 2511 1214 2587 caedendoseaedendos.

367 2689 439 2762 Non
470 2691 515 2761 sic
545 2693 630 2782 apud
661 2695 849 2762 Strabonem
881 2693 1002 2780 editur,
1037 2668 1232 2781 quamquam
1262 2695 1324 2762 hae
1346 2691 1432 2761 solae
1454 2689 1506 2757 lor

320 2817 393 2868 mae
416 2801 532 2888 probae
555 2808 647 2887 sunt,
671 2802 725 2870 sed
749 2801 920 2882 ξενοδοχεῑν
943 2806 976 2868 et
995 2803 1188 2881 πανδοχεῖον.
1224 2800 1354 2867 Veteres
1374 2805 1412 2866 nt
1431 2799 1505 2879 δωοι·
1594 2803 1595 2808 ’

320 2904 416 2973 δοκεῖν
439 2909 485 2974 sio
508 2915 687 2976 constanter
709 2907 870 2984 ξεινοδόκος
895 2913 928 2973 et
947 2907 1109 2986 ξενοδοκεῖν
1129 2907 1297 2983 dicebant,
1318 2907 1375 2972 sed
1393 2907 1504 2992 requio

319 3035 393 3079 rum
416 3016 556 3092 οονηώεια
579 3019 677 3083 ctiam
701 3015 785 3102 apud
804 3016 928 3080 Atticos
947 3034 1039 3100 saepe
1057 3033 1168 3081 veram
1186 3012 1356 3080 lectionem
1378 3010 1503 3097 expulit.

676 3221 816 3290 Nomina
837 3219 969 3292 urbium
991 3221 1152 3290 mendosa.

366 3411 448 3478 Sunt
484 3405 641 3497 quaedam
680 3403 869 3494 oppidorum
902 3404 1047 3492 nomina,
1082 3427 1163 3492 quae
1197 3401 1316 3490 ubique
1352 3403 1388 3469 in
1423 3401 1505 3471 libris
1592 3447 1593 3460 ,

320 3522 437 3586 nostris
465 3523 550 3583 certe
580 3534 682 3582 errore
711 3517 876 3581 vitientur.
922 3513 1097 3592 Καλχηδών
1127 3531 1240 3578 verum
1269 3531 1387 3576 nomen
1411 3516 1456 3575 est
1476 3513 1504 3572 et

322 3622 532 3707 Καλχηδόνιος
544 3672 553 3702 ,
575 3625 737 3696 Μυτιλήνη
758 3624 790 3685 et
807 3627 1036 3697 Μυτιληναῖος,
1057 3621 1184 3697 Ἑρμιών
1190 3663 1200 3693 ,
1221 3616 1348 3697 Γώρτυν,
1370 3615 1505 3681 inlibris

321 3738 450 3799 tantum
491 3750 554 3796 non
597 3731 775 3795 constanter
816 3726 982 3800 Χαλκηδών
1018 3729 1178 3810 comparet
1213 3729 1246 3788 et
1281 3723 1444 3798 Μιτυλήνη
1476 3723 1504 3782 at
1591 3709 1592 3716 '

320 3836 462 3921 Ἑρμιόνη
486 3841 518 3903 et
541 3835 686 3915 Γόρτυνα.
715 3832 916 3911 Συρακούσιος
940 3835 1066 3896 tantum
1090 3850 1153 3895 non
1176 3829 1295 3914 ubique
1320 3830 1406 3916 apud
1429 3827 1505 3894 Stra·

321 3944 437 4014 bonam
467 3942 617 4009 mendose
651 3940 801 4006 scribitur
831 3927 887 4024 pro
919 3935 1112 4016 Συρακόσιος.
1159 3934 1196 3999 In
1227 3933 1300 4000 aliis
1328 3959 1350 4000 α
1379 3935 1504 4021 longum

323 4055 439 4120 scribae
463 4055 495 4117 et
517 4049 653 4115 editores
675 4045 799 4112 fefellit.
846 4045 918 4110 Non
938 4047 1069 4121 Ἴλιπα,
1092 4062 1155 4107 non
1180 4041 1328 4106 Μάλανα
1352 4039 1503 4108 siraecum

323 4165 382 4236 est,
410 4157 465 4223 sed
487 4159 614 4231 Ἰλὶιια,
640 4153 804 4230 Μαλώιια,
825 4155 863 4215 ut
881 4149 1051 4216 ostendunt
1073 4149 1211 4236 genitivi
1236 4148 1418 4221 Μαλώκας.
1441 4142 1503 4210 ’tat-

323 4285 408 4340 παν,
432 4262 555 4339 Νέδας,
585 4259 759 4337 Ἰδονβέδας
784 4263 859 4323 cett.

321 4414 324 4420 -
367 4367 406 4435 In
435 4367 508 4434 aliis
538 4371 647 4433 contra
677 4389 700 4429 α
728 4366 823 4430 breve
853 4363 1039 4448 producitur
1068 4362 1163 4426 utin
1186 4360 1348 4441 Κώρώαια,
1374 4360 1503 4428 Νίσαια,
1589 4387 1590 4467 q

323 4473 443 4545 Νέιινια
467 4480 499 4540 et
521 4475 613 4551 sim,
638 4491 718 4558 quae
741 4473 776 4534 in
798 4469 1001 4535 llditionibus
1023 4468 1252 4549 παροξύνονται.
