3358 5200
737 413 780 482 35

142 609 288 675 absurde
320 607 401 684 diei,
433 624 496 669 non
520 604 740 670 dubitabimus
761 605 859 671 verba
881 603 934 670 καὶ
959 612 1141 686 κατηγορίαι
1164 605 1245 670 vitio
1268 607 1343 668 nata

142 736 217 780 una
240 713 340 780 litura
363 710 477 777 delere.

197 926 279 1014 Pag.
306 921 382 989 130.
404 921 435 988 6.
455 922 621 1000 ἀγαπητὸν
641 923 704 1004 γθιρ
725 923 779 987 έοὶν
799 923 886 987 αὐτοὶ
908 921 1061 1003 σώζωνται
1081 921 1193 987 τούτων
1206 918 1342 989 ἕκαςΟΙ·

146 1033 229 1096 ἀλλ’
263 1032 332 1106 ὑμῖν
363 1033 453 1094 τοῦτο
486 1027 646 1107 πρακτέον.
694 1027 838 1093 Literula
868 1027 975 1094 addita
1004 1027 1206 1093 scribendum
1229 1027 1343 1092 τούτων

147 1136 324 1210 suasore,
349 1136 383 1200 id
407 1139 455 1199 est
479 1133 592 1198 τούτων
616 1133 743 1204 έκθςουο
768 1133 903 1211 ἄραπῖιν
923 1131 971 1196 δεῖ
988 1133 1041 1197 έθιν
1063 1133 1149 1198 αὐτοὶ
1171 1132 1342 1214 σώζωνται,

146 1245 257 1308 horum
279 1241 413 1322 οὲαρνθυι
434 1240 462 1304 οἱ
485 1239 545 1324 ipsi
566 1239 645 1304 ιαθοθ
667 1239 729 1304 siat
744 1240 903 1322 praeclare
927 1261 1021 1303 οιαιιοι
1045 1245 1141 1302 aava
1165 1261 1225 1303 osse
1243 1238 1344 1301 existi-

147 1371 236 1412 mare
264 1351 394 1431 oportet,
424 1350 462 1410 ut
493 1365 566 1433 pag.
602 1341 677 1409 175.
712 1343 764 1408 14.
797 1343 965 1422 ιθγαπήτθν
995 1341 1027 1419 ήν
1052 1345 1127 1424 παρ’
1150 1343 1262 1408 έκεένου
1285 1349 1343 1407 τῶν

148 1454 260 1519 ἄλλων
291 1451 420 1519 invisit!
451 1451 504 1515 aa}
534 1458 627 1527 σιμήο
650 1450 703 1515 καὶ
728 1451 829 1531 οξρχής
853 1450 905 1514 καὶ
930 1450 1050 1527 ἀγαθοῦ
1075 1451 1153 1521 τινος
1175 1462 1341 1527 μεταλαμ·

147 1559 274 1638 βοένειν.

202 1770 282 1857 Pag.
316 1767 393 1834 120.
425 1766 477 1833 14.
511 1765 545 1844 ήν
567 1792 597 1833 τι
621 1767 692 1832 τθτε
717 1806 759 1817 -
784 1770 815 1833 έν
839 1778 910 1841 ταῖς
933 1776 992 1835 τῶν
1015 1776 1137 1835 πολλῶν
1160 1761 1343 1841 διανοέαιιθ

151 1916 199 1928 -
224 1874 382 1955 ἐλευθέραν
406 1871 464 1952 ἦγε
484 1874 538 1947 τήν
559 1874 712 1940 Ἐλλάδα.
747 1873 939 1940 Mendosum
959 1882 1007 1941 est
1025 1872 1095 1954 ήγε.
1130 1873 1234 1941 Nemo
1253 1874 1346 1941 intel·

146 1984 232 2070 ligia
256 1982 333 2067 quid
355 1983 398 2046 sit
420 1983 475 2056 τήν
498 1981 641 2046 Ἑλλάδα
666 1979 823 2061 ἐλευθέραν
840 1979 946 2058 tysis:
968 1981 1023 2046 sed
1042 1981 1135 2046 facile
1156 1986 1203 2046 osi
1221 1987 1345 2046 santon-

146 2092 237 2155 tiam
264 2089 395 2154 oratoris
425 2089 571 2173 reperire.
618 2087 697 2152 Erat
721 2091 811 2171 tum,
834 2090 956 2172 inquit,
982 2090 1015 2152 in
1038 2087 1207 2152 hominum
1230 2089 1346 2152 menti-

146 2197 215 2260 bus
250 2193 389 2278 aliquid,
426 2193 510 2279 quod
545 2192 700 2258 efficiebat
734 2198 772 2257 ut
807 2189 941 2259 Graecia
976 2194 1011 2257 in
1042 2191 1190 2257 libertate
1213 2195 1346 2257 viveret.

147 2293 245 2366 Adde¹
276 2300 354 2365 duas
375 2297 521 2364 litemlas
543 2305 575 2364 et
598 2299 658 2363 hoo
680 2301 789 2384 ipsum
812 2298 944 2364 habebis
967 2297 1139 2379 έλευθέραΝ
1165 2305 1269 2375 alays
1291 2298 1347 2372 τήν

147 2403 310 2470 Ἐλλάδα.
356 2403 441 2470 Noto
473 2425 534 2469 usu
568 2401 686 2481 διαίρειν
709 2409 765 2469 aut
787 2409 939 2469 neutrum
962 2409 1011 2469 est
1034 2411 1157 2468 αοθαθοικ
1181 2427 1269 2486 opere
1289 2410 1346 2469 aut

148 2513 361 2577 transitivum
380 2509 482 2574 faeere
501 2515 539 2574 ut
562 2508 678 2595 aliquis
702 2513 838 2574 aetatem
863 2510 1029 2596 transigat.
1050 2507 1175 2575 Nobilis
1192 2508 1280 2575 loeus
1301 2513 1349 2575 est

147 2619 186 2683 in
218 2617 360 2681 orations
383 2617 421 2678 de
449 2615 561 2680 Corona
584 2635 658 2702 pag.
684 2613 761 2678 255.
791 2613 844 2679 10.
869 2615 883 2678 θ
908 2615 970 2694 γὰρ
993 2615 1065 2680 τθτε
1090 2614 1226 2693 πόλεμος
1249 2653 1293 2666 -
1316 2615 1348 2679 ἓν

148 2726 234 2787 πᾶσι
258 2727 322 2794 τοῖς
348 2721 435 2785 κατα
457 2724 508 2786 τὸν
532 2721 599 2799 βέον
623 2721 838 2802 ἀφθονωτέροις
862 2721 915 2785 κα)
939 2721 1121 2803 εὐωνοτέροις
1141 2722 1245 2800 διήγεν
1266 2722 1349 2800 ὑμᾶς

147 2834 208 2902 τῆς
233 2831 284 2890 νῦν
309 2827 433 2906 εέρήνής.

199 3035 279 3125 Pag.
306 3035 382 3101 122.
407 3034 461 3101 21.
485 3037 518 3100 οὐ
542 3035 605 3116 γὰρ
629 3035 668 3101 θον
692 3039 798 3110 αὐτοῖς
824 3035 933 3115 ἔμελεν
958 3037 987 3103 si
1008 3061 1056 3111 τις
1078 3039 1109 3102 έν
1127 3040 1346 3120 Πελοποννήσῳ

147 3144 239 3215 τινας
258 3147 380 3208 ὠνεῖται
404 3141 456 3206 καὶ
481 3142 646 3223 διαφθείρει
671 3144 715 3220 μή
738 3145 819 3207 τοῦθ’
843 3143 1132 3222 ὑπολαμβάνουσιν.
1157 3143 1300 3224 έκθλαζον
1320 3145 1346 3210 δ’,
1443 3211 1447 3224 ι

149 3248 297 3318 οὕτωκαὶ
322 3249 519 3326 ἐτιμωροῦντο
542 3243 591 3321 οὓς
615 3247 764 3313 αθσθοιντο
789 3246 846 3317 ὥτε
872 3249 924 3314 καὶ
948 3251 1080 3325 τνλέτας
1105 3259 1211 3317 ποιεῖν.
1236 3254 1281 3317 sio
1301 3271 1346 3316 so

149 3357 206 3422 lus
238 3357 383 3420 omnium
416 3351 455 3431 S,
489 3356 604 3418 uastari
634 3349 682 3425 οὓς
713 3353 861 3419 αἴσθοιντο
895 3355 1139 3434 δωροδοκοῦντας.
1184 3356 1256 3421 Ηου
1285 3377 1349 3422 uno

151 3463 341 3528 testimonio
381 3460 543 3525 nitebatur
576 3459 661 3525 male
693 3480 768 3526 sana
798 3461 904 3545 opinio
935 3481 1063 3540 eorum,
1095 3464 1150 3547 qui
1180 3462 1349 3542 δωροδοκεῖν

151 3587 212 3653 pro
237 3565 420 3647 διαφθείρειν
441 3565 491 3630 ἐπὶ
512 3567 654 3644 χρήματι
678 3571 786 3631 eontra
805 3587 915 3632 sanam
934 3570 1090 3633 rationem
1110 3574 1141 3633 et
1161 3572 1349 3652 perpetuum

152 3679 303 3740 veterum
335 3692 431 3736 usum
465 3671 529 3736 diei
561 3690 650 3756 posse
682 3672 913 3737 asseverabant.
960 3672 1087 3738 Bonum
1117 3673 1239 3738 iaotum
1265 3674 1350 3758 qnod

152 3800 242 3844 unus
264 3780 410 3844 omnium
435 3779 576 3863 optimus
598 3779 691 3842 testis
715 3776 884 3842 absurdam
907 3777 988 3843 hano
1011 3779 1192 3863 opinionem
1211 3779 1352 3844 confuta-

153 3887 216 3950 vit.
259 3882 331 3949 Hoo
360 3885 463 3969 igitur
491 3881 637 3968 exemplo
670 3885 786 3948 moniti
809 3883 993 3949 cavebimus
1015 3903 1055 3948 ne
1078 3885 1243 3950 credamus
1266 3885 1350 3969 quod

153 4011 233 4056 enm
256 4010 332 4054 sana
355 3991 476 4053 rationo
499 3995 622 4074 pugnet
644 3985 713 4053 fieri
734 3991 885 4074 potuisse,
911 3989 986 4074 qnia
1008 4009 1091 4053 unns
1115 3995 1171 4054 aut
1190 3987 1270 4054 alter
1289 3985 1346 4055 Oo-

154 4097 218 4162 dex
243 4093 428 4160 huiusmodi
453 4095 528 4179 quid
553 4091 736 4158 confirmare
760 4094 898 4160 udatur.

202 4305 415 4372 Manifestum
448 4312 592 4371 tenemus
616 4305 705 4371 scioli
728 4306 984 4372 additamentum
1007 4323 1082 4391 pag.
1111 4303 1187 4370 130,
1216 4306 1257 4370 15
1294 4307 1352 4374 ubi

155 4415 181 4480 S
216 4413 322 4478 dedit:
359 4419 473 4492 πρῶτον
507 4414 563 4487 μέν
599 4413 633 4476 οὐ
670 4413 783 4487 μήποθ’
814 4408 883 4490 εὕρρ
914 4409 985 4480 τοὺς
1016 4411 1216 4486 ποιήσοντας,
1242 4409 1351 4479 ἔπειτα

156 4517 280 4586 δέδοικα
313 4519 359 4596 μή
396 4515 485 4582 πένθ’
520 4515 592 4596 ἅμα
625 4513 684 4582 θσα
715 4517 748 4580 οθ
783 4515 961 4594 βονλθμεθοι
995 4522 1091 4579 ποιεῖν
1122 4519 1196 4593 ήμῒν
1226 4517 1350 4596 dautran
