3392 5186
900 347 965 417 884

350 541 383 603 et
405 546 447 604 N.
473 537 548 605 346.

484 647 525 712 τώ
550 644 576 708 δ’
600 643 705 724 ἀμφίς
729 641 887 726 Φρονίοντε
911 643 961 710 δύο
985 643 1094 725 Κρόνου
1118 639 1164 710 vie
1189 641 1324 728 κραταιώ

410 809 413 815 .
483 750 627 830 ἀνδράσιν
650 749 774 830 ἡρώεσσι
799 752 1015 832 τετεύχετΟΝ
1040 749 1149 830 ἀλγειο
1173 750 1287 832 λυγρά.

346 861 378 922 ct
402 868 438 923 Σ.
467 855 543 924 583.

480 962 522 1028 τὼ
545 964 603 1040 μὲν
626 961 835 1045 ἀναρρήξαντε
858 963 930 1043 sote
954 963 1106 1043 μεγάλοιο
1130 966 1234 1046 βοείην

480 1067 607 1147 ἓγκοιτιο
631 1071 683 1134 καί
708 1069 811 1149 μέλαν
835 1065 918 1149 αίμοο
943 1071 1184 1154 λαφύσσετΟΝ.

386 1175 485 1242 Recto
514 1177 717 1244 Aristarchus
748 1176 788 1242 ad
820 1185 857 1241 K.
893 1175 969 1243 361.
1006 1178 1165 1256 ἐπείγετον
1202 1180 1385 1246 annotavit:
1412 1175 1460 1244 ὅτι
1491 1181 1537 1262 τῷ

340 1281 560 1359 ἐπείγετον
601 1281 715 1363 ύριςικῷ
752 1281 821 1347 ἀντδ
859 1284 1065 1348 ὑποτακτικοῦ
1101 1288 1154 1349 τοῦ
1188 1285 1412 1363 ἐπείγηται
1445 1285 1536 1366 (add.

338 1387 522 1472 ἐχρήσατο).
553 1388 692 1470 ἐπιφέρει
723 1387 786 1469 γάρ
821 1387 1029 1471 προίίρσι,
1061 1391 1125 1454 nisi
1154 1391 1239 1476 quod
1261 1411 1427 1478 perperam
1450 1391 1535 1458 dixit

337 1493 532 1558 ίοιιίίοοίίυιιιιι
555 1511 615 1559 rao
638 1493 825 1558 σοιιίκιιοίίσο
849 1491 991 1579 positum
1014 1517 1091 1561 csse.
1139 1493 1369 1564 Coniunctivus
1390 1503 1439 1564 est
1465 1518 1533 1564 eor-

335 1607 426 1686 repta
456 1600 559 1666 vocali
588 1601 686 1690 longa
716 1603 809 1667 utin
834 1600 918 1680 ίομεν
942 1607 975 1668 et
997 1598 1045 1667 ἵνα
1070 1601 1204 1681 ιείδνμεν
1227 1601 1327 1686 ἀμΦοι
1350 1607 1383 1669 et
1405 1601 1456 1670 ἵνα
1475 1605 1533 1670 τεί-

336 1705 405 1771 δετε
435 1705 568 1784 πάντες,
602 1713 634 1772 et
657 1709 729 1772 sim.
778 1705 841 1772 Sed
865 1707 941 1773 audi
962 1728 1047 1773 nunc
1070 1709 1214 1776 eiusdem
1238 1711 1411 1778 Aristonici
1433 1709 1533 1777 Scho

335 1809 458 1878 lionad
477 1819 516 1876 N.
540 1809 616 1878 346.
639 1815 656 1889 οἱ
676 1813 771 1887 διπλῆ
791 1808 837 1878 ὅτι
858 1813 927 1877 ἀντὶ
944 1818 997 1879 τοῦ
1021 1813 1290 1897 ἕτευχέτιρνῆ
1319 1814 1531 1898 τεύχουσι.

334 1917 441 1998 χρόνοι
464 1918 494 1984 δὲ
519 1918 696 1995 ἤλλακται·
722 1917 767 1988 ἔπι
791 1918 855 1998 γάρ
879 1919 949 1984 ἀντί
973 1923 1027 1985 τοῦ
1057 1917 1148 1985 ἕπευ
1155 1945 1250 2003 χον,
1273 1924 1313 1994 de
1336 1921 1386 1986 ἐπὶ
1410 1927 1480 1988 τοῦ·

450 2024 467 2102 δ
492 2024 605 2102 κεμάδ’
630 2026 662 2100 ἠδ
686 2025 813 2103 λαγυύν
835 2025 1013 2103 ἐπείγετον,
1036 2025 1105 2091 ἀντὶ
1130 2033 1183 2092 τού
1209 2027 1394 2107 ἤπειγον.

380 2131 476 2198 Vides
505 2131 584 2198 haec
617 2132 758 2197 adversis
789 2131 947 2196 frontibus
978 2133 1063 2198 inter
1093 2115 1126 2199 se
1156 2153 1353 2211 concurrere,
1379 2154 1437 2199 nec
1459 2130 1530 2198 fieri

333 2258 424 2324 posse
446 2242 485 2302 ut
506 2237 709 2303 Aristarchus
734 2237 846 2303 etheo
867 2241 900 2301 et
921 2235 1004 2302 illud
1023 2237 1183 2317 docuerit,
1204 2244 1236 2304 et
1252 2238 1414 2317 ἐπείγετον
1432 2239 1528 2305 modo

333 2346 573 2410 coniunctivum
596 2365 662 2410 esse
684 2345 847 2428 putaverit
869 2343 965 2410 modo
990 2343 1157 2410 indicativi
1178 2368 1318 2428 praecem
1335 2369 1393 2429 ρτο
1422 2345 1528 2428 inper-

324 2451 424 2536 fecto.
449 2450 578 2516 Miseria
596 2450 702 2516 modis
719 2452 850 2534 antiqua
869 2447 998 2515 Scholia
1018 2455 1166 2535 oomupta
1184 2455 1216 2515 et
1231 2450 1422 2536 interpolata
1433 2456 1527 2536 sunt,

331 2577 432 2642 neque
456 2577 611 2643 umquam
631 2559 707 2621 satis
727 2557 832 2622 cavari
852 2559 957 2640 potest
977 2576 1016 2620 ne
1037 2556 1157 2621 nubem
1178 2576 1235 2642 pro
1251 2557 1371 2623 Iunone
1388 2556 1529 2643 amplec-

335 2665 455 2728 tamur.
1413 2653 1417 2662 ’

378 2767 429 2832 Ad
459 2778 497 2832 Σ.
531 2763 607 2833 583.
637 2767 776 2856 legitur:
807 2765 1027 2849 λαφύσσετοντ
1059 2767 1119 2832 ἔδει
1150 2765 1201 2831 διά
1233 2771 1287 2833 τοῦ
1318 2776 1357 2833 Η.
1388 2765 1526 2848 ἣτάχα

333 2873 439 2946 ἐνεςώς
469 2874 532 2943 ἐτιν
559 2874 629 2940 ἀντὶ
663 2872 900 2956 παρῳχνκύτος.
931 2879 964 2938 et
993 2874 1078 2959 apud
1107 2874 1343 2939 Aristonicum:
1375 2875 1393 2948 ἧ
1428 2871 1525 2948 διπλῆ

332 2974 378 3044 ύτι
412 2977 518 3061 χρύνοο
553 2981 722 3057 ἤλλακται.
758 2979 792 3042 τί
827 2978 891 3058 γάρ
927 2977 1196 3054 λαφύσσετον
1230 2978 1313 3064 (add.
1351 2979 1419 3044 ἀντί
1454 2979 1525 3066 τοῦ)

332 3084 599 3167 λαφύσσουσι
623 3084 834 3165 παρείληπται
858 3080 956 3163 ὅμοιον
980 3085 1040 3165 τῷ·

584 3195 662 3256 λαοῦ
688 3190 913 3268 ἀποτμήξαντε
937 3189 1076 3256 διώκετον
1101 3193 1151 3276 (K.
1177 3187 1269 3275 364.)

332 3295 372 3360 ad
394 3318 491 3382 quem
513 3298 620 3364 locum
643 3299 860 3363 Aristonicus:
886 3297 902 3370 si
924 3297 1018 3372 διπλῆ
1040 3293 1086 3360 ἀτι
1106 3297 1141 3360 τὸ
1165 3295 1357 3362 διώκετον
1380 3295 1525 3374 σημαίνει

332 3403 540 3471 διώκουσιν
576 3407 593 3482 ἢ
626 3403 811 3487 διώκετε,
844 3405 877 3468 ού
911 3403 947 3467 τὸ
985 3401 1190 3489 (ἐ)διοικε’τκν,
1222 3404 1260 3473 cic
1296 3401 1525 3483 Ἐρατοσύίνιις.

332 3507 394 3576 ἕσιν
417 3508 479 3576 οὖν·
505 3511 556 3576 τὸν
581 3508 711 3575 Δύλυνοο
735 3508 952 3574 διώκουσιν
976 3509 1046 3573 ἀντί
1070 3513 1123 3572 τοῦ
1149 3508 1312 3573 ἐδίωκον
1335 3499 1366 3572 ἀν
1385 3507 1495 3589 τρίπον

514 3608 549 3681 ci
570 3617 628 3694 μὲν
651 3615 917 3694 ἀλετρεύουσι
942 3615 1042 3695 μύλρο
1069 3611 1119 3678 ἔπι
1146 3615 1187 3694 (n.
1214 3612 1303 3700 104.)

331 3723 399 3788 ἀντὶ
423 3727 476 3788 τού
501 3722 727 3800 ἦλίτρευον.

375 3828 467 3895 Nihil
497 3832 542 3894 sic
573 3825 757 3914 proficimus
786 3847 887 3912 neque
920 3847 958 3892 ex
988 3826 1146 3892 molestiis
1169 3825 1364 3911 expedimur.
1412 3825 1528 3912 Neque

331 3937 418 4001 anim
449 3935 633 4015 ἐτεύχετον,
666 3934 881 4017 λαφύσσετον,
914 3933 1052 3998 διώκετον
1074 3937 1243 4016 praesens
1272 3933 1424 4015 temporis
1458 3953 1528 3999 osse

330 4046 480 4127 possunt,
512 4046 544 4107 et
568 4061 712 4124 praecem
740 4056 801 4104 rao
824 4055 1023 4104 msurncro
1047 4039 1155 4122 inepta
1179 4041 1212 4102 et
1235 4036 1371 4102 absurda
1393 4057 1443 4102 res
1466 4045 1527 4105 est.

332 4145 512 4212 Haeremus
534 4147 636 4233 igitur
658 4149 690 4210 et
714 4149 866 4229 quaerant
889 4146 1055 4210 acutiores.
1080 4143 1190 4227 Neque
1211 4141 1300 4208 locus
1325 4163 1364 4207 ex
1383 4141 1529 4231 Odyssea

333 4277 361 4326 η.
389 4250 463 4316 104.
491 4253 554 4318 huc
577 4251 748 4316 trahendus
772 4257 856 4316 erat:

491 4348 526 4423 ιώ
550 4356 605 4433 μὲν
630 4357 826 4435 ἀλετρεύουσι
849 4355 950 4436 μύλρς
978 4353 1028 4420 ἔπι
1052 4355 1184 4433 μήλοπα
1209 4353 1336 4433 καρπόν.
