3358 5200
753 383 796 452 53

155 575 294 662 scripta
312 581 387 642 sunt
406 576 472 642 illis
492 575 708 660 temporibus,
729 598 829 663 quum
850 578 1047 665 Theopompi
1067 576 1245 644 Φιλιππικοὶ
1265 585 1369 646 essent

156 686 199 747 in
227 684 379 748 omnium
402 683 561 748 manibus.

212 894 314 960 Nunc
349 893 531 981 epistolam,
567 898 795 982 cuiuscumque
832 905 901 977 est,
936 899 1045 964 ordine
1083 919 1306 984 percurremus
1337 903 1366 966 si

157 1001 252 1087 quid
275 1000 356 1067 forte
378 1000 597 1068 emendatione
620 1001 672 1067 vel
694 1005 956 1088 interpretatione
979 1003 1115 1092 indiget.

212 1107 434 1172 Destituimur
463 1109 498 1171 in
525 1128 562 1173 ea
584 1129 617 1172 re
640 1110 756 1193 optimi
779 1112 811 1174 et
833 1106 1012 1175 fidelissimi
1036 1113 1126 1176 testis
1148 1111 1279 1177 auxilio.
1326 1110 1363 1176 In

157 1210 291 1278 Codice
317 1209 342 1276 S
368 1212 513 1298 Epistola
545 1213 690 1300 Philippi
719 1234 782 1279 non
810 1201 988 1301 comparet,
1013 1236 1093 1301 quse
1117 1223 1282 1302 propterea
1305 1215 1362 1282 ali-

157 1323 292 1404 quanto
313 1319 492 1384 mendosior
514 1339 610 1405 quam
634 1320 757 1406 reliqua
780 1327 855 1386 sunt
877 1322 1107 1388 circumfertur.

213 1529 300 1618 Peg.
332 1527 408 1595 158.
444 1527 475 1594 3.
509 1531 613 1606 ἐπειδη
636 1533 791 1605 πολλάκις
815 1557 874 1611 μον
899 1533 1044 1614 πρέσβεις
1067 1535 1292 1608 άποςεὺλακτος
1318 1574 1361 1590 -·-

160 1638 319 1713 οὑὺεμὺαν
342 1638 524 1711 ἐποιήσασθε
548 1638 714 1719 ἐπιτροφην
737 1637 820 1720 ᾤμην
845 1640 906 1706 δεῖν
929 1640 1058 1719 πέμψαι
1071 1641 1154 1721 ’πρὸς
1180 1643 1262 1720 ὑμοῖς
1287 1643 1361 1722 ὑπὲρ

159 1741 205 1810 ὦν
242 1743 410 1808 άδικεῖσὺαι
440 1742 530 1825 νομὺζ
554 1792 560 1808 .
607 1743 813 1810 Desideratur
842 1746 1037 1812 vocabulum
1058 1768 1162 1812 unum
1186 1750 1361 1814 sententiae

157 1869 299 1937 prorsus
330 1852 551 1916 necessarium.
600 1847 719 1936 Snpple
751 1847 835 1932 ᾤμην
858 1853 920 1917 δεῖν
944 1853 1209 1918 ἘΠΙΟΤΟΛΗΝ
1233 1852 1360 1932 πέμψαι

158 1957 244 2036 πρὸς
276 1956 369 2032 ὑμᾶς.
402 1953 543 2034 Πέμπτον
573 1956 717 2023 absolute
741 1960 883 2042 positum
906 1957 1086 2025 dicitur'de
1108 1958 1243 2045 legatis,
1268 1963 1306 2022 nt
1329 1964 1361 2024 et

157 2062 251 2128 alibi
280 2062 399 2145 possim
431 2067 463 2126 et
490 2064 525 2126 in
547 2062 606 2127 hso
629 2065 699 2146 ipsa
720 2062 866 2148 Epistola
888 2071 962 2150 pag.
988 2061 1064 2128 162.
1091 2063 1121 2128 5.
1145 2063 1215 2128 οὔτε
1238 2064 1273 2127 τὸ
1296 2088 1361 2145 χω-

157 2171 228 2249 ρίον
265 2165 336 2230 οὑτε
368 2166 439 2238 ποὺς
475 2169 618 2249 φρουροὺς
652 2167 838 2234 άπεδὺὑοσαν
873 2169 1119 2250 πέμψαντος
1155 2169 1228 2250 ὑπὲρ
1259 2171 1359 2236 αὑτῶν

157 2276 247 2351 ἐμοῦ
270 2272 435 2344 πολλάκις.

208 2484 294 2571 Peg.
328 2481 404 2550 158.
437 2481 468 2548 6.
499 2485 544 2562 μη
573 2483 757 2560 θαυμάσητε
781 2484 812 2550 δὲ
836 2486 870 2551 τὸ
894 2492 991 2564 μῆκος
1015 2493 1070 2560 τῆς
1095 2486 1260 2562 ἐπιπολῆς·
1285 2501 1360 2552 πολ-

154 2597 226 2657 λῶν
260 2590 325 2670 γάρ
356 2589 556 2670 ὑπαρχόντων
587 2590 799 2671 ἐγκλημάτων
830 2592 1003 2670 άναχκαΐὺν
1028 2592 1089 2661 ἒςιν
1113 2591 1187 2671 ὑπὲρ
1212 2589 1359 2658 άπάντων
1437 2637 1441 2643 ·

156 2699 302 2772 δηλῶσαι
337 2697 484 2777 καθαρῶς.
534 2695 751 2794 sophisticum
783 2700 890 2786 magis
924 2719 1020 2783 qnam
1055 2702 1183 2786 regium
1215 2702 1278 2763 est:
1311 2700 1355 2777 μη

155 2801 351 2880 θαυμάσητε
381 2802 416 2866 τὺ
448 2810 545 2881 μῆκος
576 2811 630 2877 τῆς
664 2804 825 2882 ἐπιπολῆς,
859 2809 892 2869 et
920 2803 1037 2869 melius
1061 2803 1140 2869 talia
1161 2805 1196 2867 in
1218 2801 1279 2868 fine
1303 2824 1357 2889 po·

154 2915 296 2976 nuntnr.
343 2907 520 2997 Incongrna
542 2908 619 2974 haec
641 2914 716 2975 sunt
737 2912 772 2974 in
795 2909 928 2995 epistole
946 2911 1081 2987 minaei,
1102 2930 1165 2994 qua
1184 2906 1356 2995 Philippus

155 3022 211 3083 tot
256 3019 290 3080 et
331 3019 493 3082 tantarum
536 3016 726 3080 iniuriarum
760 3017 932 3101 impatiens
967 3013 1214 3080 Atheniensibus
1247 3019 1356 3101 aperte

153 3121 280 3188 indicit
302 3119 434 3188 bellum.

205 3227 244 3293 In
281 3226 481 3308 ὑπαρχόντων
515 3247 572 3314 pro
606 3225 696 3292 lasea
728 3229 910 3315 agnoscitur
942 3229 1066 3312 sequior
1096 3229 1197 3292 aetas:
1228 3226 1355 3292 labente

153 3333 346 3403 Graecitatis
372 3333 456 3400 nihil
485 3337 617 3400 interest
639 3336 724 3398 inter
746 3327 842 3411 εἶναι,
867 3331 1021 3413 ὑπάρχειν
1045 3337 1077 3398 et
1100 3331 1289 3405 καὺεςάναι,
1314 3337 1353 3396 ut

152 3462 259 3527 supra
289 3463 362 3529 pag.
398 3439 470 3505 153.
505 3439 559 3506 21.
591 3442 618 3505 οἱ
651 3439 736 3504 κατὰ
767 3441 822 3514 τὴν
848 3438 959 3504 Ἀσίαν
983 3435 1145 3518 σατράπαι
1170 3437 1351 3510 καὺεςῶτες.

153 3548 248 3614 '1¹um
287 3548 423 3633 repetita
464 3545 607 3634 syllaba
631 3545 721 3633 lego:
765 3551 886 3610 πολλῶν
920 3545 983 3625 γάρ
1018 3542 1218 3623 ὑπαρχόντων
1252 3550 1353 3607 ΤΩΝ

153 3653 386 3734 ἐγκλημάτων.

206 3863 289 3954 Peg.
324 3863 399 3930 159.
431 3865 463 3932 2.
488 3865 520 3930 οὑ
545 3872 607 3936 τοῖς
632 3869 860 3944 παρανομοῦσιν
884 3861 1096 3942 ἐπετιμήσατε
1120 3857 1166 3927 ὑτι
1190 3862 1245 3936 cira
1267 3860 1352 3936 δίκην

153 3973 252 4037 ἑλλοὶ
284 3971 335 4036 τὸν
367 3971 564 4048 άδικοὺμενον
596 3967 717 4051 εἵρξατε
748 3968 823 4035 δέκα
855 3975 966 4046 μῆνας.
1013 3965 1195 4032 Dindorfius
1217 3966 1353 4033 molesta

153 4075 261 4144 verba
284 4075 329 4142 ὑτι
353 4077 409 4148 τὴν
432 4077 516 4148 δίκην
540 4077 634 4141 eiecit
657 4079 689 4142 et
713 4075 880 4160 adscripsit
905 4075 1023 4151 ,μὺοιοο
1045 4074 1084 4138 ab
1105 4069 1202 4138 Godd.
1228 4071 1351 4137 dnobus

154 4181 315 4270 Augeri.”
360 4181 475 4248 Valeat
506 4183 655 4269 hogerus
686 4202 759 4247 cnm
790 4183 856 4245 suis
887 4176 1075 4258 (lodicibus,
1103 4197 1238 4264 quorum
1260 4176 1351 4242 nulla

154 4297 211 4357 ast
245 4291 281 4352 in
310 4287 525 4354 Demosthene
555 4286 751 4352 emendando
780 4289 952 4353 auctoritas
980 4305 1082 4369 neque
1111 4283 1179 4350 ulla
1208 4283 1353 4349 habenda

152 4397 263 4472 ratio,
288 4396 349 4460 nisi
372 4393 454 4459 forte
478 4391 596 4458 alicubi
620 4397 747 4458 ecutcm
771 4397 804 4458 et
824 4391 950 4457 felicem
973 4395 1184 4457 correctorum
1204 4395 1352 4455 vetemm

154 4503 378 4570 coniecturam
415 4497 575 4566 exhibent.
621 4497 716 4564 Latet
745 4498 838 4564 ulcus
866 4497 922 4564 sed
950 4498 1109 4563 micamus
1138 4498 1174 4560 in
1202 4495 1350 4562 tenebris.
