3410 5180
809 417 816 430 ,
914 329 978 398 roe

396 519 475 611 Pag.
509 521 585 593 471.
621 522 675 588 22.
708 520 873 601 λογιζέσθω
905 517 950 586 ίτι
983 518 1051 600 περί
1087 517 1177 597 νθμου
1208 519 1319 598 μέλλει
1350 521 1454 602 φέρειν
1487 521 1553 594 τήν

350 633 457 711 ψήφου
489 624 510 709 ᾧ
543 631 586 707 μή
617 627 736 693 λυθέντι
770 628 869 703 δεήσει
900 627 1055 707 χρήσθλῐ.
1103 625 1272 714 Languida
1302 626 1477 692 admodum
1515 633 1554 694 et

350 736 469 824 frigida
499 734 577 800 haee
610 735 767 800 sententia
797 738 846 798 est
874 754 910 799 ao
933 754 1031 818 paene
1054 734 1163 817 inepta
1185 733 1266 815 θορο,
1287 755 1363 818 quae
1385 733 1554 818 αιιθίρνιιιθσ

351 865 410 907 ιιοιι
438 842 494 919 eit,
526 841 573 906 uti
596 851 745 925 oportere.
770 840 824 904 sed
848 843 944 925 periit
966 838 1081 905 vooula
1103 841 1278 904 necessaria
1299 840 1345 903 sio
1368 838 1552 924 explenda:

351 947 451 1024 δεήσει
474 948 618 1028 χρήσθλῐ
646 944 750 1022 'Aen
777 947 875 1010 etiam
898 946 954 1011 ubi
977 943 1118 1012 nolueris
1141 949 1173 1010 et
1203 950 1312 1011 eontra
1340 965 1443 1032 remp.
1474 967 1552 1014 esse

350 1053 555 1121 intellexeris.

395 1263 473 1352 Pag.
498 1260 576 1329 472.
598 1261 650 1328 20.
674 1261 844 1343 ἐπέρχεταί
862 1284 913 1339 μοι
936 1261 1069 1343 πρώτους
1091 1259 1239 1339 έξετιίσαι
1259 1261 1329 1334 τοὺς
1351 1261 1385 1325 έκ
1405 1253 1547 1342 Κορίνθου

350 1370 533 1448 φΤνθντας.
590 1369 669 1455 Leg.
709 1367 896 1450 φεύγοντας.
958 1367 1169 1454 Appellantur
1201 1369 1288 1433 enim
1323 1368 1438 1432 καειιθεε
1471 1387 1546 1453 pro·

351 1478 473 1543 misene
496 1477 522 1540 οί
546 1475 689 1558 φυγιίδες
714 1480 747 1540 et
772 1476 798 1539 οί
822 1473 995 1556 φεύγοντες
1015 1480 1048 1539 et
1067 1474 1093 1538 οί
1112 1472 1362 1550 έκπεπτυκθτες,
1381 1494 1444 1540 non
1461 1475 1548 1539 item

352 1585 377 1648 οί
408 1580 574 1660 φυγθντει.
621 1581 746 1646 Passim
776 1580 853 1646 haee
882 1583 915 1646 in
938 1581 1030 1646 libris
1053 1583 1284 1666 permiscentur
1305 1585 1343 1646 ut
1365 1581 1546 1645 λείπειν-

352 1695 469 1764 λιπεῖν,
493 1686 626 1766 βιίλλειν
648 1723 689 1734 -
709 1685 837 1764 βαλεῖν,
861 1685 954 1764 ι’ίγειν
973 1725 1015 1736 ·-
1033 1688 1175 1764 οίμαγεῖν
1198 1691 1230 1752 et
1252 1689 1326 1752 sim.

397 1896 476 1984 Pag.
509 1893 585 1962 473.
619 1892 649 1959 2.
682 1893 818 1976 οίνέῳξοιν
840 1896 899 1968 τίοι
925 1895 1030 1968 πύλαι
1049 1933 1091 1944 ·-
1111 1895 1162 1959 καὶ
1187 1893 1386 1977 είσέφρΟΤΝ
1410 1897 1444 1960 τὸ
1467 1893 1545 1976 τροί-

351 2027 457 2081 τευμα
488 2002 541 2067 καὶ
573 2001 719 2067 διέσεισαν
751 1997 803 2064 καί
838 2002 921 2079 ὖμοῖς
956 2001 1009 2066 καί
1033 1999 1103 2074 τοὺς
1127 1999 1330 2083 συμμοίχους.
1377 2001 1425 2066 De
1447 2001 1546 2067 verbo

352 2107 529 2190 είσφρέσθαι
566 2113 598 2174 et
633 2107 850 2186 ἐπεισφρέσθαι
887 2107 1058 2194 diligenter
1094 2110 1226 2192 exposui
1260 2110 1294 2173 in
1335 2107 1405 2172 Ver.
1443 2108 1541 2172 Decet.

351 2236 382 2300 p.
409 2213 474 2281 775
498 2235 563 2300 sqq.
598 2214 654 2278 ubi
683 2214 716 2278 h.
730 2211 753 2278 1.
779 2213 1011 2278 restituendum
1036 2233 1102 2278 esse
1126 2214 1386 2295 είσεφροΤΝΤΟ
1412 2214 1446 2279 τὸ
1470 2211 1544 2293 ςριί-

353 2344 456 2400 τευμα
480 2319 697 2392 0stendimus,
721 2323 758 2383 ut
782 2319 866 2404 apud
890 2318 1075 2404 Euripidem
1101 2317 1223 2406 legitur
1245 2322 1280 2384 in
1307 2321 1412 2384 Troad.
1439 2317 1516 2385 653.

626 2423 695 2490 είσυ
720 2422 881 2504 μελάθρων
905 2423 1016 2504 κομψοί
1041 2427 1163 2498 θηλειῶν
1189 2421 1248 2501 έπη

626 2532 679 2596 οὐκ
710 2528 1002 2612 εἰσεφρούμην.

353 2639 443 2704 etin
469 2639 589 2724 ίξροίοριο
612 2635 687 2701 235.

623 2741 693 2816 τοὺς
718 2738 811 2823 ι’ίρνας
845 2741 1106 2826 έξεφροῦντο.

398 2953 477 3040 Pag.
503 2949 568 3017 473
607 2949 637 3018 7.
663 2951 766 3027 ἐπειδή
792 2951 823 3016 δέ
846 2953 919 3032 πρὸς
944 2952 1206 3029 Λακεδαιμονίους
1228 2954 1325 3032 είρήνη
1344 2955 1432 3031 μετὰ
1452 2957 1547 3019 ταῦτ’

353 3058 475 3137 ἐγένετο
508 3057 537 3144 [ή
564 3057 613 3122 ἐπί
640 3058 855 3142 Ἀνταλκιδου]
882 3057 950 3121 uiuri
974 3065 1032 3122 πῶυ
1054 3055 1149 3141 ἔργον
1173 3059 1286 3124 τοιίπιυυ
1310 3059 1367 3124 ὑπὸ
1390 3059 1546 3126 Λακεδαι-

353 3165 459 3244 μονίαν
492 3162 644 3239 ἐξέπεσον.
692 3165 820 3229 Eruditi
850 3158 978 3229 lectoris
1002 3164 1264 3230 annotetiunoula
1286 3172 1334 3230 est
1358 3166 1374 3241 ή
1398 3166 1448 3232 ἐπὶ
1473 3171 1546 3230 Ἀν-

352 3269 508 3337 ταλκίδου.
546 3269 618 3335 Non
642 3274 690 3335 est
712 3273 844 3334 oratoris
868 3268 945 3335 talia
968 3289 1236 3344 commemorare.
1262 3277 1295 3338 et
1313 3271 1396 3337 nihil
1415 3275 1546 3340 omnino

353 3378 429 3443 fauit
459 3375 500 3441 ad
530 3396 609 3441 rem.
656 3373 727 3440 Hoc
758 3395 861 3439 unum
889 3378 958 3463 agit
980 3375 1209 3441 Demosthenes
1233 3383 1271 3442 ut
1292 3379 1436 3444 ostendat
1460 3381 1546 3444 cives

353 3479 534 3548 Corinthios
566 3482 605 3546 de
636 3481 882 3546 Atheniensibus
915 3484 1036 3566 optime
1068 3484 1201 3547 meritos
1225 3485 1264 3548 ob
1287 3484 1321 3548 id
1345 3486 1451 3570 ipsum
1474 3490 1547 3570 post

353 3609 465 3674 paoem
488 3589 697 3672 compositam
722 3607 740 3652 a
767 3586 1027 3653 Lacedaemoniis
1051 3609 1118 3654 esse
1141 3591 1245 3674 putria
1267 3589 1422 3674 expulsos.
1463 3589 1547 3669 Quid

353 3695 483 3760 tandem
508 3693 665 3758 attinebat
690 3712 817 3758 narrare
840 3692 920 3758 hano
945 3713 1056 3779 paoem
1079 3715 1145 3760 esse
1169 3695 1222 3767 τήν
1247 3695 1296 3759 ἐπ’
1321 3683 1546 3760 Ἀνταλκίδουί

225 3827 230 3832 “
353 3800 521 3866 Praeterea
542 3803 580 3862 ut
603 3801 688 3863 reete
712 3797 880 3863 adderetur
904 3801 921 3874 ή
946 3798 996 3862 ἐπὶ
1019 3800 1223 3864 Ἀνταλκίδου
1247 3801 1431 3885 praeoedere
1455 3801 1546 3866 debe·

353 3907 425 3972 bat:
460 3903 562 3976 ε’πειδή
597 3903 642 3967 δέ’
659 3906 695 3967 Ἡ
728 3902 801 3982 πρὸς
833 3901 1094 3982 Λακεδαιμονίους
1128 3905 1223 3986 είρήυη
1258 3905 1397 3982 ἐγένετο,
1429 3909 1465 3970 'H
1495 3906 1544 3970 ε’πί

355 4011 568 4077 Ἀνταλκίδου.
615 4009 740 4075 Nomen
763 4019 819 4084 τής
844 4012 893 4076 ἐπ’
917 4013 1120 4078 Ἀνταλκίδου
1145 4012 1257 4090 είρήνης
1281 4017 1394 4077 notum
1418 4015 1486 4077 erat
1514 4016 1546 4076 et

354 4118 547 4184 relebratum
572 4116 656 4201 apud
682 4135 800 4181 omnes.
847 4116 1024 4202 Xenophon
1048 4117 1169 4182 Hellen.
1194 4116 1231 4181 V.
1260 4118 1288 4181 1.
1315 4116 1367 4182 36.
1393 4119 1418 4182 οἱ
1443 4127 1547 4181 Λακε-

354 4223 502 4301 δαιμθνιοι
523 4223 603 4286 πολὺ
624 4221 825 4302 έπικυδέςεροι
847 4223 984 4301 ἐγένοντο
1004 4225 1037 4288 ἐκ
1058 4231 1112 4298 πής
1136 4223 1185 4287 ἐπ’
1207 4223 1409 4288 Ἀνταλκίδου
1434 4221 1548 4302 είρήνης

357 4327 560 4402 καλουμένης.
607 4328 702 4413 Apud
733 4328 908 4396 Diodorum
940 4329 1086 4396 Siculum
1115 4330 1171 4394 ubi
1195 4329 1233 4396 de
1257 4329 1317 4394 hae
1340 4349 1416 4414 paee
1437 4327 1550 4394 scribit

356 4431 441 4501 XIV.
476 4431 550 4499 110.
582 4432 773 4522 legendum:
807 4434 820 4498 ί
854 4434 1006 4513 βασιλεὺς
1031 4435 1148 4518 ἔφησεν
1167 4472 1209 4484 -
1229 4442 1292 4506 τοῖς
1316 4435 1361 4513 μή
1385 4431 1551 4514 προσδεχο-
