3404 5192
866 383 934 456 284

309 593 366 663 pro
383 579 517 644 ννιιίνσίνι
535 578 625 645 vides
643 579 739 642 mrem
757 577 880 643 litteras
899 580 1010 643 inesse.
1034 576 1138 642 Proba
1157 577 1260 641 forma
1278 573 1334 650 ίεῒς
1351 571 1493 642 restituit

308 681 489 748 artificium.

353 788 480 853 Scribas
502 791 558 873 qui
579 787 658 854 locis
679 789 834 853 sexcentis
859 824 901 835 —
928 797 993 852 ele
1015 789 1049 851 in
1074 825 1115 836 -
1137 795 1190 851 Hc
1210 791 1416 872 corruperunt
1431 807 1493 851 non

309 895 417 958 minus
436 913 541 978 saepe.
554 895 737 978 praesertim
750 896 784 957 in
796 892 887 958 libris
899 894 1089 977 pervetustis
1101 898 1138 955 ut
1149 895 1183 956 in
1196 891 1337 958 Platonis
1349 892 1493 959 Parisino

310 1008 339 1062 Α
363 1005 395 1064 et
418 997 641 1064 Demosthenis
664 997 701 1082 S,
725 1005 866 1063 veterem
888 997 1025 1063 sormam
1045 996 1169 1072 ξυνιεῖς.
1191 998 1332 1068 διατιίεῖς
1358 1005 1417 1064 cet.
1437 1005 1494 1065 aut

308 1105 468 1190 integram
488 1110 693 1169 servaverunt
712 1110 769 1169 aut
788 1102 950 1168 lenissimo
970 1102 1085 1167 mendo
1104 1104 1136 1166 in
1149 1101 1489 1187 participiumfovrsir‚

309 1207 451 1280 διατιθείς
471 1207 680 1291 refluxerunt,
703 1208 786 1272 unde
809 1228 884 1273 vera
902 1207 996 1272 lectio
1015 1208 1164 1272 continuo
1183 1206 1332 1292 pellucet„
1367 1209 1493 1297 Collegi

309 1312 461 1379 nonnulla
481 1314 520 1378 de
539 1334 654 1400 genere
674 1314 732 1377 hoc
754 1314 788 1376 in
807 1312 1017 1398 Mnemosyne
1040 1311 1137 1376 1860.
1157 1333 1229 1399 pag.
1244 1312 1309 1379 372
1322 1337 1387 1400 sqq.
1401 1315 1494 1400 plura

310 1417 388 1483 alias
411 1423 467 1482 aut
490 1418 530 1482 ad
552 1417 720 1483 Platonem
743 1423 799 1482 aut
823 1419 863 1483 ed
885 1417 1132 1484 Demosthenem
1155 1418 1288 1483 datums
1342 1419 1435 1484 Nunc
1455 1420 1494 1485 de

309 1543 372 1588 uno
392 1521 546 1608 Sophocle
565 1523 680 1589 dicem.
705 1521 885 1588 Dindorfiue
904 1523 1004 1588 edidit
1021 1525 1055 1586 in
1074 1523 1194 1587 Electra
1206 1521 1282 1588 596.
1298 1515 1314 1596 i
1328 1529 1433 1589 πᾶσαν
1447 1521 1493 1599 inq

308 1635 466 1706 γλῶσσαν.
491 1634 524 1693 et
552 1626 644 1695 1347.
673 1630 741 1708 οὐχί
767 1629 882 1706 ξυνίνςς
907 1634 939 1694 et
957 1631 990 1692 in
1015 1628 1085 1693 θεά.
1108 1629 1175 1710 Tyr.
1197 1627 1272 1694 628.
1294 1631 1318 1694 εί
1339 1631 1370 1695 δὲ
1390 1630 1491 1709 ξυνίης

309 1731 421 1810 ceadda
447 1739 478 1798 eb
499 1735 533 1798 ln
556 1734 682 1798 Philoct.
709 1732 784 1799 992.

535 1839 616 1910 θεοὺς
641 1839 798 1916 προτείνων
821 1839 890 1910 τοὺς
912 1841 992 1906 decb:
1016 1841 1139 1922 ψευδεῖς
1163 1841 1258 1914 τίθης.

354 1943 391 2007 In
421 1944 592 2030 archetypo
619 1940 733 2009 Codice
763 1950 811 2008 eet
837 1949 943 2010 πνιννῖν
967 1943 1024 2010 ίενν
1052 1984 1094 1995 -
1117 1947 1188 2027 οὐχί
1211 1945 1324 2020 Euaissa
1348 1947 1436 2011 -εί
1462 1946 1493 2011 δὲ

309 2047 421 2124 Euaissa
438 2087 479 2098 -
497 2049 626 2128 ψευδεῖσ
649 2052 754 2114 τνθείσ.
789 2052 946 2116 accentus
968 2057 1096 2118 tantum
1119 2054 1253 2117 vitiosus
1277 2059 1324 2116 est
1343 2071 1399 2136 pro
1419 2052 1491 2127 iris,

310 2155 433 2233 ξυνιείς,
459 2157 561 2224 τιθείς.
608 2153 740 2219 Perconi
763 2161 935 2222 auctoritas
958 2158 1011 2241 (ed
1043 2159 1136 2222 Oreal.
1161 2179 1209 2222 vs.
1236 2157 1331 2242 141),
1357 2177 1436 2242 quae
1460 2159 1495 2221 in

310 2263 441 2327 caeteris
462 2263 532 2326 iure
554 2263 745 2348 gravisdma
768 2267 830 2343 est,
853 2283 937 2328 uuna
959 2264 1088 2348 quidem
1109 2261 1269 2328 Dindorlio
1293 2264 1457 2347 imposuit.

867 2572 940 2642 XII.

552 2779 679 2848 versus
702 2800 786 2848 arun
809 2780 977 2849 Humum
999 2802 1248 2853 marascalcos.

355 2989 570 3076 Reprehendit
591 2995 792 3075 nuperrimos
814 2991 949 3058 Homeri
972 2993 1081 3058 llditor
1104 2994 1151 3058 La
1175 2995 1288 3060 Rooaa
1312 2998 1345 3058 in
1368 2994 1495 3061 Praela-

310 3101 395 3163 tione
418 3117 486 3170 eae,
513 3100 567 3181 qui
593 3099 745 3173 „coraibus
767 3122 853 3183 quam
871 3099 1012 3181 plurimis
1034 3100 1183 3163 damnatis
1205 3121 1301 3164 amnes
1326 3101 1494 3184 discrepan-

309 3208 368 3267 tiae
399 3203 432 3265 ire
460 3203 508 3266 tis
539 3203 718 3265 carminibus
740 3210 874 3268 amoueri
883 3228 970 3288 poree
991 3205 1057 3267 sihi·
1067 3227 1243 3289 persuasum
1265 3205 1403 3282 hatest?
1425 3225 1495 3270 ner-

309 3317 419 3394 ratque
449 3328 515 3373 esse
545 3310 601 3392 qui
629 3307 707 3372 haec
739 3312 880 3373 cennius
910 3313 956 3374 ita
979 3321 1131 3395 quaerant
1153 3314 1343 3376 constituere
1369 3313 1494 3396 „qualia

300 3415 407 3498 sciere
429 3421 498 3477 autc
521 3413 636 3477 Solonis
656 3414 704 3476 oel
725 3415 852 3498 Lycurgi
875 3423 1005 3498 tempora
1024 3417 1082 3480 sibi
1097 3415 1248 3500 finpaotl’
1294 3415 1351 3480 Est
1372 3416 1495 3501 aliquid

309 3521 393 3583 inter
416 3517 564 3584 Solonem
588 3526 620 3584 et
644 3517 847 3605 Lycurgum,
873 3541 967 3605 quem
991 3525 1059 3586 ioco
1082 3523 1260 3586 nominasse
1283 3522 1494 3606 videturque

309 3625 352 3688 eit
374 3643 424 3688 res
448 3623 583 3688 absurda
605 3625 704 3688 etiam
727 3623 888 3708 aliquanto
912 3625 1085 3692 absurdior.
1121 3626 1277 3711 Equidem
1302 3628 1335 3690 in
1355 3629 1494 3712 antiquis

310 3727 505 3792 carminibus
524 3727 653 3804 Ionicis,
672 3749 752 3813 quoe
771 3728 907 3795 Homeri
928 3751 1042 3796 nomen
1062 3738 1193 3818 gerunt,
1214 3731 1317 3796 multa
1335 3734 1401 3797 iam
1422 3739 1494 3797 ante

310 3831 434 3898 Solonis
457 3839 592 3898 aetatem
617 3841 649 3898 et
668 3835 814 3900 mendose
834 3838 951 3920 scripta
970 3841 1002 3901 et
1021 3836 1211 3921 interpolata
1230 3837 1325 3901 fuisse
1344 3838 1493 3921 arbitror,

309 3958 442 4024 quorum
475 3937 638 4023 complura
667 3940 706 4004 ab
735 3938 957 4005 Alexandrinis
985 3949 1017 4005 et
1039 3941 1221 4006 Aristarcho
1245 3947 1382 4006 correcta
1404 3947 1493 4018 sunt,

310 4050 359 4109 sat
388 4042 493 4108 multa
524 4065 542 4110 a
572 4044 717 4109 Bentleio
740 4051 772 4110 et
794 4044 882 4121 aliis,
908 4053 939 4111 et
963 4065 1123 4130 superesse
1146 4049 1328 4110 etiamnunc
1352 4046 1496 4112 nonnihil

309 4151 342 4213 iu
362 4167 424 4232 quo
444 4155 567 4213 nostrae
588 4153 700 4214 aetatis
720 4151 877 4216 industrie
898 4157 930 4216 et
949 4171 1081 4216 acumen
1100 4171 1247 4235 apparere
1266 4154 1375 4236 possit.
1406 4152 1496 4216 Fecit

310 4253 420 4317 doctus
439 4253 550 4318 Editor
570 4274 681 4339 operae
701 4259 839 4340 pretium
860 4256 1060 4340 multamque
1078 4257 1249 4341 perutilem
1262 4257 1494 4342 supellectilem

310 4357 449 4441 undique
480 4366 662 4445 congestam
692 4367 725 4426 et
748 4363 857 4426 ordine
880 4361 1037 4448 digestam
1060 4363 1152 4429 nobis
1174 4366 1315 4448 paravit,
1340 4365 1495 4428 eximium

309 4459 444 4530 Homeri
466 4469 498 4528 et
517 4465 744 4549 interpretandi
764 4470 796 4530 et
815 4466 1004 4532 emendandi
1016 4467 1199 4534 'subsidium
1219 4474 1252 4534 et
1262 4467 1495 4534 adiumentum.
