3372 5192
910 349 976 426 574

343 547 403 610 πῶν
427 545 506 624 ἐμῶν
529 549 903 612 ἘΓΓΕΓΡΛΜΜΕΝΟΙ
927 539 1002 612 ὅταν
1024 541 1160 624 τοῦνομα
1183 543 1237 611 καί
1257 547 1295 610 '0
1316 551 1462 610 ΠΑΤΗΡ
1483 545 1535 610 καί

345 655 362 728 ἢ
387 652 474 734 sputis
497 652 550 718 καί
575 650 669 717 πάντ’
694 650 711 734 ἦ
736 651 861 728 ναῦν-νίς

387 829 580 916 Priusquam
610 833 748 917 priorem
782 833 816 896 in
844 832 1097 920 Aristogitonem
1121 833 1295 897 orationem
1319 831 1475 916 deponam
1499 831 1536 896 de

344 937 493 1003 manibus
523 940 632 1024 paucis
662 938 809 1004 indicabo
839 959 920 1025 quae
951 938 1034 1004 mihi
1064 941 1099 1004 in
1121 938 1181 1002 hac
1204 957 1299 1002 causa
1320 936 1535 1024 cognoscenda

344 1044 422 1107 satia
445 1049 531 1108 certa
555 1047 587 1108 et
610 1049 772 1130 comperta
793 1047 868 1110 sint.

387 1147 548 1215 Incertum
572 1169 634 1236 quo
657 1171 738 1216 auno
761 1151 817 1216 sed
838 1171 901 1216 nou
923 1153 970 1216 ite
992 1150 1097 1216 multo
1120 1155 1193 1216 aute
1215 1169 1313 1233 quam
1331 1149 1531 1234 Aristogiton

345 1253 411 1332 περί
445 1261 505 1319 τῶν
539 1255 732 1335 Ἁρπαλείων
748 1237 751 1246 ’
766 1277 895 1324 causam
931 1257 1013 1322 dixit
1048 1255 1095 1343 (id
1125 1261 1173 1321 est
1201 1261 1274 1320 aute
1305 1274 1425 1318 aunum
1453 1251 1533 1336 324)

346 1359 516 1448 Lycurgus
557 1362 786 1450 Aristogitonis
829 1383 946 1428 nomen
983 1362 1100 1428 detulit
1136 1357 1287 1446 (ἕνίδονξε)
1324 1359 1536 1444 subscriptore

344 1485 421 1530 usus
451 1486 515 1531 non
545 1465 776 1552 Demosthene,
809 1469 865 1534 sed
894 1467 1077 1554 Hyperide,
1109 1469 1165 1553 qui
1194 1468 1310 1552 septies
1339 1484 1358 1530 a
1385 1463 1536 1530 scelerato

344 1570 540 1657 sycophanta
568 1575 602 1638 iu
632 1573 790 1640 iodicium
821 1573 859 1638 de
891 1576 993 1659 capite
1021 1571 1177 1638 adductus
1199 1577 1232 1636 et
1254 1572 1349 1636 toties
1372 1568 1535 1635 absolutus

345 1681 487 1742 veterem
509 1679 679 1744 inimicum
702 1682 748 1744 si'c
769 1679 943 1745 ulciscitur.

389 1779 532 1867 Utraque
562 1786 662 1849 oratio
692 1791 832 1850 aetatem
861 1784 939 1850 tulit
968 1786 1002 1850 iu
1033 1783 1261 1850 bibliothecam
1285 1779 1534 1846 Alexandrinam

345 1891 377 1952 et
408 1887 451 1958 είς
477 1888 547 1962 τοὺς
573 1888 787 1972 Καλλιμάχου
812 1890 946 1964 πίνακας
970 1893 1113 1975 recepta,
1137 1889 1190 1955 sed
1215 1887 1408 1955 Oriticorum
1432 1908 1535 1953 errore

345 1998 402 2058 aut
425 1991 623 2082 negligentia
645 2017 725 2082 quae
748 2003 815 2063 erat
834 1996 1010 2084 Hyperidis
1031 1996 1130 2061 oratio
1149 1993 1359 2060 Demostheni
1378 1998 1427 2057 est
1447 1994 1535 2057 attri-

344 2098 432 2164 bute.
480 2099 588 2182 Quum
620 2122 640 2166 a
668 2101 853 2168 Ptolemaeo
878 2099 1091 2186 Philadelpho
1114 2121 1242 2165 summo
1265 2097 1373 2164 studio
1395 2105 1427 2162 et
1451 2119 1536 2163 eum·

345 2207 408 2271 mis
431 2208 543 2291 pretiis
566 2205 642 2273 libri
667 2213 813 2274 veterum
837 2211 1112 2294 conquirerentur,
1137 2207 1257 2270 factum
1282 2209 1330 2268 est
1353 2208 1391 2268 ut
1414 2202 1536 2268 multae

343 2313 500 2378 orationes
523 2317 579 2377 aut
603 2311 812 2393 ἀνεπίγραφον
837 2319 894 2378 aut
917 2313 1168 2393 ψευδεπίγραφον
1197 2315 1254 2376 aut
1280 2309 1535 2387 insenescentem

344 2419 394 2496 (ab
418 2417 623 2501 inspectoribus
644 2417 824 2504 appositae)
848 2417 1077 2483 Alexandriam
1100 2418 1294 2483 deferrentur
1317 2421 1349 2481 et
1372 2417 1413 2481 ab
1433 2417 1535 2501 impe·

343 2524 406 2588 rito
437 2523 543 2589 iudice
573 2521 772 2590 Callimacho
803 2525 985 2590 auctoribus
1015 2544 1157 2609 quaeque
1186 2525 1252 2586 suis
1276 2521 1533 2588 attribuerentur.

342 2628 381 2693 ln
411 2649 474 2714 qua
505 2649 538 2693 re
568 2631 603 2693 in
636 2649 733 2714 quam
760 2650 874 2717 graves
898 2649 1016 2696 errores
1038 2650 1071 2694 se
1093 2629 1234 2694 induerit
1256 2628 1308 2694 vel
1331 2631 1365 2692 in
1388 2648 1453 2694 uno
1476 2627 1536 2692 De-

345 2735 512 2800 mosthene
532 2737 609 2799 satis
631 2740 770 2820 apparet.
806 2734 917 2820 Itaque
940 2757 996 2822 per
1019 2733 1184 2821 complura
1205 2733 1332 2800 saecula
1351 2732 1537 2820 Hyperiden

343 2840 446 2906 oratio
468 2859 664 2926 quamquam
687 2845 754 2906 toto
777 2845 862 2907 coelo
885 2840 1178 2907 aDemosthenicia
1198 2840 1324 2905 diversa
1342 2844 1452 2905 tamen
1470 2841 1537 2904 aine

343 2945 412 3011 ulla
441 2945 563 3012 fraudis
592 2949 770 3032 suspicione
801 2948 841 3013 ab
873 2948 1005 3013 eruditis
1037 2948 1186 3012 omnibus
1213 2967 1269 3031 pro
1291 2943 1538 3010 Demosthenica

343 3050 489 3117 lectitata
518 3057 582 3129 est,
615 3053 713 3118 donec
744 3053 874 3120 tandem
907 3053 1082 3140 Dionysius
1105 3051 1392 3118 Halicarnassensis
1415 3051 1537 3135 primus

343 3161 487 3224 omnium
511 3157 671 3224 intellexit
694 3157 763 3225 fieri
785 3159 876 3224 nullo
901 3159 996 3225 modo
1019 3177 1110 3246 posse
1135 3165 1173 3224 ut
1193 3158 1271 3223 haec
1293 3159 1342 3222 ita
1359 3156 1399 3221 ab
1421 3153 1537 3220 Demo-

343 3264 454 3329 sthene
484 3267 601 3349 soripta
632 3263 767 3330 hnerint:
801 3267 903 3331 inesse
934 3266 1019 3330 enim
1045 3264 1200 3351 quaedam
1222 3262 1356 3342 φορτικοὶ
1380 3260 1433 3326 καί
1459 3261 1536 3336 ἀηδῆ

342 3368 556 3435 Demosthene
578 3390 706 3454 prorsus
727 3370 870 3457 indigna.
916 3369 1029 3456 Itaque
1051 3371 1184 3454 spuriam
1207 3389 1274 3434 esse
1296 3367 1529 3453 pronuntiavit,

344 3477 596 3542 vetustissimam
632 3495 698 3540 esse
729 3481 761 3540 et
792 3476 831 3541 ab
863 3478 970 3542 Attico
1001 3481 1124 3542 oratore
1156 3475 1380 3540 Demosthenis
1409 3471 1534 3558 aequali

343 3583 554 3666 conscriptam
587 3601 653 3645 esse
687 3601 726 3646 ne
760 3583 916 3670 cogitavit
951 3582 1087 3667 quidem.
1136 3578 1249 3648 Ouitioi
1281 3580 1440 3646 iudicium
1473 3580 1533 3644 hoc

343 3686 485 3772 plerique
527 3705 636 3750 omnes
676 3691 799 3752 veteres
841 3692 1027 3772 spreverunt
1065 3692 1098 3752 et
1130 3686 1366 3752 eruditissimus
1400 3687 1532 3771 quisque

343 3789 538 3859 Graecorum
563 3796 594 3856 at
617 3791 835 3857 Romanorum
859 3794 911 3858 ria
935 3795 1007 3857 κατ’
1031 3793 1268 3872 Ἀρνςογείτονος
1291 3791 1386 3894 ’λόγον
1406 3791 1532 3876 abipso

342 3897 556 3964 Demosthene
579 3900 734 3984 scriptum
758 3918 824 3963 esse
848 3900 1053 3965 existimabat
1080 3901 1104 3979 ι)
1128 3904 1252 3984 praeter
1274 3919 1376 3963 unum
1399 3901 1431 3962 et
1455 3895 1532 3962 alte·

378 4128 404 4188 1)
423 4127 546 4186 longinus
561 4124 575 4173 ί
591 4123 781 4189 κρνπναύπαπος,
796 4130 875 4194 quiin
890 4129 951 4180 libro
965 4128 1019 4193 περὶ
1032 4128 1106 4190 tidem
1124 4144 1176 4194 cap.
1193 4134 1233 4177 34.
1252 4128 1422 4178 Demosthenis
1438 4133 1462 4178 ot
1480 4128 1530 4194 Hy-

342 4209 430 4274 peridis
452 4208 545 4258 dicendi
567 4209 666 4259 virtutes
686 4213 711 4258 et
728 4209 851 4276 ingenium
869 4211 1002 4262 luculenter
1019 4213 1082 4262 inter
1100 4227 1124 4260 ae
1141 4209 1284 4275 composuit,
1304 4210 1355 4258 sine
1371 4209 1422 4260 ulla
1439 4209 1529 4259 dubita·

341 4299 408 4347 tione
424 4296 508 4346 scribit
523 4313 573 4362 cap.
592 4298 631 4351 27.
650 4295 663 4344 ί
682 4297 832 4358 deucaliona
849 4295 890 4349 ixi
906 4303 952 4350 τοῦ
970 4295 1163 4365 Ἀρνςογιίτονοο
1176 4293 1282 4358 immite
1298 4298 1329 4347 πο
1342 4300 1529 4362 πολυπρόσωπον

341 4385 382 4435 καί
399 4385 555 4449 ὸγχίςροφον
573 4385 721 4450 sapiensne,
742 4391 767 4436 et
782 4388 896 4438 adscribit
912 4389 991 4440 locam
1006 4405 1034 4440 ex
1051 4405 1103 4455 pag.
1124 4389 1184 4448 778,
1204 4391 1228 4439 8.
1245 4385 1286 4436 καί
1305 4384 1379 4446 οὐδεὶς
1398 4385 1463 4450 ipen
1482 4405 1527 4452 χο-

342 4478 387 4538 λὴν
406 4473 457 4526 ott*
474 4476 547 4541 ὀργῆν
566 4473 631 4540 lxm
650 4475 801 4542 adpetimus
819 4474 873 4527 ντί.
