3410 5180
750 333 813 409 521

185 551 232 606 νος
254 553 329 620 pag.
355 527 430 597 799.
458 531 510 598 10.
535 532 596 611 ἐγὼ
619 531 651 597 δὲ
674 531 745 606 τούς
770 526 932 612 προγόνους
954 531 1024 602 τοὺς
1049 525 1211 610 ὑμετέρους
1235 526 1286 592 aci
1315 525 1374 600 τὺς

186 639 300 718 οὐρετόις
335 637 395 711 τοὶς
431 637 549 703 ἐκείνων
583 639 748 716 οὐνοιιοολῦ,
782 633 820 701 οὑν
855 636 916 701 οὐδ’
951 639 988 702 Ὁ
1023 634 1131 718 χρόνος
1165 636 1220 709 τήν
1251 634 1374 713 μνήμην

187 743 343 826 ήφούνιιιεν.
392 743 528 810 Ponitur
551 743 645 817 sidric
668 742 773 825 χρόνος
798 744 833 807 in
853 742 955 806 futuri
972 743 1126 828 temporis
1145 738 1376 828 significatione

185 863 222 917 ut
255 851 339 936 apud
370 847 554 916 Ciceronem
585 871 641 936 pro
671 849 777 915 Deiot.
806 845 858 915 37.
887 849 959 912 Ιιοοο
981 849 1067 912 culta
1089 870 1224 934 cchccm
1247 855 1376 912 vetustos

185 958 302 1035 obruet,
327 956 414 1020 νινόόο
437 978 572 1042 umquem
596 956 704 1020 delebit
728 955 846 1018 oblivio.

231 1060 389 1128 Continuo
413 1063 573 1147 sequitur:
598 1062 673 1127 ἀλλ’
697 1062 800 1124 ἐκεῖνον
822 1061 879 1139 μὲν
903 1062 1025 1143 οὐρχοιῖοο
1050 1059 1102 1126 aci
1128 1057 1265 1126 τολοιοὺ.
1299 1061 1375 1124 ἀλλ’

184 1164 206 1234 ὑ
238 1168 353 1239 πιόντες
381 1165 530 1249 ἑοροόιιοιτε
560 1165 617 1233 ἴσθ’
646 1161 692 1232 ότι
716 1165 815 1248 πρῴην
838 1166 1010 1245 Εὐβοεῦσιν
1033 1167 1149 1247 ήμερῶν
1173 1171 1258 1246 τριῶν
1282 1165 1374 1244 ἐβοη-

185 1273 300 1349 όήσοτε
343 1273 395 1336 κού
441 1273 600 1350 Θηβοιόονς
636 1272 840 1344 ὑποσπόνδους
877 1272 1106 1352 ὑτετὲμψμτε.
1164 1271 1279 1337 Dicam
1314 1291 1376 1356 quo

185 1378 282 1444 modo
302 1377 509 1444 manifestum
533 1382 567 1443 in
591 1378 640 1443 his
663 1378 815 1444 mendum
840 1381 943 1444 sanari
964 1380 1083 1464 possit:
1106 1399 1183 1444 nam
1206 1379 1278 1462 quis
1305 1397 1376 1443 con-

185 1488 299 1569 coquat
329 1485 376 1551 ὐςε
409 1480 431 1548 ὑ
458 1484 573 1556 νοοῦντες
606 1483 753 1565 ἑοροόκοιτε
781 1480 826 1549 ότι
852 1481 950 1566 τρῲην
971 1483 1140 1562 Εὐβοεῦσιν
1164 1481 1375 1560 ὲβοηόήσοιτεύ

186 1590 318 1668 Fuerat,
361 1594 399 1654 nt
442 1593 568 1676 opinor,
613 1598 1083 1665 AAnAnANTeclcoorl,
1126 1588 1239 1655 deinde
1274 1589 1377 1656 scriba

186 1716 288 1781 quum
310 1716 475 1786 perperam
500 1697 575 1761 ἀλλ’
600 1692 621 1762 ὑ
646 1694 762 1768 πάντες
786 1695 845 1761 oc’
871 1693 916 1762 ότι
940 1717 997 1782 pro
1019 1696 1109 1761 οὶνιλὺ
1134 1695 1250 1766 τόνοις
1275 1695 1377 1761 dedis-

186 1806 251 1879 set,
284 1801 407 1867 addidit
436 1805 541 1869 nescio
572 1805 644 1889 quis
670 1801 829 1884 ἑορόκοσε.
887 1803 1078 1868 Rectissime
1100 1803 1198 1867 habet
1217 1801 1307 1868 locus
1331 1803 1377 1871 sic

186 1910 339 1993 scriptos:
372 1907 437 1973 οὐλλ
468 1909 570 1973 ἐκεῖνον
593 1908 651 1987 μὲν
674 1910 797 1991 οὐρχοοῑοο
821 1907 873 1982 xci
897 1906 1038 1973 τοιλοιιού·
1063 1908 1153 1973 ἀλλὰ
1178 1907 1293 1980 τούντες
1318 1905 1375 1972 tet·

186 2009 230 2078 ότι
264 2010 362 2096 πρῴην
393 2015 563 2092 Εὐβοεῦσιν
594 2019 710 2094 ήμεριῦν
741 2017 826 2094 τριῶν
858 2015 1062 2092 ἐβοηόήσοιτε.
1110 2011 1241 2101 Pugnat
1276 2015 1375 2078 etiam

138 2107 140 2112 '
187 2118 333 2199 έορούιιοοτε
376 2140 451 2185 cum
484 2121 590 2188 verbis
625 2121 677 2186 ιιοι)
714 2120 871 2198 Θηβοιόοος
909 2118 1113 2194 ὑσοσσόνῦονς
1147 2118 1374 2200 ἀπεπέμψατε.

185 2226 373 2292 dedicerant
396 2227 483 2292 enim
506 2226 566 2292 hoc
589 2211 748 2312 plerique,
772 2247 836 2292 non
858 2227 1007 2291 viderent.

230 2480 312 2571 Peg.
347 2481 421 2549 598.
452 2481 483 2549 9.
507 2488 676 2571 postquam
700 2483 824 2550 dixerat
847 2481 985 2550 salutem
1008 2483 1086 2569 reip.
1111 2485 1145 2548 in
1168 2433 1266 2550 classe
1290 2483 1375 2568 (τοῖς

185 2589 343 2674 τριήρεσιν)
368 2610 435 2655 esse
457 2593 594 2675 positam
614 2593 661 2656 ita
679 2593 803 2678 pergit:
826 2590 850 2655 ei
870 2591 933 2672 γὺρ
954 2587 1061 2656 τόντοι
1080 2585 1189 2655 roiam
1213 2591 1243 2678 (ὑ
1263 2590 1376 2676 βουλή)

187 2692 343 2770 διοικήσειε
362 2696 483 2774 καλῶς,
509 2693 547 2760 δι’
570 2690 607 2760 ὧν
630 2697 662 2762 δὲ
684 2695 720 2760 τό
743 2700 773 2762 τ’
797 2696 832 2774 ἐξ
854 2697 955 2775 ἀρχῆς
979 2699 1071 2760 τοῦτ’
1095 2695 1295 2774 εἰιτησοόμεόοο
1323 2696 1374 2761 cai

184 2804 235 2864 νῦν
266 2798 399 2880 σιόζομεν
427 2802 547 2876 τοούτοις
572 2805 616 2879 μή
640 2805 801 2877 τοιήσοιιτο
828 2801 899 2886 [τὰς
923 2801 1049 2882 τριήρεις
1072 2799 1169 2888 λέγω]
1196 2802 1278 2867 οὐδὲν
1297 2801 1376 2868 ἐκεί·

184 2929 238 2970 νων
268 2906 391 2989 ὄφελος.
437 2905 570 2993 Expelle
600 2908 723 2993 puerile
753 2908 1008 2973 additamentum
1041 2910 1132 2993 quasi
1155 2912 1314 2974 metueret
1337 2930 1377 2975 ne

183 3012 305 3078 indices
328 3034 391 3099 qua
414 3013 509 3080 dere
533 3019 681 3102 ageretur
704 3012 797 3080 obiiti
821 3017 934 3078 essent.
978 3012 1113 3079 Videtur
1135 3011 1213 3078 oiim
1236 3017 1271 3078 in
1293 3033 1377 3080 mar-
1414 3061 1422 3071 .

183 3121 258 3206 gine
283 3120 479 3206 adscriptum
503 3120 601 3186 fuisso
625 3121 684 3192 τοὶς
708 3119 833 3201 τριήρεις
857 3102 914 3197 si,
940 3120 974 3184 id
998 3123 1045 3184 est
1068 3117 1169 3196 λέγει.

226 3357 307 3448 Pag.
341 3356 417 3424 598.
443 3359 498 3426 20.
521 3357 587 3427 οὐτ’
613 3358 651 3425 οῦν
674 3353 760 3432 οὑτος
785 3357 850 3440 ἔχοι
876 3359 981 3438 λέγειν
1005 3356 1064 3424 οὐθ’
1088 3357 1176 3435 ὑμεῖς
1201 3358 1374 3435 τεισύεόητε

189 3463 267 3550 [cici
314 3463 479 3531 Omirsum
508 3468 542 3531 in
573 3465 658 3532 Βύν
682 3466 930 3554 expungendum
954 3471 1012 3532 est.
1060 3465 1132 3531 Non
1156 3470 1204 3531 est
1226 3485 1283 3530 sno
1306 3465 1376 3532 loeo

183 3573 336 3656 positum.
384 3570 420 3636 oi
450 3572 624 3638 addidisset
654 3572 884 3639 Demosthenes
915 3571 979 3638 οὐτ’
1011 3570 1050 3637 οὑν
1083 3574 1171 3650 ὑμεῖς
1204 3571 1375 3648 σεισόεόητε

185 3675 329 3743 dixisset.
376 3676 437 3744 Sed
468 3680 692 3764 percommode
720 3681 754 3742 in
776 3679 962 3745 huiusmodi
987 3681 1215 3764 compositione
1239 3677 1379 3745 alterum

187 3780 226 3846 civ
249 3785 422 3849 omittitur.

232 4018 312 4109 Peg.
347 4019 423 4088 599.
456 4021 510 4087 20.
542 4019 588 4088 ότι
621 4023 718 4089 τοόννν
750 4023 810 4090 οὐδ’
842 4023 939 4099 οιότιος
974 4023 1071 4098 ἄλλος
1102 4025 1198 4099 οὐδεὶς
1222 4025 1380 4107 οόνόρύιιιον

187 4125 233 4194 ssi
259 4130 312 4191 τοῦ
338 4128 382 4205 μή
406 4128 587 4200 τεσοιήσόοιι
612 4129 671 4202 τὺς
697 4134 770 4202 νοῦς
791 4135 900 4212 σοφῶς
921 4131 992 4206 ὑμῖν
1012 4131 1161 4207 ἐπιδείξω.
1200 4132 1380 4199 Audiamus

187 4252 250 4316 quo
280 4239 372 4317 pacto
404 4234 438 4298 id
469 4236 633 4320 perspicue
661 4235 943 4302 demonstraverit:
970 4239 1126 4301 οὶνενιοῦσοο
1149 4237 1212 4319 γὰρ
1238 4239 1254 4312 ή
1279 4237 1379 4316 βουλή

187 4335 239 4400 τόν
273 4337 362 4415 νόμον
395 4345 501 4412 τοῦτον
533 4341 757 4422 ἐχειροτόνησεν
789 4342 896 4416 οὑτήν.
946 4341 1030 4424 Quid
1062 4347 1132 4407 tum
1156 4341 1284 4428 postea?
1331 4345 1380 4412 Ne

187 4443 322 4512 verbnm
346 4445 476 4531 quidem
500 4445 639 4534 amplius
662 4448 800 4516 additur.
836 4447 921 4533 Quid
946 4448 1060 4518 multis
1082 4449 1188 4520 vorbis
1211 4469 1291 4538 opos
1309 4447 1379 4520 esti
