3410 5180
896 369 962 440 474
1023 299 1032 324 ⁶

333 563 429 638 dum,
460 561 544 647 quod
576 564 610 626 in
640 569 847 642 προτενεῖται,
879 565 1088 629 commissum
1116 569 1184 629 erat
1208 585 1282 652 pag.
1310 562 1386 628 112.
1410 559 1465 629 27.
1490 563 1525 628 in

334 667 563 750 προβάλλεται.
599 667 636 732 In
658 670 807 734 omuibus
830 668 921 734 libris
945 673 1008 734 est:
1034 667 1169 745 τοῦνομα
1192 671 1249 747 μὲν
1271 670 1307 734 τὸ
1330 675 1385 742 τῆς
1410 669 1525 747 εἰράνας

335 775 407 852 ὑμῖν
431 773 690 856 προβάλλεΤλΙ,
714 776 769 841 sed
791 773 815 840 S
837 776 978 842 servavit
998 776 1177 861 genuinum
1202 772 1388 855 προβάλλει.

379 985 461 1073 Pag.
487 982 563 1052 171.
588 983 642 1049 20.
667 985 765 1051 δοῦλοι
790 995 846 1060 τῆς
871 985 921 1049 ἐπὶ
945 985 988 1065 τῷ
1008 985 1242 1066 χειροτονεῖσθαι
1263 983 1392 1065 χάριτος
1414 986 1526 1067 περιέρ-

336 1114 447 1173 χονται
485 1091 713 1164 ΤΕΛΕΟύῆναι
749 1091 904 1172 ςρατιρνὸς
939 1087 1049 1162 ἕνας-ος
1083 1088 1272 1170 σπουδάζων.
1343 1092 1527 1158 absurdum

338 1217 405 1263 esse
436 1197 615 1271 τελεσθῆναι
640 1217 697 1281 pro
720 1198 891 1277 αἱρεθῆναι,
917 1202 949 1261 et
968 1196 1002 1261 id
1021 1199 1127 1282 ipsum
1148 1217 1185 1260 ex
1207 1199 1363 1261 constanti
1382 1201 1528 1262 omnium

338 1324 400 1367 usu
423 1304 550 1367 restitui
574 1307 717 1387 oportere
741 1323 837 1387 supra
858 1303 1055 1367 monuimus.
1102 1301 1223 1368 Natum
1248 1311 1296 1367 est
1318 1303 1471 1368 mendum
1490 1325 1529 1370 ex

338 1409 456 1475 vitiosa
484 1409 667 1492 aequiorum
698 1407 854 1488 carnosior.
886 1409 941 1492 qui
971 1415 1072 1472 τελεῖν
1102 1427 1158 1494 pro
1188 1430 1290 1471 οοοοιο
1323 1409 1528 1495 usurpabant.

339 1513 492 1578 Libanius
523 1515 557 1577 in
587 1512 818 1579 declamatione
847 1533 948 1596 nuper
971 1511 1056 1578 edita
1079 1513 1225 1592 (Ηατνιοο.
1253 1509 1351 1580 1874.
1376 1535 1449 1602 pag.
1474 1513 1528 1580 39.

341 1617 428 1697 18.):
453 1616 568 1691 άλλους
592 1623 808 1690 τελοῦντες
832 1616 1007 1699 άρχοντας,
1031 1614 1080 1689 οῦς
1103 1619 1329 1698 χειροτοννποὺς
1352 1625 1526 1704 καλοῦμεν,

340 1725 397 1788 ubi
420 1729 542 1790 veteres
564 1722 718 1788 dixissent
741 1723 928 1804 αἱρούμενοι,
952 1730 990 1788 ut
1014 1723 1146 1810 Eupolis
1169 1729 1244 1789 noto
1268 1722 1356 1790 loco:

479 1827 531 1897 ὦς’
556 1829 709 1910 άσφαλῦς
734 1827 948 1910 ἐπράττομεν,
973 1829 1033 1893 νυνὶ
1057 1828 1084 1893 δ’
1106 1825 1171 1894 ύποι
1195 1828 1344 1908 τύχοιμεν

477 1932 696 2014 ςροιτευύμεσύ
721 1933 890 2014 αἱρούμενοι
915 1933 1106 2016 ιιαύάρματα
1129 1934 1315 2016 πραπιιγούς.

385 2143 466 2231 Pag.
504 2141 579 2208 187.
616 2141 647 2206 9.
684 2144 716 2207 ού
751 2144 812 2219 μῦν
847 2142 908 2208 οὐδ’
938 2143 1038 2224 ἐκεύνιρ
1067 2142 1145 2224 (περὶ
1173 2143 1344 2228 Persarum)
1381 2143 1530 2226 συμφέρει

340 2248 476 2328 ξένΟΤΟ
500 2255 652 2328 κρατῆσαι
675 2255 733 2312 τῶν
756 2249 920 2323 Ἑλλήνων.
956 2247 1086 2334 Optima
1108 2247 1272 2315 Dobraeus
1294 2245 1433 2324 ξένΟΙΟ.
1469 2249 1532 2315 Rae

342 2361 390 2418 eat
412 2355 592 2439 perspicua:
617 2355 711 2425 αύτός
736 2355 800 2434 γάρ
826 2356 840 2419 ὁ
863 2355 1018 2433 βασιλεὺς
1041 2362 1150 2436 κρατεῖ
1170 2353 1264 2431 ξένοις
1289 2354 1455 2436 χρώμενος.

386 2561 467 2648 Pag.
505 2558 579 2625 189.
612 2557 641 2624 6.
675 2563 724 2622 νῦν
757 2560 787 2625 δὲ
814 2599 854 2609 -
879 2561 1009 2640 εύχεσύε
1042 2565 1118 2627 πάσι
1154 2572 1216 2634 τοῖς
1248 2565 1323 2636 ύεοῖς
1355 2566 1409 2639 σὺν
1436 2567 1533 2640 corto

340 2665 454 2746 λαβεῖν
486 2665 655 2746 παράνοιαν
686 2666 796 2730 ἐκεῖνον
828 2667 936 2751 (πορσον
965 2667 1136 2753 Persarum)
1167 2669 1299 2749 ''HNrrep
1323 2669 1394 2742 τοὺς
1419 2669 1532 2750 προγύ-

342 2797 407 2844 νους
438 2775 546 2837 αύτοῦ.
592 2770 781 2858 Lugendum
809 2773 920 2853 Ἦπερ.
967 2771 1122 2838 Dicebant
1154 2776 1239 2838 enim
1272 2775 1424 2856 παράνοια
1447 2791 1531 2855 λαμ·

341 2877 432 2956 βάνει
467 2877 556 2954 τινά,
592 2880 631 2941 ut
664 2875 785 2956 Φόβος,
823 2877 944 2956 ὑποψία
952 2925 961 2955 ,
996 2875 1088 2969 ῦπνος
1127 2880 1172 2966 (et
1206 2879 1270 2946 alia
1299 2883 1458 2966 sexcenta)
1491 2906 1532 2961 με

341 2967 522 3060 λαμβάνει,
555 2987 588 3048 et
618 2983 652 3046 in
683 2978 911 3068 Spartanorum
948 2983 1043 3048 diris:
1079 2983 1221 3060 ούιιοδομά
1257 3010 1291 3050 σε
1327 2986 1444 3065 λάβοι
1479 2987 1531 3052 ιιαῖ

341 3087 443 3161 ἵππος,
492 3087 707 3163 Precabantur
741 3089 844 3176 igitur
880 3092 925 3155 sic
957 3088 1182 3154 Athenienses:
1221 3091 1238 3165 ἡ
1269 3093 1349 3164 αύτῖι
1382 3092 1533 3171 παράνοια

343 3195 438 3272 λάβοι
470 3195 600 3271 ἐκεῖνον,
633 3191 707 3274 ἥπερ
740 3195 792 3258 καὶ
824 3195 894 3264 τοὺς
924 3194 1086 3274 προγόνους
1113 3195 1220 3258 αὐτοῦ.
1268 3195 1356 3276 Quae
1377 3217 1478 3282 quum
1500 3199 1536 3262 in

344 3303 519 3366 orationem
549 3300 738 3365 indirectam
771 3305 998 3366 convertuntur
1028 3303 1095 3365 exit
1128 3299 1186 3364 illa
1220 3301 1323 3367 forma
1357 3322 1453 3387 quam
1488 3323 1535 3368 re-

343 3408 521 3492 posuimus.

389 3511 535 3577 Mirabar
567 3511 722 3578 meudum
758 3518 904 3596 apertum
940 3511 1053 3577 tandiu
1087 3510 1187 3576 latere
1221 3516 1370 3597 potuisse.
1441 3514 1535 3580 Nune

342 3617 427 3703 apud
466 3617 648 3706 Dobraeum
688 3617 798 3684 video:
843 3665 860 3695 „
869 3619 969 3682 malim
1012 3618 1097 3700 ἥπερ.
1135 3616 1319 3704 Rticardus)
1352 3617 1534 3708 P(orson).''

346 3721 441 3791 Grati
455 3724 649 3808 accipimus.

390 3933 471 4021 Pag.
503 3931 580 3998 191.
617 3930 670 3997 12.
702 3931 878 4012 φανήσεται
913 3931 940 3995 δ’
972 3932 986 3996 ὁ
1017 3933 1074 4008 μὲν
1100 3933 1314 4012 πρυτανεύσας
1336 3939 1440 3999 ταῦτα
1468 3931 1536 4021 [καὶ

346 4041 473 4126 πείσας]
510 4037 684 4111 Μαύσωλος
716 4037 808 4117 Φίλος
847 4033 922 4102 εἶναι
958 4031 1089 4115 Φάοιιαν
1124 4038 1241 4104 Ῥοδίων
1277 4041 1333 4113 rire
1366 4041 1537 4119 ύλευύερύαν

346 4149 446 4214 αὐτῶν
468 4143 672 4227 άφρρνμὲνος.
708 4142 829 4208 Vitiosa
852 4149 885 4208 et
907 4146 1014 4228 inepte
1038 4144 1200 4209 abundant
1219 4145 1316 4211 verba
1336 4145 1389 4210 καὶ
1411 4148 1535 4219 πείσας.

297 4274 301 4282 ·
346 4252 463 4317 Omnia
481 4255 556 4315 suut
575 4253 608 4315 in
628 4249 860 4330 πρυτανεύσας,
884 4249 968 4334 quod
989 4268 1090 4334 quum
1110 4254 1192 4315 esset
1213 4271 1250 4315 eo
1262 4271 1355 4317 sensu
1368 4253 1537 4336 antiquum

347 4363 379 4423 at
410 4376 535 4434 rarum,
567 4361 604 4420 ut
634 4375 729 4441 supra
756 4375 830 4443 pag.
861 4354 912 4420 58.
950 4354 1002 4421 16.
1028 4356 1068 4421 ad
1091 4357 1322 4436 πρυτανεύοντα
1346 4357 1538 4423 addiderunt

346 4464 511 4530 διοικοῦντα
533 4459 605 4538 καῖ,
629 4463 674 4526 sic
697 4460 729 4524 h.
742 4458 764 4526 l.
791 4461 831 4526 ad
854 4461 1068 4542 πρυτανεύσας
1092 4467 1306 4547 apposuerunt
1330 4463 1383 4528 οιαὶ
1408 4464 1535 4538 πείσας.
