3410 5180
720 377 785 454 433

211 581 249 637 Κ.
280 570 359 640 274.
389 575 502 647 Ζωίλος
527 575 542 638 ί
566 575 685 650 κληθείς
708 577 928 657 Ὀμηρομάςιξ
950 581 1033 660 γίνει
1056 583 1113 660 μὲν
1138 579 1172 658 ἦν
1196 585 1356 666 Ἀμφιτο·

165 675 272 756 λίτης,
305 682 359 742 τοῦ
390 681 422 745 u
454 681 657 762 Ἰσοιιριιτικοῦ
689 683 910 752 διδάσκαλος.
949 686 1111 774 Scriptum
1135 694 1202 756 eret
1225 681 1358 759 διδασκά

165 788 197 848 et
219 781 393 872 legendum
415 785 650 866 διδασκαλείου,
676 811 712 855 ec
734 791 834 854 σοίοίο
858 792 1020 860 Isocrateo.

209 999 245 1056 K.
278 989 357 1058 398.
388 998 493 1060 ταῦτα
526 995 540 1060 ί
573 995 754 1078 Ἀριςίνιιιος
786 999 853 1082 τερί
886 1009 943 1078 τῆς
975 1007 1102 1084 γραφῆς
1132 1003 1251 1079 ταύτης
1274 1007 1354 1089 φησί

163 1096 274 1171 διπλῆν
293 1099 424 1177 βάλλων
448 1103 489 1180 τςῖ·
513 1102 604 1184 είχιρ.
653 1103 745 1170 Nihil
769 1111 817 1172 est
840 1106 952 1183 διπλῆν
975 1106 1119 1185 βάλλων.
1167 1109 1355 1198 Legendum

163 1202 273 1279 διπλῆν
297 1205 538 1282 ΠΡΟΟβάλλιιν
563 1210 605 1291 τῷ
629 1210 719 1291 sizo.
742 1212 776 1277 id
799 1216 847 1278 eet
872 1215 999 1298 addens,
1025 1235 1181 1299 ορροιιοιιο.

208 1410 250 1464 A.
276 1399 351 1466 161.
379 1405 444 1466 νοῦν
468 1403 638 1479 ΟΤΝίίηιιε
660 1412 724 1477 τοῖς
747 1403 861 1478 ίιττοις.
883 1403 962 1494 Leg.
986 1406 1154 1483 ἘΝίίηιιε.
1175 1413 1257 1474 Νοῦν
1278 1410 1353 1476 ἐντι-

137 1567 140 1574 .
163 1502 244 1570 ίέναι
268 1526 361 1593 saepe
382 1506 504 1596 legitur
525 1513 564 1574 ut
586 1509 671 1596 apud
694 1509 933 1576 Pherecratem:

390 1619 441 1679 νῦν
465 1614 491 1679 δ’
514 1613 585 1696 άρτι
608 1639 659 1692 μοι
683 1615 717 1680 τί
741 1621 841 1696 γῆρας
864 1617 993 1691 ἐντίθησι
1019 1621 1093 1682 νοῦν.

206 1717 436 1786 Demosthenes
459 1741 535 1809 pag.
562 1719 639 1787 398.
664 1721 695 1786 2.
716 1721 841 1800 μάλιςοι
861 1722 919 1800 μὲν
938 1720 989 1786 καί
1009 1723 1125 1824 τούτοις
1145 1725 1263 1803 βελτίω
1279 1727 1351 1794 τινά
1385 1707 1387 1712 ¹

161 1826 226 1889 νοῦν
248 1863 294 1876 -
318 1825 460 1900 ίνίείητε.

385 2021 408 2116 γΙ
432 2041 465 2103 et
486 2015 509 2116 ά
533 2035 669 2117 (γίνεται
693 2042 726 2103 et
749 2035 925 2124 γράφεται)
950 2037 1088 2104 confusa.

205 2149 244 2206 A.
281 2139 357 2207 624.
391 2142 458 2207 ἐτεί
489 2142 526 2208 δι’
557 2141 673 2207 ἔνδειαν
704 2143 871 2212 ἑτίττωσις
904 2140 994 2207 νάσων
1024 2145 1174 2224 γραφη.
1205 2154 1245 2211 Η.
1271 2143 1348 2211 455.

161 2247 246 2311 κατά
278 2247 330 2312 τίν
363 2255 472 2319 Θαλῆν
504 2247 594 2313 ὕδασι
618 2249 742 2330 ὀχεῖται
767 2251 784 2323 ἡ
807 2254 877 2325 γῆ,
902 2244 964 2312 ὅθεν
988 2246 1040 2311 καί
1063 2247 1226 2328 χάσματα
1255 2249 1350 2329 γρά-

159 2357 302 2434 φεται.
335 2352 394 2419 od.
420 2379 445 2420 ν.
471 2353 525 2423 79.
548 2358 636 2419 τοῦτο
660 2353 691 2419 δὲ
715 2352 925 2435 γράφεται
949 2351 996 2417 ἵνα
1021 2356 1066 2431 μη
1088 2353 1174 2436 δρῶσι
1197 2357 1252 2431 σὺν
1275 2357 1349 2437 ἐνέρ-

159 2482 249 2537 γειαν
285 2465 343 2525 τῶν
379 2467 450 2526 νεῶν
483 2462 510 2526 oi
545 2460 741 2538 ἐμπλέοντες.
778 2459 836 2527 od.
868 2459 896 2536 ξ.
929 2458 1006 2526 485.
1039 2461 1126 2542 παρά
1157 2461 1192 2526 τί
1218 2465 1348 2528 ἜΠΟΟ

162 2563 321 2646 γράφεται
352 2567 490 2633 σύνίετον
521 2567 556 2632 τί
591 2567 771 2645 άμετιίς,
807 2562 878 2632 εἶτα
914 2567 948 2631 ἐκ
982 2566 1090 2632 τούτου
1132 2566 1345 2646 γράφεται

157 2670 326 2749 μεσίτητος
358 2672 510 2753 ἐπίρρημα
540 2673 718 2750 άμεοτῶς.
765 2671 973 2758 Perspicuum
1003 2677 1051 2738 cst
1080 2673 1199 2759 ubique
1222 2674 1345 2752 γίνεται

158 2776 320 2843 emendari
343 2783 493 2863 oportere.

202 2967 244 3022 A.
277 2954 353 3022 664.
385 2958 462 3023 exre
493 2957 524 3022 δὲ
556 2956 633 3035 ἦσαν
664 2958 698 3022 αί
728 2954 890 3028 πελειάδες
921 2954 974 3022 δύο
1004 2957 1072 3022 καθ’
1102 2953 1212 3026 ἕκατον
1245 2958 1344 3026 ίοῦσα.

157 3061 221 3129 Pro
245 3063 333 3128 ίοῦσα
355 3062 530 3150 legendum
553 3058 614 3136 οὖς.

201 3250 243 3308 Ν.
277 3239 332 3309 71.
358 3240 452 3308 Ἴλιον
482 3240 560 3307 αίτὺ
592 3237 702 3306 tiore:
734 3240 797 3306 duo
827 3242 862 3305 in
893 3249 921 3304 A
949 3239 1068 3306 scholia
1089 3246 1181 3307 sunt:
1207 3244 1225 3319 ἧ
1249 3241 1344 3319 διτλιῑ

157 3343 203 3415 ὅτι
237 3352 285 3413 νῦν
317 3348 413 3427 μόνοις
445 3346 602 3429 οὐδετέρως
634 3345 750 3426 είρηται
780 3348 886 3410 Ἴλιον.
922 3349 970 3410 ct:
1005 3346 1189 3428 Ἀρίςαρχος
1220 3347 1345 3414 Ἴλιον

157 3452 417 3534 ίιιτίρσωσιν.
464 3455 549 3521 Fieri
579 3475 641 3519 non
672 3457 777 3538 potest
805 3456 843 3516 ut
871 3450 949 3516 haec
976 3454 1019 3516 sit
1040 3451 1218 3518 Aristarchi
1239 3452 1344 3520 lectio.

155 3561 359 3626 Aristarchus
382 3565 415 3626 et
437 3560 510 3626 aliis
533 3559 731 3649 argumentis
754 3557 863 3624 locum
882 3559 1028 3641 spurium
1047 3578 1113 3623 esse
1134 3557 1242 3623 docuit
1261 3559 1346 3646 apud

155 3664 336 3752 Didymum
369 3667 409 3732 sd
443 3687 490 3732 vs.
527 3665 580 3732 56.
613 3671 646 3731 et
678 3665 754 3730 hoc:
789 3661 937 3736 άσύνηίες
970 3661 1002 3727 δὲ
1032 3661 1085 3727 καί
1116 3661 1275 3743 οὐδετέρως
1310 3665 1346 3730 τί

152 3769 246 3836 Ἴλιον
270 3775 321 3835 νῦν
345 3768 427 3854 ρἠίίν
453 3771 600 3850 ,,”Ιλιον
624 3770 724 3836 cirri
749 3765 911 3834 ἕλοιεν.”
933 3776 1146 3834 ΠΑΝΤΟΤΕ
1168 3767 1233 3849 γάρ
1257 3770 1346 3845 ίηλυ-

156 3882 212 3949 κῶς
244 3875 342 3953 λέγει.
367 3883 400 3943 et
423 3879 542 3963 passim
566 3879 599 3941 in
623 3876 795 3942 Aristonici
819 3873 954 3951 σημείοις
976 3871 1114 3962 legitur:
1140 3877 1157 3951 ἡ
1180 3875 1275 3950 διπλῆ
1297 3871 1343 3942 ὅτι

155 3984 290 4055 θηλυκῶς
322 3982 377 4054 την
401 3982 506 4047 Ἴλιον.
554 3978 692 4048 Confusa
714 3983 790 4045 sunt
812 3978 875 4045 duo
899 3981 1028 4045 nomina
1050 4000 1130 4065 quae
1153 3978 1290 4045 assolent
1313 3984 1345 4045 et

157 4086 397 4174 corrigendum:
422 4091 687 4167 ’ΛριςΟΦΛΝΗΟ
713 4088 836 4150 Ἴλιον
866 4085 1123 4166 ἐκτίρσονσιν.

199 4271 242 4330 N.
275 4259 327 4330 71.
359 4267 528 4330 annotatur
558 4284 596 4329 ex
626 4261 825 4330 Herodiano:
856 4259 902 4328 ὅτι
935 4260 1100 4336 ίτοιησης
1123 4262 1216 4326 viee
1239 4261 1345 4328 άτοιιο-

156 4378 278 4452 ριςιιιοῒς
310 4377 426 4452 χρῆται
459 4369 656 4446 ἐδηλώσαμεν
688 4367 718 4432 ἐν
747 4377 787 4450 τῇ
820 4377 859 4432 A.
906 4367 1111 4455 Legendum:
1148 4366 1343 4436 οὐδέποτε

156 4477 370 4561 ὑτοαοριςιιιοῒς
393 4483 521 4558 χρῆται.

1173 4583 1204 4628 νο
