3358 5200
874 301 917 372 56

535 491 632 576 κάρυξ
654 494 751 572 ἐγίιν,
776 490 797 557 ὦ
822 492 979 574 κυρσάνιε,
1003 495 1053 560 ναί
1076 497 1118 560 τίν
1142 496 1211 586 crui,

534 599 643 676 ἔμολον
664 601 727 666 άπὸ
751 601 902 680 Σπάρτας
927 600 992 679 περί
1016 609 1108 666 ΤΑΝ
1133 601 1325 678 διαλλαγᾶν.

351 705 424 774 Non
452 703 567 772 definio
599 708 682 772 sitne
705 706 886 783 διαλλαγᾶν
909 707 976 786 πέρι
1000 727 1040 772 an
1064 708 1137 789 ὑπὲρ
1162 708 1345 784 διαλλαγᾶν
1368 727 1409 772 an
1429 703 1497 769 alio

307 813 401 879 modo
432 811 652 889 scribendum,
676 812 732 877 sed
754 817 878 877 certum
901 817 949 878 ast
972 813 1039 891 περὶ
1064 817 1122 878 τάν
1146 813 1328 891 διαλλαγᾶν
1352 831 1424 878 curn
1447 811 1498 874 rei

307 925 421 985 natura
442 937 595 1004 pugnare.
643 915 759 982 Nostro
782 916 876 983 redde
900 917 1081 996 διαλέγεσθε
1106 919 1172 1000 περί
1197 919 1387 1000 ἐπιμαχίας.

349 1127 540 1194 Personatus
559 1127 730 1214 Philippus
749 1130 938 1194 criminatur
956 1130 1165 1196 Athenienses
1186 1129 1271 1215 quod
1290 1127 1496 1195 amaioribus

307 1233 565 1321 degenerassent,
596 1237 748 1319 quoniam
778 1255 887 1322 regem
918 1235 1091 1301 Persarum
1113 1238 1147 1301 in
1171 1233 1340 1302 Graeciam
1362 1233 1498 1300 adduce-

306 1346 396 1406 rent:
430 1341 455 1404 οί
488 1339 619 1417 πατέρες
645 1339 746 1416 ὑμῶν,
772 1340 895 1425 inquit,
918 1350 983 1412 τοῖς
1004 1340 1253 1422 Πεισιςραπίδαις
1277 1340 1430 1418 ἐπετίμων
1454 1340 1497 1412 είς

307 1447 459 1523 ἐπάγουσι
484 1443 535 1509 τὸν
557 1444 674 1524 Πέρσην
698 1445 749 1510 ἐπί
773 1446 843 1516 τοὺς
865 1443 1046 1525 Ἕλληνας,
1073 1447 1160 1526 ὑμεῖς
1185 1445 1212 1511 δ’
1235 1448 1289 1513 οὐκ
1310 1446 1495 1526 αἰσχύνεσθε

307 1558 415 1617 ταῦτα
439 1555 593 1624 ποιοῦντες
618 1542 640 1615 ά
663 1551 829 1618 διετελεῖτε
852 1560 916 1625 τοῖς
938 1551 1091 1632 τυράννοις
1111 1555 1333 1630 ἐγκαλοῦντες.
1381 1549 1497 1618 Suau-

309 1665 376 1736 ter,
407 1657 517 1734 crede,
542 1657 682 1722 adhaec
707 1657 915 1722 Athenienses
939 1659 1117 1724 arrisissent
1139 1661 1249 1724 mirati
1269 1659 1411 1724 hominis
1433 1661 1498 1721 sto-

307 1764 470 1832 liditatem
492 1761 540 1827 nil
562 1765 711 1827 interesse
733 1765 876 1848 putantis
899 1767 983 1830 inter
1006 1764 1220 1830 Pisistratidas
1242 1766 1364 1848 patriae
1391 1763 1497 1848 prodi-

307 1876 391 1936 tores
421 1867 491 1940 τοίις
523 1865 702 1945 ἐπάγοντας
734 1868 786 1932 τὸν
806 1869 922 1947 Πέρσην
947 1869 997 1932 ἐπί
1023 1870 1093 1944 τοὺς
1115 1868 1274 1945 Ἕλληνας
1298 1869 1349 1934 ε’πί
1374 1867 1497 1951 δουλείᾳ

309 1983 342 2041 et
369 1995 437 2040 sese
467 1974 645 2051 ἐπάγονται
676 1973 817 2052 βασιλέα
846 1976 896 2038 ἐπί
930 1976 1062 2060 σωτηρία
1093 1977 1143 2042 ἐπί
1175 1976 1226 2042 τὸν
1257 1983 1311 2049 τῆς
1343 1973 1496 2046 Ἑλλάδος

308 2082 472 2160 ἀλιτήριον.
519 2079 678 2146 Haeccine
701 2099 718 2144 a
741 2079 893 2165 Philippo
915 2079 1039 2146 bellum
1062 2082 1221 2148 indicente
1241 2083 1338 2148 scribi
1356 2084 1498 2167 potuisse

309 2185 430 2255 viderit

353 2399 433 2489 Pag.
468 2398 543 2464 161.
577 2396 608 2463 3.
634 2397 687 2463 καί
712 2395 870 2464 Σιτάλκου
895 2399 952 2476 μὲν
975 2397 1200 2478 άποίανίντος,
1225 2394 1247 2478 ᾧ
1270 2398 1417 2478 μετέδοτε
1440 2405 1497 2473 τῆς

306 2507 488 2580 πολιτείας,
522 2505 609 2575 εὐθὺς
633 2503 816 2578 ποιιίσασίαι
842 2505 914 2584 πρὸς
937 2505 989 2570 τὸν
1013 2506 1242 2572 άποκπείναντα
1267 2505 1398 2585 φιλίαν.
1422 2505 1497 2586 ὑπὲρ

308 2613 339 2679 δὲ
375 2611 608 2693 Κερσοβλέπτου
638 2610 774 2688 πόλεμον
805 2611 952 2692 αίρεΐσέαι
985 2610 1058 2690 πρὸς
1090 2614 1184 2689 ἡμᾶς.
1231 2610 1280 2676 De
1306 2612 1498 2698 gravissimo

308 2739 429 2796 errore,
457 2737 519 2802 quo
543 2717 702 2789 Σιτάλκης
725 2722 758 2781 et
781 2716 876 2790 Κότυς
901 2717 1153 2794 confunduntur,
1178 2719 1287 2782 omnia
1309 2719 1498 2802 interpretes

307 2827 429 2911 optimc
461 2827 682 2908 exposuerunt.
731 2821 795 2902 Qui
824 2821 1016 2908 Philippum
1039 2826 1144 2908 ipsum
1169 2823 1303 2889 credunt
1325 2826 1370 2889 sic
1393 2841 1498 2888 errare

247 2927 259 2934 ”
306 2933 466 3017 potuisse,
492 2949 556 2992 non
578 2928 672 2994 facile
696 2928 871 3014 quidquam
894 2927 1082 2994 incredibile
1106 2950 1172 2994 esse
1195 2929 1365 3014 putabunt.

352 3035 541 3122 Legendum
576 3055 642 3100 esse
677 3031 810 3115 άρασίαι
845 3053 901 3120 pro
938 3034 1087 3113 αίρεῑσίαι
1119 3033 1286 3100 admonuit
1317 3035 1496 3114 Dobreeus,

308 3141 364 3209 sed
393 3140 539 3206 Editores
570 3160 633 3205 non
656 3139 802 3206 audiunt.
849 3139 908 3205 Est
929 3145 1038 3205 tamar
1059 3161 1109 3205 res
1133 3142 1327 3220 certissima3
1350 3141 1499 3226 κατίσαι

307 3248 415 3312 bellum
439 3243 560 3312 Graece
584 3246 702 3311 dicitur
728 3251 785 3310 aut
808 3243 945 3326 αίρεσέαι
970 3244 1105 3324 πόλεμον
1130 3251 1187 3311 aut
1210 3247 1397 3326 άναιρεῖσίαι
1422 3251 1498 3332 (non

308 3353 493 3438 αίρεῒοίαι),
517 3351 572 3417 sed
591 3353 667 3436 quia
685 3351 834 3431 αίρεῖσίαι
851 3357 884 3416 et
903 3349 1039 3432 αίρεοίαι
1061 3353 1095 3416 in
1113 3350 1206 3416 libris
1224 3352 1375 3418 confundi
1395 3351 1497 3419 solent

309 3458 577 3524 circumferuntur
600 3459 784 3522 etiamnunc
808 3457 976 3523 manifesto
994 3457 1164 3523 mendosae
1183 3457 1352 3537 lectiones,
1372 3463 1410 3524 ut
1426 3458 1459 3523 h.
1470 3457 1495 3523 l.

307 3564 397 3630 Idem
426 3566 546 3630 vitium
578 3565 713 3628 recurrit
735 3583 810 3651 pag.
837 3559 912 3628 178.
936 3562 990 3628 25.
1014 3564 1072 3629 ubi
1094 3565 1129 3627 in
1153 3560 1176 3628 S
1198 3562 1336 3652 legitur:
1360 3563 1496 3641 πίλεμον

307 3671 379 3750 πρὸς
403 3669 498 3733 αιἰτδν
523 3669 688 3748 οιίρείσίαι,
711 3671 746 3734 in
768 3670 900 3752 caeteris
918 3669 1095 3734 rectissime
1116 3665 1261 3748 άρασίαι.
1290 3668 1495 3752 Ἀναιρεῖοίαι

307 3779 359 3842 τὸν
391 3777 526 3853 πολεμον
552 3771 675 3860 legitur
696 3795 771 3862 pag.
797 3772 850 3838 11.
875 3772 906 3838 2.
930 3773 1086 3838 άνείλονπο
1109 3775 1162 3838 τὸν
1185 3771 1342 3855 πόλεμον,
1366 3780 1399 3842 et
1420 3795 1492 3862 pag.

308 3879 383 3947 180.
408 3880 461 3946 21.
487 3879 539 3944 τὸν
564 3877 700 3957 πόλεμον
723 3879 898 3945 άνελέσίαι.
935 3877 984 3944 Of.
1016 3879 1087 3944 γαν.
1111 3880 1205 3946 teca.
1231 3901 1306 3968 pag.
1330 3879 1406 3945 212.

351 4093 432 4180 Pag.
459 4089 534 4156 161.
558 4089 613 4157 24.
638 4097 701 4163 πῶς
725 4093 779 4156 οὐκ
802 4090 840 4157 aa
865 4088 927 4166 είνν
950 4091 1074 4156 πάντων
1095 4088 1297 4174 φαυλότατος
1317 4091 1342 4156 εί
1362 4105 1496 4158 καταλι·

307 4199 371 4263 πίον
400 4197 471 4268 τοὺς
502 4195 692 4275 συμμάχους
724 4203 847 4276 μάλλον
881 4198 962 4275 ὑμῶν
993 4195 1182 4279 φροντίζοιμι
1216 4202 1274 4262 τῶν
1306 4196 1411 4262 πάντα
1441 4221 1494 4276 μοι

305 4300 414 4384 τρίπον
449 4302 653 4382 ἐνοχλούντων
693 4302 726 4388 [ἢ
759 4311 816 4368 τῶν
847 4304 988 4383 βεβαίως
1020 4327 1071 4382 μοι
1103 4305 1204 4386 Φίλαν
1236 4303 1285 4369 άεὶ
1315 4303 1494 4393 μενίνπιιν].

304 4409 414 4500 Inepte
445 4411 478 4473 ct
507 4407 607 4474 stulte
636 4409 686 4473 bis
718 4409 805 4475 idem
837 4411 955 4476 dicitur
962 4431 970 4489 ;
994 4409 1050 4476 sed
1072 4412 1161 4496 prius
1183 4430 1309 4476 necesse
1332 4413 1380 4476 est
1402 4417 1496 4478 vatus
