3372 5192
733 377 800 446 543

216 565 371 634 Mendosa
400 570 475 633 sunt
504 568 604 634 etiarn
633 587 670 636 ea
699 587 780 654 quae
810 567 922 634 statim
953 572 1145 654 sequnntur:
1171 568 1223 634 κο)
1247 564 1282 632 τὸ
1306 569 1360 633 τοῦ

171 671 354 757 μισθοφόρου
385 672 437 738 aa}
462 672 676 754 θεραπεύοντος
702 674 811 739 ἐκεῖνον
834 670 919 754 ἔργον
944 676 961 749 ἡ
986 671 1075 748 πόλις
1099 673 1138 740 θον
1162 675 1362 756 διεπράττετο

173 779 324 865 [θφροὺρει
350 778 548 865 Χορόδημον].
584 778 747 846 Dobraeus
770 778 805 843 τό
824 782 876 844 τοὺ
896 781 1052 866 expunxit
1072 780 1236 846 simultis
1256 801 1362 846 exum-

172 886 235 974 plis
259 885 366 951 denuit
389 881 474 964 ἔργον
498 885 533 949 in
556 883 614 950 tali
637 906 671 952 re
695 882 868 950 articulum
889 905 952 951 non
974 885 1100 950 habere.
1136 884 1292 952 Sexcenta
1311 885 1363 951 hir

173 991 236 1058 alia
266 990 340 1057 addi
369 995 514 1075 possent,
546 1011 621 1056 nam
651 989 773 1078 legitur
803 992 922 1076 ubique
944 989 1098 1058 locorum.
1146 991 1235 1058 Dabo
1259 1013 1362 1059 unum

172 1119 211 1164 ex
234 1095 409 1164 Menandro
432 1095 517 1181 apud
539 1095 654 1161 Athon.
679 1116 752 1184 pag.
779 1092 899 1162 sulm.

309 1201 493 1276 πεποιήκατ’
519 1197 605 1280 ἔργον
630 1202 691 1283 οὑχ
714 1201 858 1287 ἐτιιίρυν,

309 1307 358 1386 μθο
382 1307 434 1374 Δί’
457 1309 532 1373 άλλ’
557 1307 691 1389 ότοοιρῶν,
714 1308 821 1374 τοιὺσόι
842 1304 871 1373 δ’
895 1305 968 1372 θυτοι
993 1309 1177 1389 γράμματος

308 1414 363 1488 την
385 1412 624 1494 προσαγόρευσιν
647 1415 679 1478 οὑ
705 1411 815 1497 σφόδρ’
840 1413 998 1493 εὔσχημον
1021 1423 1111 1480 ποιεῖ.

218 1518 318 1587 Nullo
340 1520 436 1585 modo
457 1521 492 1585 in
514 1519 567 1584 his
589 1523 646 1585 aut
669 1515 755 1600 ἔργον
778 1523 835 1585 aut
856 1519 981 1601 ἐπείρων
1004 1519 1178 1586 articulum
1201 1521 1363 1605 admittit,

173 1630 206 1692 et
235 1625 464 1692 Demosthenes
490 1645 554 1690 non
584 1625 678 1691 alitor
705 1627 811 1712 potnit
841 1625 945 1692 dicere
975 1646 1071 1713 quarn
1103 1626 1154 1691 ιοοο1
1179 1625 1363 1708 μισθοφόρον

174 1727 260 1812 ἔργον
291 1733 308 1806 ἧ
341 1729 429 1803 πόλις
454 1729 493 1795 άν
517 1729 734 1814 διεπράττετο,
759 1735 796 1796 ut
819 1729 944 1796 dixerat
967 1750 1041 1819 pag.
1068 1729 1143 1798 661.
1171 1732 1202 1799 7.
1229 1734 1365 1809 λήσομεν

173 1839 211 1910 otc
236 1837 312 1904 ἔοικε
335 1835 523 1917 μισθοφόρον
547 1833 633 1916 ἔργον
652 1833 811 1916 άνθρὺπυν
831 1840 986 1909 ποιοῦντες
1006 1838 1061 1913 την
1082 1838 1193 1908 ἓνάςου
1213 1839 1364 1920 συτηρόοιν

173 1942 287 2010 τούτοιν
315 1943 556 2024 δορυφοροῦντες.
603 1941 811 2008 Odiosiaaima
838 1941 974 2007 Athenis
1004 1943 1160 2008 voeabula
1186 1949 1261 2008 sunt
1284 1943 1364 2024 δορυ·

174 2049 278 2134 φόροι,
310 2051 496 2131 δορυφορεΐν,
521 2052 675 2132 φρουρεῖν,
699 2047 861 2130 φὺλοοκει,
884 2046 1079 2132 φυλάττειν,
1101 2051 1136 2113 in
1159 2050 1275 2134 quibus
1298 2070 1365 2116 om·

175 2157 269 2222 nibus
292 2157 420 2240 iniquae
443 2163 475 2220 et
497 2156 685 2240 impotentis
709 2154 934 2220 dominationis
953 2153 1132 2220 satellitum
1150 2156 1247 2221 armis
1265 2154 1366 2220 l'ultae

174 2264 263 2328 notio
285 2263 377 2327 inest.
425 2258 537 2345 ltaque
558 2259 802 2344 Demosthenes,
827 2262 882 2345 qui
904 2260 1001 2344 probe
1024 2260 1169 2326 iudicum
1189 2263 1312 2327 animos
1330 2262 1366 2324 in

174 2389 267 2434 reum
308 2369 434 2431 irritare
477 2366 613 2442 sciebat,
654 2365 762 2430 erebro
796 2364 855 2430 heo
889 2366 1033 2452 imagine
1066 2368 1187 2444 utitur,
1219 2372 1258 2432 nt
1290 2386 1365 2454 pag.

176 2470 252 2538 650.
282 2472 337 2539 24.
371 2470 518 2552 γε’γροιφε
551 2471 602 2534 nal
633 2469 903 2550 aphronitrum
928 2471 1010 2548 ὑμῖος
1035 2471 1143 2536 ἐκεῖνον
1168 2469 1247 2546 όπυς
1271 2471 1366 2544 άδεῶς

174 2573 193 2643 θ’
220 2602 250 2643 τι
281 2578 319 2644 ἂν
349 2578 504 2657 βοὺλητοοι
536 2586 615 2659 ποιῇ.
649 2581 681 2642 at
711 2596 783 2664 pag.
817 2574 894 2641 683.
921 2572 952 2640 l.
977 2575 1072 2641 κοιλόν
1097 2601 1156 2655 γε,
1181 2579 1215 2642 οὑ
1239 2574 1365 2658 γάρςὺ

177 2689 237 2749 Ζεῦ
269 2685 321 2747 real
350 2684 424 2759 θεοθ,
449 2679 481 2754 tr
506 2682 600 2753 οιὺτός
623 2704 699 2746 ποτε
722 2683 792 2753 τοὺς
819 2681 979 2763 ὑμετέρους
1004 2683 1128 2764 ἐχθροὺς
1153 2685 1257 2762 μισθόν
1282 2698 1369 2762 λοιμ·

175 2787 278 2869 βάνιιν
298 2786 464 2876 ἐδορυφόρει
485 2791 592 2852 τοῦτον
614 2788 666 2870 ὑφ’
688 2787 832 2867 ὑμετέρου
851 2775 1060 2868 φηφόσμοιτος
1083 2793 1221 2866 φιινῆνοοι
1242 2796 1366 2872 φυλοιτ-

175 2895 311 2974 τθμενον.
334 2899 367 2960 et
389 2916 461 2982 pag.
488 2893 564 2960 690.
592 2891 646 2960 17.
673 2893 858 2969 ratimari
880 2894 951 2958 ποτ’
972 2893 1011 2959 tv
1038 2894 1200 2974 εενάξειοον
1219 2899 1368 2975 (maiores

174 3003 288 3084 nostri)
307 3038 348 3048 -
368 3001 394 3065 εἷ
426 2999 488 3080 ὑροι
516 2999 664 3066 οιῖσθοιντο
697 2995 742 3064 ότι
776 3004 827 3063 νῦν
859 3001 876 3075 ἡ
902 2999 992 3069 πόλις
1011 3001 1053 3069 εἷς
1079 2999 1227 3079 ὑπηρέτου
1252 3009 1367 3082 σχῆμά

174 3108 228 3174 νισι)
259 3105 349 3184 τάξιν
380 3107 566 3184 προελήλυθε
601 3105 653 3170 καὶ
678 3103 851 3183 Χορόδημον
872 3106 898 3170 εἰ
921 3106 982 3186 χρη
1006 3110 1144 3185 φρουρεῖν
1166 3106 1366 3183 βουλεύεται.

176 3212 365 3295 Χορόδημον,
390 3210 478 3288 οἵμοι.
516 3211 566 3276 Ex
588 3211 640 3275 his
662 3208 740 3275 loeis
762 3213 848 3275 inter
867 3230 901 3274 ss
923 3213 1115 3295 eomparatis
1137 3213 1285 3299 arguitur
1303 3233 1369 3277 em-

175 3319 283 3385 blema
312 3321 346 3382 in
376 3317 482 3383 verbis
508 3336 584 3404 pag.
612 3313 686 3380 682.
712 3313 767 3380 28.
815 3314 928 3380 Orator
950 3315 1153 3381 acerbissime
1177 3316 1317 3382 dixerat:
1342 3319 1368 3382 εἰ

176 3427 220 3503 μη
249 3425 305 3498 την
328 3425 454 3503 γροιφην
476 3420 676 3499 ἐποιησάμεθ’
703 3423 794 3498 ὑμεῖς
818 3419 946 3494 τουτηνὶ
960 3459 1003 3470 -
1020 3421 1202 3502 μισθοφόρον
1222 3459 1263 3470 -
1282 3423 1369 3502 ἔργον

177 3533 195 3607 ἡ
227 3529 316 3602 πόλις
347 3527 387 3594 δον
417 3527 634 3607 διεπράττετο,
667 3527 780 3594 deinde
810 3529 916 3593 neseio
947 3527 1018 3616 quis
1049 3529 1139 3612 qnasi
1168 3549 1232 3595 non
1266 3535 1370 3596 essent

178 3638 257 3703 haso
286 3638 364 3701 satis
394 3637 560 3720 perspicua
589 3633 713 3700 addidit
743 3632 878 3715 ἐφρούρει
911 3632 1107 3718 Χαρίδημον,
1137 3639 1170 3700 ο1
1200 3635 1371 3702 verborum

177 3745 246 3810 vim
271 3739 370 3807 stulte
393 3741 502 3827 fregit.

222 3951 302 4040 Pag.
342 3945 419 4017 68³.
456 3948 486 4015 5.
522 3948 593 4022 ἷσυς
625 3947 723 4013 τοίνυν
755 3946 844 4012 ἐκεῖν’
874 3945 914 4012 ἄν
943 3947 991 4020 τός
1021 3950 1057 4026 μ’
1089 3945 1180 4029 ἔροιτο
1203 3950 1237 4016 τό
1258 3949 1371 4027 δήποτε

177 4057 269 4123 τοῦτ’
300 4057 383 4129 εἰδὼς
413 4053 506 4128 οὑτως
536 4053 670 4135 ὑιιριβῶς
706 4055 767 4133 tyn
803 4051 856 4117 ιιοι1
893 4055 1162 4135 ποορηιιολσνθηιιὺς
1195 4056 1280 4129 ἕνθοις
1311 4063 1372 4122 τῶν

178 4163 377 4242 άδιιιηροάτοιν
409 4161 517 4248 [εθιισοι
546 4161 615 4245 nal]
648 4159 708 4226 οὔθ’
743 4154 789 4224 ὑπ’
821 4159 915 4224 αὑτὸν
945 4160 1093 4226 ἐποιεῖσθε
1125 4161 1253 4236 πολότην
1286 4162 1370 4230 οὐδὲν

180 4270 322 4335 άντεῒπον
358 4266 419 4333 οὔθ’
453 4265 498 4334 ὑπ’
535 4266 674 4348 ἔπηνεῖπε
696 4263 852 4342 -λόγον
885 4265 1077 4345 ἐποιησάμην
1110 4263 1226 4331 οὑδὲνιι.
1283 4267 1372 4336 Vitio

177 4377 371 4461 irrepserunt
401 4374 498 4440 verba
527 4370 622 4437 οἵοισιν
655 4370 710 4436 sal
720 4420 728 4448 ‚
763 4371 880 4455 quibus
907 4373 1039 4438 remotis
1066 4374 1175 4438 omnia
1195 4374 1372 4442 rectissime

177 4479 362 4567 procedunt.
383 4480 387 4488 ’
409 4475 515 4546 uim
546 4479 634 4544 enim
664 4481 698 4544 in
721 4499 759 4544 aa
780 4498 814 4543 ro
838 4476 922 4544 nihil
946 4477 1035 4547 aliud
1058 4499 1126 4544 esse
1148 4481 1252 4569 potest
1273 4501 1371 4566 quam
