3410 5180
766 263 831 340 519

203 452 395 526 Graecitatis
423 457 649 545 intelligentia.
709 459 745 526 Si
780 461 898 528 dicitur
933 459 1081 542 παρέχειν
1116 463 1229 542 κυρίους
1264 464 1314 530 ciel
1349 467 1391 546 τῷ

203 563 332 644 δεομένῳ
357 564 577 651 coniungenda
598 571 673 631 sunt
694 565 842 646 τορέχειν
865 567 930 646 ciet,
954 568 1038 653 quod
1062 588 1136 633 cum
1154 567 1217 632 loci
1236 573 1392 635 sententia

203 691 265 734 non
288 669 431 756 quadrat.
480 667 571 749 Quod
593 677 703 736 autem
721 677 851 757 apparet
871 673 1036 739 Oratorem
1057 673 1175 738 dixisse
1193 675 1241 738 ita
1260 673 1391 740 demum

203 780 287 841 recte
317 777 439 841 dictum
470 777 531 840 erit
560 778 588 840 si
619 777 670 842 οίεί
701 776 834 842 articulo
864 781 1069 863 postponatur
1100 777 1141 856 τῷ
1173 776 1222 840 cici
1251 776 1389 859 δεομένῳ.

203 880 350 967 Imperiti
379 879 548 959 Graeculi,
582 885 658 967 quia
687 903 751 948 non
779 885 842 968 ipsi
872 885 920 948 ita
941 883 1168 968 loquebantur,
1192 886 1394 968 transponere

184 983 281 1052 ¹haec
312 985 431 1064 solent,
465 987 520 1052 sed
554 990 677 1053 nemini
711 991 898 1074 imponunt,
931 995 964 1052 et
994 988 1115 1073 ubique
1141 987 1228 1054 fraus
1254 989 1395 1075 perpluit

203 1093 304 1177 ipsius
328 1093 501 1157 sententiae
524 1093 652 1159 indicio.

251 1195 411 1262 Similiter
440 1218 514 1285 pag.
547 1196 625 1264 206.
658 1198 689 1264 2.
722 1219 820 1284 quum
845 1201 1021 1264 rectissime
1046 1198 1224 1286 legeretur:
1249 1199 1301 1266 rae
1324 1201 1395 1274 τοὺς

204 1303 254 1368 ἀεὶ
287 1313 480 1369 πλεονεκτεῖν
511 1303 716 1383 βουλομένους
746 1326 830 1370 nunc
862 1327 901 1370 ex
931 1301 1047 1370 Codice
1069 1301 1094 1370 S
1116 1325 1264 1390 perverso
1287 1306 1395 1371 ordine

204 1409 326 1496 legitur
348 1409 398 1474 οὶεὶ
421 1409 473 1475 διὰ
495 1411 577 1483 τούς.

249 1616 330 1706 Peg.
365 1617 441 1684 586.
476 1618 528 1685 12.
562 1621 610 1686 δεῖ
637 1621 735 1685 τοίνυν
752 1657 795 1669 -
812 1621 887 1698 μήτ’
922 1618 1004 1686 ἔλεον
1034 1621 1110 1698 μίν’
1147 1618 1241 1703 ἄνδροο
1277 1621 1393 1700 μηδένοο

204 1723 286 1804 μήτε
310 1723 424 1804 τέχνην
447 1725 602 1803 μηδεμίαν
625 1727 765 1806 εὑρῆσίοοι
793 1728 882 1811 [μήτ’
902 1725 983 1791 ἄλλο
1004 1725 1131 1812 μυοίη,
1153 1726 1188 1790 δι’
1207 1723 1275 1792 ὅτου
1294 1752 1393 1807 τοροο·

205 1829 268 1908 βοίς
299 1852 346 1902 τις
377 1831 449 1903 τοὺς
473 1829 580 1912 νόμους
603 1833 636 1897 οὐ
661 1831 747 1896 δώσει
771 1831 866 1907 δίκην.
912 1832 1017 1898 Verba
1038 1833 1113 1910 μήτ’
1137 1831 1219 1897 οίλλο
1242 1833 1337 1910 μηδέν
1360 1837 1395 1898 in

205 1935 227 2000 S
260 1936 377 2001 omissa
407 1939 440 2000 in
472 1937 544 2002 aliis
575 1943 705 2003 mutant
734 1937 840 2004 locum
872 1943 905 2002 et
927 1941 995 2003 sine
1018 1941 1231 2004 controversia
1254 1942 1396 2026 expungi

206 2042 330 2107 debent.
384 2041 498 2109 Dicam
528 2044 611 2109 unde
641 2049 716 2109 nata
746 2047 826 2108 siut:
858 2044 1039 2109 nesciebant
1073 2041 1223 2108 Graeculi
1257 2043 1294 2108 δι’
1326 2041 1395 2110 droa

205 2168 272 2213 esse
294 2169 351 2234 pro
374 2148 412 2214 δι’
438 2146 572 2227 ἧστινος,
596 2170 734 2235 namque
756 2153 810 2214 τοῦ
834 2153 864 2214 et
887 2173 940 2214 του
962 2154 995 2214 et
1017 2146 1086 2213 ὅτου
1109 2149 1227 2214 formae
1250 2169 1316 2216 esse
1339 2154 1395 2216 tri·

205 2252 265 2318 bue
295 2255 466 2340 generibus
498 2277 694 2322 communes.
743 2254 823 2320 Vide
845 2255 952 2321 locum
975 2254 1119 2320 Platonis
1142 2255 1200 2320 ubi
1221 2254 1395 2342 legendum

205 2357 271 2438 περί
298 2359 400 2433 ἄλλοις
424 2362 542 2426 ὁτουοῦν
566 2365 666 2442 ἀρχῆς
689 2363 723 2425 in
753 2361 821 2425 Var.
847 2362 940 2425 decit.
965 2381 1039 2447 pag.
1066 2358 1142 2426 532.
1190 2359 1300 2446 Itaque
1318 2383 1394 2428 neu-

205 2471 294 2532 trum
321 2485 387 2532 esee
410 2467 473 2532 rati
495 2465 572 2544 μήτ’
598 2465 794 2545 diaconib
818 2467 1018 2532 addiderunt.

250 2675 330 2763 Pag.
356 2672 431 2740 586.
460 2672 509 2740 16.
538 2677 620 2753 ὑμῶν
643 2677 668 2744 οἱ
693 2675 833 2754 θεώμενοι
856 2685 918 2748 τοῖς
943 2675 1108 2747 Διονυσίοις
1132 2673 1263 2740 εἰσιόντα
1288 2677 1330 2748 είς
1359 2677 1394 2742 τὸ

205 2779 327 2861 ίέοοτρον
357 2785 463 2848 τοῦτον
495 2781 668 2862 ἐσυρίττετε
696 2781 747 2846 κοιί
782 2781 931 2863 ἐκλώζετε
963 2781 1014 2846 κοοί
1040 2780 1147 2846 τοίντοο
1171 2771 1193 2844 do
1217 2782 1324 2859 μίσους
1347 2783 1393 2851 ἐς)

204 2896 321 2965 σημείου
355 2888 493 2953 ἐποιεῖτε.
550 2891 585 2952 In
618 2886 641 2952 S
676 2891 708 2952 et
743 2887 816 2952 aliis
849 2887 1036 2953 melioribus
1067 2901 1126 2971 pro
1161 2887 1213 2951 κοοὶ
1245 2885 1394 2967 ἐκλώζετε

203 2996 359 3079 scriptum
383 2999 431 3059 cst
454 2993 505 3059 κοί
530 2991 727 3074 ἕκεκροίγετε.
776 2993 894 3059 Manus
916 2991 1141 3059 Demosthenis
1163 2992 1248 3076 apud
1270 2991 1394 3077 Harpo-

203 3101 377 3165 crationem
407 3105 532 3167 servata
562 3103 610 3165 est
640 3121 671 3166 v.
696 3097 877 3179 Ἐιιλοίζετε.
936 3098 1073 3164 Dubitat
1105 3095 1249 3180 Dindori.
1281 3101 1392 3163 utrum

203 3205 378 3283 ἐσυρίττετε
408 3205 461 3270 κοί
492 3206 694 3271 retinendum
722 3207 765 3270 sit
788 3226 828 3269 an
850 3224 907 3291 pro
930 3207 1211 3289 interpretamento
1233 3204 1323 3270 verbi
1345 3225 1393 3270 ra·

202 3313 295 3376 rioris
324 3309 472 3392 ἐκλώζετε
504 3311 697 3376 habendum.
745 3309 821 3376 Sine
852 3313 1064 3377 controversia
1093 3315 1141 3374 est
1171 3309 1392 3374 retinendum:

201 3421 375 3502 utrumque
394 3420 481 3483 enim
501 3417 580 3482 duce
601 3422 715 3482 natura
736 3419 834 3482 etiam
855 3437 939 3482 nunc
951 3416 1154 3502 explodentes
1164 3415 1265 3479 iacere
1277 3414 1378 3479 solent
1384 3463 1393 3495 ,

203 3521 260 3587 alii
283 3522 429 3601 sibilant,
456 3523 515 3589 alii
536 3522 588 3587 drot
610 3530 669 3588 τῶν
693 3522 817 3588 tarseus
841 3521 990 3604 σίζουσιν,
1013 3521 1098 3606 quod
1121 3518 1245 3598 κλώζειν
1271 3525 1394 3587 veteres

203 3625 374 3716 appellant.
419 3629 555 3695 Necesse
586 3635 634 3694 est
665 3632 764 3694 etiam
795 3634 833 3693 ut
863 3631 921 3694 dno
952 3629 1049 3695 rerba
1070 3626 1258 3713 praecedant
1279 3647 1415 3712 nempe·

202 3739 241 3799 ut
263 3739 347 3800 recte
370 3735 523 3801 addatur:
547 3735 600 3800 κοοί
625 3743 797 3810 ΠΑΝΤΑ,
823 3727 844 3799 d
868 3735 975 3813 μίσους
1000 3733 1044 3801 εἐί
1068 3740 1203 3810 σιρμεῖοο,
1228 3733 1369 3798 ἕτοοεῒτε.

248 3839 339 3920 Quod
364 3841 404 3906 ad
428 3839 582 3926 Stephani
606 3840 700 3906 Thes.
723 3862 754 3907 v.
779 3840 884 3922 κλώζο
908 3861 946 3906 ex
969 3839 1109 3905 Aristide
1126 3837 1269 3904 uidemur:
1289 3837 1391 3917 συρίτ·

202 3946 311 4011 τεσίοιί
343 3970 378 4010 τε
402 3946 454 4011 aa)
480 3945 670 4028 κλοίζεσίοοι,
694 3951 728 4012 et
751 3968 790 4011 ex
812 3945 1022 4031 Alciphrone:
1048 3945 1091 4020 ab
1116 3942 1203 4022 λοίβρ
1223 3942 1328 4022 χοίρου
1350 3945 1393 4008 τὰ

202 4056 297 4123 decad
321 4053 467 4134 μειροίκιοο
491 4053 616 4136 κλοίζειν
641 4056 657 4132 ἢ
686 4055 852 4137 συρίττειν,
877 4074 915 4120 ex
939 4052 1177 4119 Demosthenici
1199 4047 1262 4114 loci
1285 4050 1392 4116 imita·

203 4165 289 4227 tione
315 4161 421 4228 duxit.
1064 4153 1070 4168 ⁸
