3358 5200
726 353 772 404 VH

147 533 252 596 reotor
274 551 300 594 οι
324 547 413 596 eroso
433 525 602 596 substituit
624 548 663 602 οι.
710 525 748 596 In
770 526 882 596 eodem
905 524 1023 600 codiee
1043 530 1149 616 primo
1170 549 1285 602 monus
1306 533 1343 602 in

147 650 469 738 pinsqnemperseetis
509 657 624 716 tontum
660 671 720 716 οιοιι
758 650 866 736 edique
906 651 1026 720 formes
1058 653 1093 720 iu
1124 661 1184 720 -H
1214 653 1343 722 dederet

152 771 286 852 ἑωριὶκορ,
318 771 484 856 ἐπεπόνθη,
516 771 581 847 ῆιδιρ
611 777 643 836 et
673 769 816 847 ῆιδιροθοο,
848 771 902 837 sed
933 777 1088 842 semotior
1120 799 1137 850 ιρ
1170 771 1274 842 deleto
1299 797 1342 840 ειν

151 895 319 961 substituit
350 900 384 960 et
411 893 546 970 ῆιδειοοοο
569 893 666 962 dedit
713 892 753 958 In
774 892 886 962 eodem
908 893 1046 980 plumbo
1068 896 1103 960 in
1127 931 1146 945 -
1161 903 1214 962 Hc
1236 897 1342 982 prime

46 1089 48 1094 .
147 1035 264 1081 munus
294 1017 464 1101 scripserat
494 1021 604 1100 γονῆς,
636 1013 764 1094 δρομῆς,
796 1022 946 1096 γραφῆς,
972 1023 1119 1096 χαλκῆς,
1150 1014 1206 1082 sed
1232 1017 1341 1084 omnis

148 1136 226 1202 haee
248 1138 284 1201 in
306 1173 327 1190 -
339 1143 382 1208 εῖι
405 1141 560 1204 eorreotor
581 1133 720 1204 retinxit.

194 1257 289 1342 Apud
319 1256 567 1325 Demosthenem
592 1277 716 1344 quoquo
739 1256 859 1324 formae
883 1258 1010 1326 Atticos
1032 1263 1155 1328 ueteres
1178 1263 1236 1326 sut
1251 1281 1340 1344 pror·

145 1399 200 1442 m
229 1376 416 1446 obliteratae
441 1384 517 1445 sunt
540 1384 596 1446 out
618 1380 738 1464 possim
761 1379 945 1450 ohscurotoe
968 1380 1151 1448 substitutis
1172 1383 1207 1448 in
1229 1401 1340 1450 esrum

145 1496 256 1564 locum
288 1498 410 1592 formis
430 1499 669 1565 recentioribus.
725 1499 761 1566 si
789 1523 900 1585 οοιιιριιο
931 1501 972 1570 do
1003 1501 1162 1568 industrie
1196 1499 1341 1572 molatae

145 1624 224 1686 suot
245 1619 376 1700 (dixerit
398 1618 527 1706 uliquis)
552 1619 638 1688 unde
661 1620 790 1688 tendum
815 1641 867 1689 ees
891 1620 1061 1707 eliqunudo
1085 1643 1105 1688 u
1125 1621 1341 1690 Demosthene

145 1753 315 1825 usurpem
345 1740 443 1809 fuisse
464 1741 556 1808 nobis
578 1739 747 1828 puobobist
793 1741 915 1809 Diuum
965 1742 1046 1810 Sunt
1070 1745 1227 1830 quaedum
1249 1749 1339 1812 vetu-

145 1863 288 1928 stissimo
315 1859 471 1930 librorum
501 1861 635 1940 menda,
668 1863 702 1928 in
733 1862 850 1947 quihus
871 1865 1030 1949 seriptum
1049 1869 1144 1932 uetus
1166 1870 1237 1931 tuto
1262 1863 1342 1934 deli·

145 1985 242 2050 tesoit
263 1983 362 2050 donee
385 2003 438 2050 eos
461 1981 580 2068 etquis
600 1981 736 2050 ielioiter
759 1981 868 2050 eliciet
887 1983 980 2052 forus.
1019 1985 1160 2050 Nomine
1180 1987 1215 2051 in
1235 2021 1255 2035 -
1268 1985 1341 2064 εύρ,

46 2121 49 2154 t
144 2103 279 2180 terete,
303 2105 414 2184 ἱερούς,
438 2103 578 2178 domis.
601 2103 788 2188 Χαλκιδεύς,
809 2104 968 2172 hebebant
986 2107 1071 2191 opud
1090 2105 1339 2172 Demosthenem

145 2245 270 2311 quoque
301 2230 353 2306 (ut
383 2223 467 2311 opud
496 2224 678 2310 Plutonem)
710 2227 744 2291 in
767 2224 885 2311 plurali
908 2233 993 2302 -ῆς,
1017 2227 1131 2305 ἱππῆς,
1157 2233 1279 2306 Φωκῆς,
1303 2230 1337 2292 in

144 2350 328 2416 noeumtivo
358 2346 445 2419 -ὲοις
477 2345 595 2431 ἱερέως,
620 2344 806 2418 Χοιλιιιδέοορ.
852 2345 991 2414 hitterii
1015 2381 1035 2396 ·
1048 2356 1081 2422 sic
1106 2349 1141 2412 in
1167 2355 1242 2422 -εῑς
1267 2369 1338 2414 mu·

46 2463 48 2536 ἶ
145 2473 232 2546 tunt,
253 2469 288 2536 in
306 2466 452 2534 Plutonis
472 2463 589 2536 Codice
609 2469 639 2536 A
657 2469 859 2554 saepissime,
880 2469 915 2533 in
933 2466 1157 2534 Demosthenis
1176 2467 1199 2534 S
1217 2491 1337 2560 semper-

145 2587 206 2656 Sed
230 2589 304 2656 vide
323 2587 415 2676 {mihi
437 2589 513 2674 quid
535 2591 579 2656 eit
601 2590 635 2653 in
657 2587 750 2654 libris
772 2590 904 2675 optimis
926 2609 1001 2677 pug.
1027 2587 1125 2656 1357.
1151 2587 1181 2656 9.
1206 2604 1335 2656 rouvre·

144 2711 199 2784 λῆς
232 2709 258 2774 δ’
290 2707 324 2786 ἦν
355 2711 413 2787 μὲν
444 2709 508 2792 peip
539 2703 617 2784 ῆσοιι
640 2711 786 2790 ἐλεύθεροι
811 2710 864 2776 xo>
889 2709 1074 2792 μικρολόγοι.
1122 2709 1199 2776 Dent
1220 2731 1335 2798 nempe
1462 2689 1466 2708 ’

143 2835 177 2896 in
206 2837 315 2898 vetere
346 2829 464 2900 Godiee
490 2816 1016 2908 Merseocoueneueeoor,
1045 2829 1081 2896 id
1112 2836 1159 2895 est
1182 2839 1334 2912 Μεριρορ

46 2997 47 3002 =
143 2954 342 3034 ἀνελεύθεροι.
386 2951 519 3022 Lineole
551 2955 586 3018 in
614 2941 815 3018 ΜέΓΑΡΗο
836 2971 954 3020 nomen
976 2971 1043 3018 esse
1065 2953 1230 3038 proprium
1253 2943 1335 3018 indi-

142 3075 243 3142 eubut.
290 3073 421 3161 Opinati
444 3079 520 3142 sunt
541 3094 609 3140 esse
632 3073 671 3139 de
693 3093 782 3139 more
805 3093 862 3159 pro
885 3073 993 3140 litters
1014 3071 1045 3140 N
1068 3073 1206 3157 positam
1229 3078 1262 3138 et
1289 3075 1335 3140 sio

139 3197 197 3276 μὲν
220 3195 284 3276 γὰρ
309 3191 386 3270 ἦσαν
409 3195 554 3276 ἐλεύθεροι
577 3200 690 3263 netum
715 3199 773 3262 est.
818 3193 915 3262 Vides
937 3198 1030 3260 vetus
1053 3201 1207 3274 Μεγαρῆς
1230 3196 1265 3260 in
1282 3195 1334 3262 his

140 3325 211 3386 tuto
240 3317 342 3386 lutere
373 3324 405 3385 et
435 3321 481 3386 sie
511 3317 638 3386 salvum
668 3318 708 3384 ed
736 3337 795 3384 nos
819 3319 983 3403 pervenire
1005 3319 1156 3404 potuisse.
1202 3316 1335 3382 Accedit

139 3441 278 3507 alterum
308 3438 465 3506 indicium
496 3460 569 3528 pog.
605 3437 705 3506 1³77.
740 3437 769 3506 3.
801 3439 858 3506 ubi
882 3435 904 3503 S
927 3437 1057 3504 exhibet
1080 3451 1244 3511 ολιοτοιηο
1265 3437 1333 3503 sine

140 3568 272 3628 aooentn
293 3581 350 3647 pro
371 3568 557 3633 Πλοοτοιιεῖς.

183 3681 255 3749 Ηοο
283 3685 387 3770 igitur
415 3681 534 3748 indicio
557 3681 632 3746 freti
650 3680 820 3750 reddemus
842 3679 1050 3748 Demostheni
1072 3679 1192 3764 ubique
1214 3677 1332 3744 formes

141 3803 196 3870 hes
226 3807 419 3889 antiquiores
450 3809 570 3880 Φωκῆς,
602 3803 777 3888 henniis,
808 3808 990 3876 Πλοοοιιῆς,
1023 3805 1207 3878 litaretis,
1240 3808 1330 3864 Πλοι-

144 3929 232 3998 οοιιὶς
275 3930 308 3990 et
349 3927 421 3989 sim.
466 3943 544 4009 ques
585 3923 706 3994 indooti
740 3923 861 3992 soribee
893 3922 958 3990 fere
993 3921 1145 3988 redioitus
1178 3921 1330 4006 exstirpa-

141 4051 259 4111 verum.

181 4165 331 4232 Alterum
361 4164 546 4251 exemplum
573 4170 715 4232 serretm
746 4166 781 4232 in
802 4168 930 4232 vetusto
952 4160 1068 4230 mendo
1092 4163 1240 4250 untiquee
1262 4161 1327 4232 leo·

140 4290 234 4354 tionis
263 4289 419 4372 reperitur
448 4307 522 4374 pag.
560 4284 659 4354 1385.
691 4286 723 4352 2.
755 4281 801 4352 ὅτι
833 4284 958 4360 nistros
985 4290 1034 4357 οῆι
1059 4283 1178 4365 {retias
1203 4298 1328 4350 οιλοοιοιο

139 4413 241 4492 ἱερεῖον
270 4409 397 4474 θύσειεν.
441 4407 605 4478 Librarius
636 4406 714 4492 quid
735 4411 817 4474 esset
846 4413 1031 4474 AAtthtc
1053 4423 1116 4472 non
1138 4406 1327 4490 exputobot:
