3404 5192
805 675 861 744 VI.

730 886 946 954 ’affricam

289 1093 404 1161 Tribus
433 1097 467 1160 in
497 1094 640 1162 Homero
673 1096 751 1164 locis
777 1098 946 1190 Betthorus
976 1099 1077 1165 edidit
1110 1099 1221 1166 ἔεαδεν.
1266 1101 1359 1167 Iliad.
1395 1109 1429 1170 Ξ.

246 1199 322 1266 340.
346 1205 378 1267 et
400 1213 434 1267 P.
460 1199 536 1269 647.
562 1208 595 1268 et
617 1202 728 1290 Odyss.
756 1215 794 1270 Π.
820 1204 875 1271 28.

563 1355 568 1372 .
605 1310 674 1376 ἐπεί
697 1310 730 1375 νύ
754 1334 799 1377 σα
824 1310 925 1376 ἔεαδεν
948 1313 1028 1388 εὐνή.

607 1413 676 1480 ἐπεί
698 1417 731 1482 νύ
755 1440 801 1482 σα
825 1417 927 1483 drudro
950 1416 1053 1490 οὕτως.

606 1517 644 1592 ὦς
667 1521 730 1603 γαρ
753 1523 787 1586 νύ
811 1547 856 1588 σα
880 1522 963 1589 ἓεαδε
988 1525 1082 1604 θυμῷ.

245 1630 282 1690 ut
311 1645 367 1710 pro
396 1626 549 1692 tribrachi
575 1631 624 1692 ter
653 1627 800 1715 dactylus
830 1636 1002 1715 reponatur
1032 1630 1197 1718 geminato
1232 1630 1430 1718 digammate

244 1731 445 1796 scribendum
468 1730 600 1810 ἕπαδεν,
624 1734 706 1798 unde
729 1734 839 1799 εὔαδεν
859 1742 966 1800 ortum
986 1741 1051 1814 est,
1072 1743 1110 1800 ut
1129 1734 1281 1812 καυάξαις
1301 1757 1340 1802 ax
1361 1761 1431 1801 καε·

243 1834 359 1911 εαξαις·
378 1842 410 1902 et
431 1836 583 1915 αὐέρυσαν
605 1859 662 1924 pro
685 1839 844 1919 ἐπέρασαν
869 1846 901 1905 ct
924 1841 1053 1923 αὐίαχα
1077 1857 1134 1927 pro
1158 1843 1314 1921 αἱπίαχα,
1341 1845 1430 1906 simi·

243 1941 349 2027 licque
373 1944 546 2029 complura.
593 1945 688 2030 Apud
711 1943 912 2033 Hesychium
934 1952 1006 2032 post
1029 1949 1164 2028 Λύΐαχα
1188 1948 1325 2034 legitur:

561 2051 725 2116 Αὖῖδὲσσυι
750 2053 907 2133 ἀφανοῦς,
932 2051 1072 2131 ἀοράτου.

243 2153 327 2217 nihil
356 2153 446 2222 aliud
477 2159 525 2222 cst
556 2178 652 2242 quam
680 2157 847 2235 ceratas,
882 2159 965 2243 quod
993 2159 1168 2225 formatum
1192 2162 1299 2225 estut
1322 2156 1428 2237 stacta·

245 2282 349 2332 πετος.

801 2531 882 2648 m,

447 2797 564 2856 AFHN
588 2827 629 2840 -
656 2798 844 2871 ΔἙΕΙΟΑΙ,
870 2801 1026 2874 ΔἙΕΟΟ,
1052 2799 1223 2861 neam.

288 2997 463 3086 Digamma
493 3022 593 3086 quum
624 3004 668 3067 sit
696 3004 798 3067 attero
820 3003 937 3088 liquida
959 3005 1061 3067 mutis
1085 3003 1276 3088 quibusdam
1299 3001 1428 3067 subiun-

244 3105 341 3192 gitur.
390 3107 483 3191 Apud
514 3106 694 3173 Homerum
725 3109 855 3193 quidem
887 3111 921 3173 in
953 3108 1076 3174 duobus
1105 3113 1233 3174 tantum
1264 3106 1429 3173 vocabulis

243 3208 365 3295 liquido
388 3218 517 3298 apparot
540 3213 705 3301 digamma
727 3213 838 3280 literae
863 3223 890 3278 Δ
913 3215 1009 3279 fuisse
1028 3215 1242 3279 subiunctum.
1280 3212 1428 3277 Primum

243 3315 277 3378 in
300 3325 436 3394 ΔἙΗΝ,
458 3317 542 3402 quod
561 3319 669 3403 ubiqrce
689 3321 756 3385 sine
770 3317 838 3384 nlla
853 3322 1036 3404 exceptione
1049 3320 1287 3386 antecedentem
1298 3319 1427 3384 brevem

243 3424 398 3505 positione
420 3423 580 3509 producit,
604 3425 698 3489 utin

582 3529 709 3608 μίνυνθα
732 3552 789 3610 περ
811 3530 875 3598 οὔτε
899 3531 994 3607 μάλα
1017 3529 1092 3606 dato.

286 3645 326 3701 A.
352 3633 429 3702 416.
452 3643 495 3702 Ν.
521 3633 597 3703 673.
621 3660 658 3717 χ.
684 3633 750 3702 473
774 3641 806 3702 et

622 3721 631 3734 ¹
672 3742 732 3806 οὐδ’
756 3741 804 3820 ἄρ’
829 3741 870 3806 ἔνι
895 3741 970 3818 δεήν.

289 3855 324 3914 z.
350 3847 424 3914 139.
451 3857 478 3913 Θ
516 3846 592 3914 126.
617 3859 659 3914 Ψ.
683 3846 759 3913 690.
783 3848 819 3927 β.
845 3846 1000 3913 36296.
1026 3843 1101 3912 397.
1127 3868 1153 3926 ρ.
1180 3843 1232 3912 72.
1256 3850 1288 3911 et
1311 3845 1371 3910 οὐδ’
1392 3843 1430 3909 ἂν

244 3951 288 4019 ἔτι
313 3955 378 4030 duta
401 3965 439 4020 T.
464 3951 542 4019 426.
563 3959 595 4020 et
614 3952 693 4018 αὔτα
713 3951 757 4017 ἔτι
776 3952 852 4026 driu.
874 3959 906 4018 ct
925 3953 991 4019 οὐδὲ
1011 3952 1076 4028 δαΐα
1097 3961 1135 4016 Π.
1157 3949 1233 4018 736.
1254 3956 1286 4016 st
1306 3974 1330 4015 ε.
1353 3950 1428 4019 127.

288 4059 436 4126 Alterum
465 4059 648 4145 exemplum
682 4075 707 4123 Δ
741 4062 774 4123 et
804 4066 830 4124 F
860 4060 1098 4124 coniunctorum
1131 4061 1180 4122 est
1202 4058 1236 4120 in
1259 4055 1430 4123 Homerico

245 4166 340 4232 verbo
370 4166 478 4232 δείδια.
525 4163 729 4242 scribebatur
759 4163 837 4229 olim
864 4162 1013 4240 ἔδδεισεν,
1046 4161 1243 4239 ὑποδδείσας,
1269 4160 1373 4235 ἀδδεές
1398 4167 1430 4228 et

244 4271 373 4338 similia.
410 4271 612 4337 Aristarchus
635 4273 669 4334 in
689 4271 739 4335 his
757 4290 857 4334 unum
878 4273 1005 4334 tantum
1027 4267 1245 4333 ascribebat.
1280 4266 1431 4336 Scholion

244 4377 284 4442 ud
308 4387 347 4443 Θ.
373 4373 450 4443 423.
474 4376 590 4450 ridete
615 4374 654 4441 δι’
680 4375 742 4448 ἑνὸς
769 4383 797 4438 Δ
817 4374 1010 4455 ’ΛρΙε-αρχας.
1034 4378 1067 4440 ct
1090 4373 1131 4440 ad
1155 4383 1192 4439 Ο.
1220 4371 1295 4438 123.
1326 4398 1430 4456 περι-

245 4480 419 4549 δείσασα
449 4481 500 4548 διδ
524 4486 577 4549 τοῦ
602 4481 701 4562 ἑτέρου
725 4496 751 4545 Δ
778 4480 981 4563 'triremem
1004 4485 1037 4547 et
1060 4480 1110 4546 ad.
1134 4490 1175 4545 Ψ.
1200 4477 1277 4546 417.
1301 4478 1353 4546 δαὶ
1376 4485 1429 4550 τοῦ
