3404 5192
753 389 817 464 291

502 585 682 656 Ἄτλαντος
706 584 844 664 όνγότηρ
869 581 1054 666 ὀλοόφρονος.

184 689 319 754 coniecit
347 689 453 754 nescio
483 691 554 772 quis
584 688 767 772 όλοόφρΩΝ
799 710 867 757 ease
896 690 1098 758 scribendum
1131 696 1163 758 et
1192 691 1376 757 annotavit:

185 793 365 872 ἐγέγραπτο
377 793 463 858 κατόν
476 795 531 868 τὴν
543 796 682 875 όρχαίαν
694 799 821 878 γραφὴν
836 805 1073 862 ΟΛΟΟΦΡΟΝ
1087 800 1156 883 (pro
1168 795 1373 880 όλοόΦρΩΝ).

185 895 257 964 είτοί
286 922 333 972 τις
361 901 405 977 μη
436 901 544 975 νοήσας
576 902 740 981 προσέόηκε
771 901 806 967 τό
834 911 900 967 OC.
925 902 1019 968 etad
1042 902 1156 992 Odyss.
1180 920 1210 968 λ.
1236 903 1311 969 275.
1337 910 1376 984 τῇ

185 1005 308 1086 οόρχαίρι
346 1006 485 1089 σονηόείρι
520 1005 699 1088 ἐγέγραπτο
728 1016 874 1074 ΜΕΤΕΡ
907 1007 976 1072 clari
1010 1013 1062 1073 τοῦ
1094 1017 1256 1076 ΜΗΤΗΡ.
1285 1010 1376 1073 τοῦτο

184 1111 341 1189 ἀγνοήσας
366 1137 413 1185 τις
436 1111 599 1192 προσέθηκε
622 1114 657 1179 τό
681 1125 720 1182 A.
746 1119 778 1181 ct
802 1115 889 1180 dedit
913 1113 1047 1195 μητέρα.

231 1216 357 1282 Addam
377 1217 518 1284 similem
538 1221 714 1287 Aristarchi
734 1219 1060 1306 animadversionem,
1081 1220 1121 1286 ad
1139 1219 1231 1287 lliad.
1243 1229 1286 1285 A.
1300 1216 1376 1286 104.

366 1321 388 1386 ol
410 1325 481 1390 ποτ’
505 1322 677 1407 Ἀχιλλεὺς
691 1327 811 1402 -δίδη
836 1325 983 1406 μόσχοισι
1008 1325 1166 1406 λόγοισιν·

186 1427 376 1494 adscribitur
410 1451 449 1496 ax
482 1432 678 1499 Aristonico:
711 1437 728 1510 ἡ
760 1435 854 1510 διπλῆ
889 1432 1108 1515 περιεστιγμένη
1137 1427 1183 1498 ότι
1215 1430 1377 1510 Ζηνόδοτος

187 1534 305 1616 γράφει
336 1537 411 1601 ‘'ON
443 1539 513 1622 (pro
541 1535 617 1623 Ὦ).
648 1540 770 1618 μήποτε
799 1540 830 1606 δέ
854 1538 1056 1613 πεπλάνηται
1079 1536 1301 1620 γεγραμμένου
1325 1539 1378 1601 τοῦ

188 1651 215 1706 O
238 1642 291 1706 ὑπ’
316 1643 472 1722 οίρχαιάἥς
496 1645 654 1719 σημασίας
677 1646 746 1712 αντὶ
771 1651 824 1711 τοῦ
851 1654 886 1711 Ω
908 1644 1044 1725 προσόεὶς
1069 1644 1104 1709 τό
1123 1651 1165 1709 Ν.
1188 1644 1252 1710 Pro
1275 1665 1378 1722 σημα·

187 1746 258 1819 σίας
289 1749 323 1814 in
355 1748 512 1815 Mnemos.
538 1746 636 1816 1873.
660 1772 734 1839 pag.
761 1750 813 1816 37.
840 1752 1038 1839 corrigebam
1061 1751 1240 1827 συνηθείας.
1264 1753 1380 1817 imme·

186 1873 258 1918 mor
287 1852 413 1920 Lohrsii
442 1859 477 1918 de
506 1858 544 1921 Α.
575 1857 605 1921 S.
639 1856 681 1920 Η.
713 1878 786 1944 pag.
822 1854 898 1923 372.
931 1859 987 1942 qui
1017 1859 1159 1943 apposite
1183 1877 1330 1942 compara
1354 1858 1379 1921 ‘t

187 1958 363 2024 Aristarchi
386 1963 495 2024 notam
518 1962 551 2024 in
575 1959 702 2027 Scholio
726 1963 766 2027 ad
789 1961 919 2026 Pindar.
944 1962 1029 2027 Nem.
1054 1961 1078 2026 Ι.
1105 1960 1165 2028 34:

324 2063 466 2144 λέλογχε
489 2065 522 2131 δὲ
545 2066 759 2148 μεμφομένοις
783 2069 896 2133 aroc
920 2065 995 2148 ὕδωρ
1019 2069 1126 2149 καπνῷ
1150 2067 1263 2150 Φέρειν.

189 2168 417 2236 καταλείπεται
453 2170 483 2235 δέ
519 2181 558 2254 τῇ
595 2173 718 2256 όρχαίρι
752 2173 896 2258 σημασίης
929 2173 964 2238 τό
1000 2174 1122 2239 ἐσλοῦ.
1158 2175 1174 2249 ἧ
1205 2173 1268 2254 γόιρ
1296 2175 1381 2241 οόντί-

189 2281 298 2356 τροΦος
322 2276 438 2357 ότητα
461 2278 496 2343 τὸ
517 2287 543 2342 Τ
565 2278 739 2361 (έσλΟΤΟ,
763 2279 847 2364 quod
867 2299 886 2344 a
904 2284 1006 2345 metro
1024 2279 1207 2365 postulatur
1224 2280 1380 2367 hodieque

188 2380 332 2469 legitur.)
352 2382 463 2468 Itaque
487 2385 646 2459 σημασίας
667 2404 730 2451 non
750 2389 817 2451 erat
836 2386 1034 2472 tangendum
1054 2386 1109 2452 sed
1128 2385 1205 2451 ‘sn'
1225 2387 1379 2468 ἀρχαϊκῆς

189 2490 348 2566 σημασίας
372 2491 487 2555 vitiose
512 2490 636 2556 dictum
659 2496 707 2556 eat
729 2510 786 2576 pro
809 2491 884 2556 'GH’
908 2492 1077 2571 ἀρχαϊκῆς.
1113 2491 1179 2557 Diu
1201 2498 1273 2578 post
1295 2495 1381 2558 Aris·

188 2595 337 2660 tarchum
371 2595 569 2678 Ἀλέξανδρος
604 2598 618 2663 ο·
649 2597 805 2670 Κοτωαεός
840 2618 879 2662 ex
910 2597 1055 2664 eiusdem
1087 2598 1134 2662 rei
1164 2597 1382 2666 observatione

189 2703 332 2768 restituit
353 2701 461 2768 locum
484 2705 519 2767 in
543 2702 634 2768 Iliad.
661 2711 693 2769 Ξ.
719 2701 797 2768 241.

461 2810 504 2889 τῷ
529 2833 579 2873 κεν
603 2809 785 2889 ἕτισχοῖΕΟ
808 2809 955 2888 λιπαροὺς
979 2807 1089 2881 πόδας.

189 2911 232 2993 τῷ
268 2913 491 2992 έπίσχοιμι
527 2914 656 3002 (inquit)
693 2913 856 2979 οίαόλονόόν
892 2915 936 2982 εἐι
972 2914 1008 2978 τό
1049 2912 1262 2995 ε’πίσχοις,
1297 2925 1381 2982 Tm

191 3018 222 3083 di
261 3019 481 3099 έπισχοίην
516 3029 575 3084 ΤΟ
612 3022 671 3104 (sic
707 3017 815 3106 scrib.)
852 3020 1092 3101 ἐπισχοίης.
1129 3021 1181 3084 καί
1218 3019 1289 3095 ίσας
1324 3020 1383 3090 ἔδει

189 3121 284 3196 οὕτως
308 3122 401 3207 ἔχειν.
426 3135 680 3194 ΠΑΡΘΦΘΑΡΗ
704 3127 735 3192 δὲ
760 3125 818 3190 ὑπό
841 3131 900 3190 τῶν
924 3125 1315 3206 μεταχαραατιρρισοίντων.

236 3229 429 3297 Etiamnunc
449 3253 488 3298 ax
509 3233 658 3320 diligenti
679 3232 776 3298 huius
792 3233 838 3296 rei
857 3232 1076 3298 observatione
1096 3233 1186 3298 crisis
1204 3234 1383 3300 carminum

190 3337 436 3404 Homericorum
462 3337 578 3405 multis
600 3338 705 3403 modis
728 3338 873 3404 adiuvari
896 3341 1011 3423 potest.
1047 3336 1084 3400 ln
1106 3341 1237 3423 promtu
1260 3357 1384 3424 semper

190 3439 373 3510 habendum
402 3447 437 3509 in
467 3463 530 3528 quo
557 3465 671 3531 genera
694 3445 849 3508 vitiorum
872 3445 898 3507 cl
923 3443 1298 3522 μεταχαραατηρίσαντες
1323 3445 1385 3508 im·

190 3553 336 3637 pegerint
367 3552 585 3635 potissimum,
618 3555 650 3616 et
681 3553 726 3615 sic
757 3551 883 3635 saepius
913 3554 969 3614 ant
998 3569 1075 3614 vara
1100 3547 1194 3614 lectio
1218 3547 1385 3636 effulgebit

191 3659 247 3719 ant
269 3653 448 3720 emendatio
468 3651 716 3720 confirmabitur.
748 3652 907 3721 Oonfnndi
926 3658 1074 3739 poterant
1093 3657 1125 3719 et
1144 3654 1290 3720 anasse
1310 3659 1385 3721 sunt

191 3759 314 3826 vocales
333 3761 497 3825 brovesac
515 3759 630 3847 longae
653 3769 731 3824 6-
748 3769 901 3837 ΕΙ-Η,
923 3767 1205 3838 ο-ΟΤ-Ω,
1230 3769 1383 3826 ΕΙ-ΗΙ

192 3875 224 3934 et
256 3874 356 3930 01-
370 3874 433 3931 ΩΙ.
469 3865 560 3946 Quod
589 3865 729 3932 Homero
751 3865 852 3932 semel
875 3871 907 3932 at
930 3867 1049 3930 iorum
1072 3865 1271 3932 reddidimus
1293 3863 1383 3931 πόλιν

191 3981 361 4038 ΤΡΩΙΗΝ
385 3971 515 4056 (Τρῳην)
539 3991 596 4057 pro
619 3973 747 4052 Τροίην,
770 3973 828 4038 ubi
850 3971 1054 4038 Aristarchus
1078 3969 1291 4058 τρισυλλάβως
1313 3991 1384 4037 con·

191 4087 241 4146 tra
271 4079 450 4165 analogiam
481 4078 591 4156 Τροΐην
620 4079 808 4163 reponebat,
834 4077 925 4144 vides
948 4078 1095 4161 quaesit
1118 4078 1383 4164 veteriacorrup·

191 4186 273 4252 telae
296 4187 385 4273 origo
409 4189 442 4250 at
464 4204 567 4250 causa.
591 4182 670 4250 Erat
693 4185 779 4249 enim
801 4184 835 4248 in
857 4182 949 4248 libris
972 4184 1110 4250 vetustis
1136 4191 1306 4248 TPOIeN.

235 4290 352 4357 Editur
374 4311 458 4356 nunc
480 4289 572 4356 Iliad.
598 4299 637 4355 H.
663 4288 740 4355 238.

569 4404 706 4473 νωμῆσαι
731 4395 794 4472 βῶν
818 4391 983 4474 Ἀζαλέην.

192 4503 370 4591 Didymus:
405 4511 543 4580 νωμῆσαι
574 4501 655 4579 licia:
686 4497 779 4571 ciros
803 4499 837 4564 αἱ
861 4497 1048 4581 ’Λριτοίρχοω
1072 4508 1167 4566 ΒΩΝ
1191 4500 1247 4568 σὺν
1270 4503 1312 4583 τῷ
1335 4511 1385 4580 Ν,
