3392 5186
785 391 851 462 403

219 587 274 650 tur
307 588 340 648 et
371 603 424 646 ειιο
453 580 523 648 loco
553 581 650 668 positi
677 585 709 647 et
731 603 807 648 cum
830 585 878 649 rei
900 586 1015 650 natura
1036 582 1167 649 omnino
1193 587 1410 671 congruentes.

219 688 257 754 In
280 689 412 754 caeteris
434 686 513 753 locis
535 691 641 754 nescio
661 689 738 773 quid
761 693 862 756 coacti
880 690 999 756 habent
1017 696 1050 755 et
1068 677 1303 776 intempestivi,
1322 707 1411 773 pree-

219 797 331 861 sertim
353 796 388 858 in
411 791 460 857 Od
499 819 529 860 α.
556 795 614 860 ubi
638 796 767 860 corrosit
788 798 894 861 nescio
918 799 1006 881 quis:

355 899 444 964 οίλλύι
468 899 507 966 σύ
530 905 564 979 γ’
589 902 769 966 εἰσελθοῦσα
792 903 835 968 τοὶ
860 907 888 967 τ’
912 903 1010 978 αὐτῆς
1030 902 1123 984 τέρμα
1145 900 1262 986 κύμιζ.

220 1009 252 1071 et
274 1026 322 1071 vs.
349 1002 425 1069 360.

355 1111 373 1185 ἦ
396 1110 453 1187 μὲν
478 1109 673 1187 θαμβήσασα
698 1109 795 1177 πύλιν
819 1112 1056 1193 θοίλαμίνδε
1079 1114 1225 1192 βεβήκει.

218 1235 275 1301 pro
306 1215 403 1281 ποίλιν
432 1212 558 1281 τοίκθνδε
589 1216 738 1296 βεβήκει,
769 1221 933 1302 quoniam,
958 1225 996 1285 ut
1020 1222 1083 1304 ait,
1107 1220 1237 1302 ληρῶδες
1260 1218 1331 1286 οίκοι
1354 1222 1410 1296 την

218 1321 397 1398 Πηνελόπην
426 1316 519 1388 οὖσαν
554 1324 800 1404 προστοίσσεσθαι
838 1322 941 1390 οίιιαδε
976 1326 1140 1403 οὶπελθείν,
1176 1327 1260 1411 quod
1293 1326 1411 1414 frigido

220 1427 362 1493 confutat
385 1427 501 1513 aliquis
527 1428 566 1494 ds
588 1449 645 1494 suo
670 1435 870 1495 commentus
893 1433 932 1504 ύς
955 1431 1092 1511 Ὅμηρος
1117 1432 1169 1496 τὸν
1200 1427 1306 1497 οίκον
1335 1431 1411 1496 ποτὲ

220 1541 347 1616 μερικῶς
379 1533 541 1612 λαμβοίνει
573 1535 624 1600 ἐπὶ
652 1539 706 1600 τοῦ
731 1536 872 1617 ἀνδρῶνος
896 1536 914 1611 ἢ
938 1543 993 1611 τῆς
1017 1535 1273 1615 γυναικωνίτιδος.
1307 1535 1413 1602 Veris·

219 1643 301 1707 sime
332 1639 415 1706 dixit
444 1638 558 1707 Strabo
590 1641 710 1708 alicubi
740 1643 766 1708 οί
794 1642 1013 1724 γραμματικοί
1037 1645 1263 1724 εύρεσιλομοῦσι
1285 1644 1410 1721 μᾶλλον

221 1747 239 1821 ἢ
264 1747 370 1812 λύουσι
393 1745 436 1812 τοὶ
459 1745 644 1829 ζητούμενα.
691 1746 776 1828 Quid
799 1746 1020 1814 Aristarchus?
1043 1750 1150 1814 οὶθετεῖ
1167 1747 1291 1827 ἄμεινον
1309 1747 1411 1827 λε’ροιν

220 1852 333 1925 αύτούς
358 1849 442 1934 ἔχειν
465 1853 497 1917 ἐν
519 1852 628 1920 Ἰλιοίδι
652 1854 704 1919 καί
731 1854 761 1918 ἕν
784 1863 823 1938 τῇ
848 1852 953 1939 τοξείᾳ
977 1861 1035 1921 τῶν
1059 1856 1166 1936 ηρύων.
1203 1855 1308 1934 Quam
1327 1853 1410 1920 nihi]

219 1961 265 2024 sic
288 1956 433 2044 proficias
455 1957 563 2044 palam
586 1964 642 2025 est.
957 1969 960 1976 '
1079 2045 1080 2048 Ἴ

267 2064 393 2130 Addam
418 2063 520 2130 alium
543 2064 651 2130 locum
674 2068 707 2130 et
730 2065 925 2151 exemplum.
960 2065 1092 2132 Duobus
1114 2069 1150 2132 in
1172 2064 1314 2154 Odyssea
1335 2064 1414 2132 locis

220 2194 254 2248 y.
282 2172 321 2235 71
347 2175 380 2236 et
403 2195 424 2236 ι.
451 2169 530 2236 252.
555 2169 709 2257 leguntur
731 2171 766 2234 hi
789 2170 997 2256 pulcherrimi
1018 2191 1144 2239 versus:

275 2257 288 2278 ⁸
356 2271 377 2340 ὦ
401 2273 510 2353 ξεῖνοι,
536 2275 616 2347 τίνες
640 2263 720 2360 tet}
734 2275 824 2340 πύθευ
848 2278 951 2342 πλεῖθ’
977 2278 1056 2358 ὑγροὶ
1082 2279 1227 2356 κίλευθα;

358 2375 376 2454 ἦ
398 2405 428 2447 τι
453 2380 539 2446 καπθι
563 2381 669 2461 πρῆξιν
694 2375 713 2455 ἦ
734 2383 890 2463 μαψιδίως
915 2384 1075 2459 οθλοίλησθε

359 2483 408 2552 οίοί
430 2513 466 2552 τε
490 2491 630 2569 ληίςῖιρες
656 2487 742 2570 ύπείρ
767 2486 851 2568 θίλα;
877 2489 925 2554 τοί
946 2489 978 2554 τ’
1002 2489 1154 2556 οίλθωνται

356 2592 469 2673 ψυχας
492 2592 673 2675 παρθέμενοι
698 2595 792 2661 κακδν
814 2595 1020 2662 οὶλλοδαποῖσι
1044 2595 1204 2678 Φθροντες;

267 2698 470 2764 Dissentiunt
490 2699 528 2764 ds
549 2700 652 2765 tribus
669 2700 797 2766 ultimis
814 2703 960 2768 versibus
978 2703 1205 2788 Aristophanes
1224 2706 1257 2767 et
1275 2701 1412 2783 Arister-

219 2804 305 2870 ohus.
353 2803 523 2870 Retinebat
554 2825 606 2871 cos
635 2806 861 2892 Aristophanes
887 2811 921 2872 in
950 2811 1046 2874 tertio
1076 2808 1177 2884 libro,
1208 2808 1413 2896 expungebat

220 2912 255 2974 in
277 2930 377 2987 nono,
400 2909 603 2975 Aristarchus
627 2915 744 2976 contra.
782 2910 865 2977 Sunt
887 2915 922 2977 in
945 2921 1079 2998 utroque
1102 2913 1171 2980 loco
1191 2913 1412 3000 difficultates,

221 3036 299 3101 quas
320 3015 523 3081 Alistarchus
542 3014 670 3081 elevans
690 3015 789 3081 δοτέον
808 3015 858 3094 δέ,
878 3021 1001 3102 inquit,
1022 3020 1063 3099 τῷ
1083 3029 1191 3101 ποιητῇ
1211 3019 1253 3084 τοὶ
1265 3023 1412 3104 τοιαῦτα,

221 3123 256 3186 in
285 3121 357 3187 aliis
389 3122 528 3187 severior
554 3125 587 3185 et
609 3120 693 3186 nihil
716 3124 828 3187 venias
851 3122 978 3188 habens.
1029 3122 1120 3203 Quod
1143 3123 1182 3189 de
1203 3124 1414 3209 praedonibus

221 3228 299 3293 dicit
320 3224 456 3314 Cyclops
475 3226 522 3292 τοί
541 3225 569 3290 τ’
593 3224 745 3291 ύλθυνται
769 3228 881 3308 ψυχὰς
906 3228 1112 3308 παρθέμενοι,
1134 3228 1168 3293 id
1192 3234 1240 3294 est
1262 3229 1411 3309 παραβα·

221 3332 343 3412 λθμενοι
371 3334 423 3399 καί
447 3332 665 3404 κινδυνεύοντες
690 3334 756 3413 περί
782 3341 838 3407 τῆς
863 3337 992 3415 ψυχῆς,
1015 3355 1077 3399 non
1101 3333 1139 3398 do
1162 3333 1240 3399 belii
1262 3335 1412 3419 periculis

224 3439 445 3527 accipiendum
475 3439 530 3504 sed
559 3438 598 3503 ds
628 3438 801 3524 supplicio,
828 3459 891 3524 quo
911 3442 997 3524 capti
1021 3439 1253 3518 afficiebantur,
1277 3440 1332 3506 sed
1355 3461 1414 3505 un·

224 3545 338 3611 denam
358 3545 490 3610 huiusce
507 3547 555 3610 rei
576 3543 776 3631 Polyphemo
795 3543 933 3610 notitia?
956 3544 1042 3611 Mihi
1062 3543 1192 3630 quidem
1213 3546 1325 3610 eximii
1345 3566 1414 3611 ver·

223 3672 277 3716 sus
308 3671 409 3736 nsque
432 3650 492 3716 hoc
514 3649 584 3716 loco
605 3670 708 3735 neque
730 3650 788 3715 ilio
810 3651 878 3715 cati
899 3651 1066 3730 videntur,
1094 3650 1149 3716 ssd
1173 3671 1212 3715 cr
1235 3652 1414 3735 antiquiore

223 3759 361 3823 carmine
384 3758 485 3822 sumti
507 3777 564 3841 per
585 3758 801 3822 imitationem
823 3761 856 3823 et
875 3757 939 3823 huc
958 3762 990 3823 et
1009 3756 1088 3822 iiluo
1106 3777 1170 3822 non
1187 3759 1256 3822 sine
1275 3755 1414 3841 quedem

224 3861 372 3929 molestia
394 3861 550 3927 translati.
1367 3939 1370 3946 ‚

268 3967 366 4033 Plura
388 3987 451 4034 non
474 3966 569 4052 addo,
593 3970 669 4052 quis
690 3966 769 4033 talia
791 3970 900 4035 omnia
923 3970 1035 4034 sentiri
1059 3973 1189 4053 possunt
1211 3968 1266 4034 sed
1286 3967 1414 4033 demon·

224 4073 319 4137 strari
349 4092 413 4137 non
443 4077 575 4158 possunt
604 4077 637 4138 st
665 4072 739 4140 nolo
762 4074 865 4141 videri
887 4072 975 4139 ultra
997 4071 1141 4162 Lycurgi
1164 4078 1303 4141 aetatem
1325 4074 1412 4141 inde-

225 4178 329 4266 gando
350 4177 519 4265 procedere
540 4175 634 4244 velle.
