3358 5200
741 351 781 418 31

145 551 244 612 runt.
291 545 400 632 Igitur
429 541 486 608 alii
515 564 624 610 omnes
657 541 893 620 συνεμβάλλειν
914 545 1142 628 rescripserunt
1167 545 1234 608 sine
1258 563 1352 608 sensu

148 659 186 718 et
209 652 233 718 S
253 672 418 738 perperam
436 649 488 714 εἰσό
507 650 653 714 additum
673 649 777 714 habet.
811 647 874 714 Sed
891 648 1090 726 συμβάλλειν
1111 653 1159 714 est
1175 649 1351 712 committere

151 758 199 824 ad
224 777 385 844 pugnam,
409 761 447 819 ut
470 775 562 838 saepe
584 752 790 832 ἀλεκτρυόνας
815 753 1015 832 συμβάλλειν
1034 752 1161 819 dicitur.
1186 752 1353 838 Expuncta

151 865 265 950 igitur
288 861 339 924 ε’τό
362 860 450 925 locus
473 880 568 924 sanus
591 865 639 924 est
662 865 694 924 et
716 858 788 924 luce
812 859 935 925 clarior.

208 1072 290 1160 Peg.
317 1070 370 1138 72.
394 1072 424 1136 2.
450 1073 482 1136 ού
507 1069 682 1150 Φυλοόξεσύ’
706 1065 805 1142 ὅπως.
838 1070 934 1150 ἔφην,
967 1073 1011 1148 μὴ
1036 1069 1172 1148 πολέμου
1194 1069 1353 1150 ζητοῦντες

154 1181 407 1256 devastantium
444 1178 594 1252 δεσπότην
629 1175 777 1257 εύρΗΤΕ.
833 1173 1065 1264 Corrigendum
1101 1198 1167 1242 esse
1201 1177 1352 1242 arbitror:

155 1281 245 1355 ὅπως
268 1286 313 1361 μὴ
337 1285 472 1358 πολέμου
503 1283 662 1364 ζητοῦντες
678 1284 888 1360 σόοιοελλσογῖρν
913 1282 1062 1358 δεσπότην
1085 1283 1236 1362 εὑρήσετε.
1274 1279 1355 1348 Con·

155 1394 295 1456 cinnum
325 1395 373 1454 est
400 1392 434 1454 in
466 1389 524 1454 tali
547 1411 580 1454 re
604 1409 720 1454 nomen
741 1391 865 1452 nomini
890 1408 1065 1473 opponere,
1091 1389 1222 1472 etquid
1246 1391 1354 1452 tritius

156 1517 262 1582 quam
293 1496 472 1572 οότολλοινὶρ
503 1493 656 1571 πολέμου,
693 1500 730 1558 ut
761 1513 834 1579 pag.
861 1492 938 1558 275.
965 1493 1019 1557 26.
1051 1497 1102 1558 ούκ
1137 1492 1170 1567 ἦν
1198 1499 1250 1558 τοῦ
1281 1496 1353 1572 πρὸς

156 1603 247 1678 ὑμᾶς
271 1601 404 1678 πολέμου
429 1604 525 1680 πόροις
551 1600 611 1664 οὐδ’
634 1600 815 1675 οὶσοιλλοιριὴ
841 1601 1003 1678 Φιλίππῳ,
1027 1599 1061 1663 id
1084 1604 1132 1664 est
1155 1619 1211 1664 nec
1232 1599 1354 1664 bellum

156 1705 313 1773 conficere
334 1713 458 1792 poterat
481 1728 538 1771 nec
560 1727 671 1791 pacem
695 1723 889 1788 componere.
926 1703 1093 1770 Praeterea
1116 1706 1272 1783 εύρήεθτε
1298 1726 1354 1790 pro

155 1811 268 1890 εὕρητε
291 1813 494 1878 scribendum
517 1815 667 1898 quoniam
687 1806 765 1881 ότως
785 1812 830 1885 μή
850 1814 1028 1874 constanter
1046 1831 1121 1873 cum
1139 1809 1247 1874 futuro
1268 1832 1353 1876 coru-

154 1921 305 2004 ponitur:
331 1919 479 1984 dicebant
502 1917 664 1998 Φοβοῦμοοι
688 1919 732 1994 μὴ
757 1914 845 1997 λοόβρ
868 1915 923 1980 sed
945 1916 1108 1998 φοβοῦμαι
1133 1911 1211 1988 darec
1236 1917 1280 1991 μὴ
1301 1918 1354 1992 λύ-

154 2031 270 2106 ψετοιι.
295 2025 523 2110 Aristophanes
545 2024 661 2108 Equis.
690 2021 764 2087 lll.

770 2127 862 2216 ,οἶσόορ
885 2133 938 2192 τοῦ
963 2127 1102 2204 δοιόμονος

390 2232 503 2313 δέδοιχ’
528 2230 607 2304 ότως
631 2235 675 2311 μὴ
698 2233 847 2312 τεύξομοοι
872 2233 1101 2310 κακοδαίμονος.

211 2445 306 2511 Levis
341 2466 426 2512 error
461 2445 607 2510 obscurat
639 2445 747 2511 locum
780 2467 852 2532 pag.
880 2444 932 2510 76.
958 2445 1011 2510 21.
1039 2447 1093 2509 οὐκ
1125 2444 1186 2513 ἕσιν
1216 2445 1295 2517 incr
1321 2450 1353 2510 οἱ

158 2553 284 2626 atrior,
316 2543 352 2624 dcc
380 2553 532 2622 Φίλιστος
563 2553 724 2626 airricus,
757 2552 826 2624 τοὺς
852 2552 924 2632 ὑπὲρ
947 2556 1004 2614 τῶν
1028 2551 1149 2616 δικαίων
1174 2554 1245 2632 πρὸς
1271 2555 1353 2629 ὑμεῖς

158 2659 319 2735 λέγοντας
355 2658 523 2722 κωλύσουσι
554 2658 748 2734 συμβούλους
782 2661 865 2732 ἡμεῖς
894 2659 1056 2735 γόνιεσύοοι
1089 2659 1161 2737 ὑπὲρ
1192 2665 1251 2724 τῶν
1283 2660 1353 2734 ὑμῖν

159 2765 391 2846 συμφερόντων.
442 2763 520 2843 Quis
549 2784 612 2828 non
642 2767 739 2828 scnt't
768 2766 813 2828 sic
838 2766 921 2838 ἡμᾶς
943 2763 1170 2829 molestissima
1192 2765 1265 2828 sede
1289 2787 1355 2830 esse

158 2867 378 2938 collocatum?
401 2867 464 2934 Sed
487 2867 575 2934 salva
599 2890 648 2934 res
676 2876 740 2934 est:
765 2871 1053 2953 interpunctionem
1077 2871 1171 2936 modo
1194 2873 1239 2934 sic
1262 2873 1356 2935 corri-

158 2993 240 3066 gas:
273 2967 311 3048 όος
336 2979 488 3046 Φίλιππος
513 2976 656 3038 sincerat
681 2976 750 3046 τοὺς
776 2974 849 3052 ὑπὲρ
872 2981 931 3038 τῶν
954 2975 1075 3038 δικαίων
1099 2975 1171 3054 πρός
1197 2977 1279 3052 ὑμᾶς
1305 2975 1355 3039 λέ·

158 3106 299 3162 γσντοις,
322 3083 386 3146 act.
407 3081 479 3147 Non
500 3083 681 3167 cogitarunt
694 3082 852 3144 σὶτιῖισόοιι
866 3079 1027 3164 duplicem
1039 3081 1124 3145 hunc
1137 3084 1355 3146 accusativum

160 3189 293 3254 habere.

211 3294 333 3360 Eadem
361 3293 516 3359 facilitate
538 3292 721 3359 emendabis
744 3292 852 3358 locum
874 3313 949 3379 pag.
974 3289 1028 3358 78.
1055 3293 1083 3356 1.
1109 3293 1146 3357 δι’
1163 3296 1354 3374 ’ἀμφοτέρων

161 3407 224 3466 τῶν
249 3398 405 3478 όνομοότων
427 3398 556 3480 ὁποτέρῳ
580 3398 618 3462 όιν
641 3399 755 3479 χρῆσθε
769 3400 873 3475 ὑμεῖς,
898 3395 984 3474 ἕξετε
1004 3400 1058 3473 τὴν
1078 3409 1175 3474 νῆσον.
1195 3404 1261 3466 imo
1281 3423 1356 3469 vero

163 3508 300 3588 ὁποτέρῳ
323 3505 362 3570 do
383 3508 515 3586 χρῆσθε,
541 3507 656 3582 ὑμεῖς
678 3501 764 3580 ἕξετε
788 3507 842 3578 τὴν
867 3510 964 3577 νῆσον.

213 3719 294 3806 Pag-
321 3714 374 3782 77.
399 3717 453 3782 20.
485 3716 517 3781 τό
544 3715 653 3781 κωλύει
677 3716 729 3781 aad
753 3715 782 3780 εἴ
804 3739 874 3780 τινοο
897 3723 952 3790 τῆς
977 3714 1124 3790 Ἀττικῆς
1148 3721 1240 3800 tarci
1265 3720 1357 3786 τόπον

165 3824 383 3901 καταλάβοιεν
408 3861 451 3872 -
476 3821 531 3887 κου’
554 3846 632 3895 τινες
661 3822 792 3893 τούτους,
815 3821 897 3908 [τοὺς
921 3821 1035 3904 tascie]
1059 3823 1238 3903 ἐκκόψειαν,
1271 3829 1357 3899 sada:

166 3933 220 3998 :cai
253 3930 306 3994 τόν
336 3927 428 3992 τόπον
457 3933 562 3993 τοῦτον
587 3925 634 4011 [ού
665 3925 742 4002 ἦσοιν
769 3930 793 3991 cl
819 3927 926 4013 λρςοοό]
955 3964 996 3974 -
1022 3933 1079 3990 τῶν
1103 3932 1359 4007 τιμωρησομένων

166 4037 240 4110 τοὺς
264 4034 364 4114 assde
389 4035 571 4111 νίνοεσόωις
596 4036 790 4122 Agnoscisne
813 4032 925 4097 stilum
946 4032 1092 4096 sutilium
1109 4035 1360 4121 magistrorum?

167 4143 292 4210 Audivi
322 4141 432 4204 virum
462 4139 673 4227 perelegantis
701 4141 823 4226 ingenii
855 4144 887 4204 et
913 4135 1032 4205 Graece
1062 4138 1247 4223 perdoctum
1270 4142 1359 4208 Pari·

167 4253 307 4316 alensem
332 4245 538 4331 professorem
562 4249 609 4310 ita
631 4246 805 4310 dicentem:
831 4245 859 4308 όο
872 4245 1026 4327 ρἰοροιιισνοό
1044 4246 1080 4307 dc
1099 4243 1224 4312 όοσοόόόο
1240 4248 1290 4311 νιόι
1300 4273 1361 4336 pao

167 4350 338 4420 όόιοόοσόόέ
364 4351 468 4438 quand
495 4351 522 4412 ic
551 4351 636 4432 οάρόό
667 4350 755 4414 σόύιοο
787 4349 895 4430 lorsque
925 4356 1024 4412 morte.
1072 4348 1233 4418 Lubenter
1262 4377 1300 4418 ex
1325 4377 1360 4421 eo

168 4460 384 4546 quaesiverim
415 4455 535 4522 nihilne
566 4477 641 4522 eum
674 4458 708 4521 in
738 4455 872 4542 vulgata
902 4453 1038 4520 offendat
1069 4460 1230 4542 possitque
1261 4479 1361 4547 aequo
