3410 5180
887 369 953 443 460

364 565 445 655 Peg.
470 563 524 632 60.
551 566 603 632 15.
628 568 704 632 ἀλλ’
728 567 819 633 droia
841 569 890 642 πίς
913 566 983 634 ποτ’
1007 566 1069 636 eeu
1092 563 1173 642 αὕτη
1200 565 1230 653 (ri
1256 565 1368 652 εἰρήνη)
1388 569 1432 646 μίρ
1452 591 1507 648 γε·

318 671 419 738 νένίαι
449 677 572 751 μᾶλλον
603 669 672 754 εἶχε
700 683 763 746 τοῖς
788 675 958 755 πριίγμαοι
982 672 1124 754 καιρδνιί
1152 672 1357 750 γεγενημένΗ
1380 678 1448 738 Νῦν
1472 674 1508 738 δι’

318 779 400 857 ὑμᾶς
433 779 568 856 λυθῆναι.
614 780 739 845 Diserte
770 778 851 846 inS
882 782 1038 865 scriptum
1064 778 1289 862 γενενιιμένΗ,
1312 777 1368 844 sed
1390 778 1509 846 elumst

319 887 507 970 compositio
537 884 600 950 loei
631 885 867 965 γεγενημένΗΝ
899 884 994 950 seribi
1025 889 1178 970 oportere.
1225 881 1271 948 Ut
1294 885 1382 948 enim
1405 887 1509 950 meni·

318 989 437 1056 festum
456 993 555 1056 estin
575 992 781 1070 phrenisim
801 989 970 1080 cogitando
985 988 1199 1076 supplendum
1219 1009 1286 1055 esse
1305 991 1360 1064 τίιν
1378 989 1506 1076 εἰρνίνιρν,

317 1095 429 1162 eedem
451 1096 544 1183 plene
567 1101 648 1164 ratio
671 1103 720 1164 est
741 1097 912 1166 verborum
936 1097 953 1173 ἢ
983 1093 1221 1174 γεγεννμένΗΝ
1245 1095 1382 1170 λυθῆναι.
1416 1095 1507 1162 hien-

318 1200 396 1266 dum
419 1207 526 1268 ortum
550 1225 589 1270 ex
611 1209 718 1271 vetere
741 1207 898 1290 scripture
921 1188 1279 1280 ysyeuueuiinru.

362 1411 442 1501 Peg.
468 1411 522 1479 61.
553 1410 605 1480 1'7.
637 1413 671 1479 πέ
699 1408 749 1479 οὖν
782 1414 919 1492 ἡγοῦμαι
950 1410 1100 1496 φοβερένς
1126 1447 1167 1458 -
1193 1407 1303 1496 [ὅπως]
1333 1413 1378 1492 μίι
1409 1413 1506 1488 κοινίιν

316 1515 473 1598 πρόφασιν
492 1555 537 1568 -
556 1519 571 1583 d
590 1517 714 1596 μέλλων
737 1518 872 1597 πόλεμον
896 1517 996 1598 λοίβρι.
1018 1515 1042 1582 S
1066 1517 1190 1582 omittit
1213 1512 1305 1592 ὅπως.
1357 1519 1440 1600 Quid
1459 1543 1506 1585 re-

306 1623 406 1709 fert?
430 1623 547 1688 dixerit
569 1623 703 1710 uliquis,
728 1630 760 1691 et
782 1624 929 1690 Editores
950 1620 1031 1697 ὅπως
1055 1625 1266 1690 retinuerunt.
1313 1623 1506 1711 Perpetem,

315 1733 353 1795 ut
375 1729 458 1794 mihi
490 1730 619 1815 quidem
648 1729 786 1798 videtur.
832 1731 956 1817 Nempe
979 1727 1064 1816 apud
1095 1727 1344 1794 Demosthenem
1370 1727 1450 1804 ὅποι
1473 1738 1506 1798 et

316 1829 396 1908 ὅπως
420 1837 484 1921 μή,
513 1841 552 1901 ut
579 1858 675 1923 supro
703 1835 861 1916 vidimus,
896 1857 971 1903 oum
990 1836 1107 1923 futuro
1137 1838 1355 1921 componitur,
1379 1843 1506 1923 etpost

314 1941 412 2007 verbe
432 1942 582 2008 νννοίιοονιοί
602 1948 659 2010 aut
679 1943 724 2022 μή
747 1964 823 2009 eum
846 1942 1031 2008 oonimrrtiuo
1054 1944 1111 2007 eut
1134 1938 1214 2012 ὅποι
1237 1941 1283 2018 μή
1302 1963 1378 2008 oum
1387 1944 1505 2030 futuro

314 2051 516 2116 construitur.
563 2049 721 2130 'Pitubont
747 2053 783 2114 in
814 2070 851 2116 ee
879 2070 913 2115 re
944 2051 1096 2136 perpetuo
1126 2045 1269 2126 librarii,
1302 2051 1401 2115 etiem
1428 2071 1505 2116 oum

314 2154 509 2250 barbarismo
532 2158 704 2224 scribentes
725 2152 806 2228 dnus
830 2158 875 2235 μίι
899 2154 1095 2238 πνισῶμεέα,
1119 2156 1175 2218 eut
1197 2148 1278 2226 ires
1299 2155 1344 2234 μδ
1369 2155 1505 2238 προαξνί-

314 2263 413 2341 prta,
438 2268 496 2328 sut
525 2264 664 2343 similis,
696 2269 734 2329 ut
756 2283 852 2348 supra
874 2261 1082 2329 ostendimus.
1128 2257 1269 2348 Magnus
1292 2265 1340 2326 est
1359 2261 1504 2329 loeorum

313 2389 466 2434 numerus
495 2368 552 2434 ubi
583 2369 662 2444 ὅπως
694 2373 727 2435 et
753 2363 832 2440 ὅπως
865 2369 928 2454 αἰ,
959 2387 1056 2434 suum
1086 2365 1233 2430 futurum
1257 2377 1502 2454 recuperarunt,

313 2473 365 2540 sed
391 2473 491 2540 multi
512 2480 681 2560 supersunt
704 2469 1059 2541 emendatione'eudem
1083 2471 1272 2559 indigentes.

357 2683 437 2771 Peg.
460 2681 515 2751 62.
538 2682 570 2749 2.
594 2686 759 2766 Φοβοῦμαι
782 2688 826 2766 μίρ
851 2683 968 2757 πάντες
992 2685 1059 2766 περί
1080 2692 1140 2751 πῶν
1162 2685 1242 2752 ἰδέαν
1260 2682 1396 2753 ἕκαςΟΕ
1419 2687 1503 2769 ὄργι-

312 2789 462 2872 ζόμενΟΟ
493 2791 587 2855 κοινὸν
618 2791 673 2873 ἰῷ·
705 2793 788 2869 ἡμᾶς
820 2790 969 2870 aserere
999 2789 1051 2855 τὸν
1083 2789 1229 2870 πόλεμον.
1277 2789 1331 2856 Sio
1357 2791 1502 2860 Dindorf.

313 2895 413 2963 edidit
436 2919 473 2962 ex
498 2896 685 2963 melioribus
707 2896 808 2962 libris.
844 2896 1032 2964 incaeteris
1055 2902 1104 2963 est
1120 2894 1255 2966 iuaeroc
1278 2896 1502 2978 ὀργιζόμενοι,

310 3004 345 3066 in
368 3021 430 3088 quo
453 3002 533 3070 lutet
562 3024 639 3071 vers
660 3002 755 3070 lectio
778 3001 903 3096 ένοιςοι
927 3000 1142 3086 ὀργιζόμενοι.
1190 3003 1239 3070 De
1260 3004 1389 3086 ννίιριιίἰν
1410 3007 1504 3071 tomi·

310 3109 399 3174 ινίοιιν
422 3103 533 3180 ἔναιον
557 3110 688 3189 dieitur,
712 3111 807 3176 utin
830 3109 1050 3196 Aristophanis
1070 3111 1166 3176 Ptuto
1187 3132 1233 3177 vs.
1256 3108 1330 3178 785.
1351 3131 1413 3196 quo
1431 3111 1503 3178 loeo

311 3213 494 3281 Dindorfius
516 3217 637 3280 utitur:

830 3327 934 3405 Φλῶσι
957 3322 1167 3402 ποίντικνιίμια

607 3428 827 3508 ἐνδεικνύμενοι
851 3427 960 3502 έναι-ος
984 3428 1102 3496 εὕνοιιίν
1123 3453 1203 3495 τινα.

355 3531 419 3600 Sed
449 3533 488 3601 de
518 3533 688 3599 οἰνίἰοδίὂνιι
720 3539 776 3600 eut
799 3536 924 3622 populis
954 3531 1060 3603 έκαςοι
1092 3541 1125 3602 et
1152 3533 1266 3606 οὐδένες
1295 3557 1420 3604 neeesse
1450 3543 1500 3603 est

309 3640 379 3706 diei.
430 3638 592 3706 Mirantur
628 3639 706 3707 heeo
744 3637 895 3708 Grueouli
930 3645 963 3707 et
1000 3641 1198 3730 singularem
1231 3663 1404 3709 numerum
1440 3663 1500 3710 suo

309 3744 417 3813 Marte
438 3751 605 3834 reponunt.

354 3955 435 4045 Peg.
447 3954 500 4022 63.
526 3955 558 4022 8.
583 3959 659 4024 ἀλλ’
682 3961 755 4026 ὨΟ
773 3957 844 4024 οὔτε
864 3957 1021 4040 πράξομεν
1045 3959 1127 4025 οὐδέν
1146 3957 1271 4038 οἰννίξιον
1297 3959 1380 4038 ἡμῶν
1396 3962 1501 4026 αὐτῶν

309 4061 372 4129 οὔτ’
396 4062 465 4132 έςαι
488 4061 625 4142 πόλεμον
642 4101 684 4112 -
699 4069 784 4129 τοῦτ’
807 4059 895 4144 οἶμαι
919 4067 981 4132 δεῖν
1004 4073 1113 4132 ποιεῖν.
1151 4067 1332 4154 Agnoscam
1355 4067 1502 4132 Atticum

309 4169 434 4237 dioendi
456 4167 734 4250 consuetudinem,
757 4172 815 4238 ubi
837 4191 894 4258 pro
917 4172 956 4244 er
978 4174 1155 4259 repositum
1179 4174 1241 4239 erit
1261 4173 1387 4245 ‘ones

354 4376 432 4466 Peg.
448 4377 500 4444 63.
529 4377 582 4445 10.
606 4379 679 4460 πρὸς
704 4379 735 4447 δὲ
759 4383 828 4458 τοὺς
854 4383 985 4466 θρασέως
1008 4383 1141 4451 ὁτιοῦν
1164 4383 1315 4464 οἰομένους
1341 4382 1504 4462 ὑπομένειν

308 4483 388 4565 δεῖν,
422 4484 672 4564 Demosthenes,
704 4492 743 4552 ut
771 4488 863 4556 doeet
893 4490 955 4558 loei
986 4493 1161 4572 sententie,
1188 4490 1282 4577 plene
1305 4490 1504 4556 eontrarium
