3410 5180
742 400 807 472 513

175 593 347 677 ςροιπεθειι,
378 614 435 682 pro
466 591 705 676 λιποςράοιΟΝ.
753 593 915 662 Herodoto
946 593 1063 662 licebat
1097 594 1200 660 dicere
1234 595 1270 661 V.
1307 595 1362 666 27.

174 700 245 774 ποὺς
275 702 332 778 μὲν
362 699 580 782 λιποςροιπίΗΟ
611 700 662 765 ε’πί
696 700 817 773 Σκθθιος
848 701 1045 786 οιίπιάρκενος,
1077 700 1132 766 aad
1167 720 1231 767 non
1264 703 1363 770 Atha-

173 808 346 874 aiensibus.

219 1021 300 1110 Pag.
335 1020 411 1088 569.
444 1020 498 1087 28.
530 1020 693 1100 κεκάμιςοιι
722 1021 815 1103 χάριν
840 1024 873 1088 οὐ
898 1022 986 1100 μθνον
1009 1020 1048 1088 ὧν
1072 1023 1165 1098 edric
1187 1025 1361 1106 λελειποθρ-

175 1153 253 1208 reae
278 1135 469 1209 λειτουργιῶν
493 1124 584 1204 άξίοιν
607 1130 715 1208 (μικρά
738 1129 800 1209 γάρ
825 1125 904 1206 adan
924 1127 964 1208 χθ
982 1153 1030 1202 τις
1052 1127 1098 1218 ἦν)
1120 1129 1209 1195 άλλά
1228 1130 1282 1196 aa}
1302 1137 1361 1196 τῶν

175 1234 324 1313 perteue.
370 1234 449 1322 Leg.
472 1233 567 1314 μικρά
591 1233 654 1316 γάρ
674 1232 750 1302 *AN
774 1231 854 1310 ιιθτν
878 1234 918 1313 ys
941 1258 988 1309 πις
1012 1232 1057 1310 ἦν.

220 1442 301 1531 Pag.
322 1439 397 1511 570.
426 1441 477 1507 16.
503 1440 621 1524 θ’ρποιοε
652 1453 776 1511 πλεῖν
807 1444 940 1521 ἢπίνπε
962 1443 1120 1510 πάλονπιο.
1172 1445 1361 1512 Rectissime

176 1552 221 1616 sie
243 1549 387 1615 Dindorf.
412 1569 469 1634 pro
491 1557 608 1617 πλείου.
657 1548 844 1617 Constanter
866 1553 912 1617 sie
935 1549 1082 1616 dicabant
1103 1552 1205 1617 Attici
1229 1558 1319 1616 πλεῖν
1342 1551 1359 1627 ἤ

176 1658 204 1722 si
225 1675 378 1721 numerus
400 1661 599 1740 sequeretur,
624 1661 661 1721 ut
681 1657 764 1742 apud
787 1656 1050 1742 Aristophanem:

525 1771 616 1828 πλεῖν
640 1763 657 1838 ἢ
682 1762 829 1842 τριάκονθ’
853 1761 968 1842 ἡμέρας

527 1872 581 1932 τοῦ
604 1869 695 1946 ριννθς
720 1869 842 1938 ἑκάςου.

219 1972 393 2039 Rarissime
416 1980 505 2038 πλεῖν
530 1995 568 2038 ex
593 1976 768 2040 scribarum
790 1975 939 2040 manibus
960 1973 1107 2040 illaesum
1132 1977 1244 2042 evasit.
1279 1975 1361 2041 Sub·

174 2081 315 2145 stituunt
337 2079 430 2145 πλέον
453 2079 506 2146 vel
529 2089 633 2145 πλεῖον
656 2081 711 2148 vel
733 2067 859 2150 πλεῖςον
882 2079 935 2146 vel
958 2081 1066 2146 πλείω.
1112 2081 1286 2166 Postquam
1316 2102 1362 2147 ee-

174 2183 240 2250 msl
280 2185 401 2271 liquido
443 2186 588 2251 constitit
632 2185 880 2252 Demosthenem
921 2206 1063 2271 quoqne,
1097 2190 1135 2250 ut
1168 2187 1361 2271 antiquiores

174 2310 302 2369 omnes,
327 2299 416 2356 πλεῖν
439 2292 457 2367 ἦ
478 2291 609 2375 dixisse,
629 2291 802 2358 debuerant
821 2292 967 2358 Editores
986 2292 1067 2356 hane
1085 2291 1221 2356 formam
1242 2292 1362 2375 ubique

174 2397 285 2462 invitis
308 2394 399 2461 libris
420 2398 597 2462 restituere.
633 2397 776 2464 Dindori.
801 2398 842 2464 sd
863 2419 938 2484 pag.
960 2395 1034 2462 503.
1060 2392 1113 2462 18.
1133 2398 1254 2483 optime
1272 2396 1361 2462 dedit

175 2509 294 2566 πλεῖν
330 2503 347 2579 ἢ
380 2497 471 2579 άπιιξ
501 2523 558 2588 pro
589 2503 696 2581 πλέον,
731 2512 853 2583 πλεῖον,
890 2511 1033 2582 πλεῖςον,
1065 2508 1097 2568 et
1127 2500 1248 2568 multos
1277 2501 1363 2568 looos

173 2607 328 2674 indicavit
358 2607 467 2674 eodem
490 2609 631 2674 remedio
654 2609 844 2698 indigentes.
891 2609 1004 2678 Evasit
1027 2616 1116 2674 πλεῖν
1141 2608 1158 2684 ἢ
1182 2608 1303 2688 μυρίους
1328 2609 1362 2672 in

175 2716 297 2798 optimo
318 2711 342 2777 S
362 2733 433 2800 pag.
461 2712 537 2779 413.
560 2713 591 2780 2.
614 2714 669 2780 ssd
692 2715 805 2781 maltis
829 2715 901 2781 aliis
924 2714 1002 2780 loeis
1025 2719 1118 2782 vetus
1138 2733 1224 2780 error
1242 2713 1361 2780 haeret.

174 2817 383 2884 Scribendum
412 2821 515 2908 igitur
543 2841 617 2908 pag.
651 2818 727 2887 174.
760 2820 790 2886 2.
824 2829 914 2886 πλεῖν
943 2823 1017 2908 (non
1040 2821 1152 2899 πλείω)
1175 2821 1201 2885 δ’
1225 2820 1242 2896 ἢ
1266 2818 1361 2900 μθριοι

173 2926 329 2990 πάλονποι.
354 2946 426 3010 pag.
458 2923 533 2993 174.
560 2925 612 2991 11.
637 2934 728 2992 πλεῖν
754 2928 828 3014 (non
852 2924 962 3006 πλείω)
986 2925 1042 3002 μὲν
1067 2926 1084 3000 ἢ
1105 2927 1198 3006 χίλιοι
1220 2929 1257 2990 ut
1277 2925 1362 3010 apud

174 3031 417 3118 Aristophanem
440 3034 474 3097 in
497 3032 653 3096 Nubibus.-

353 3136 406 3201 κο)
429 3141 519 3202 τοῦτο
541 3145 631 3202 πλεῖν
655 3136 672 3212 ἢ
695 3138 806 3218 μυρίων
829 3139 874 3206 ἐπ’
897 3136 980 3217 άξιον
1003 3135 1141 3216 ςοιπθροιν

355 3243 530 3324 ιιίροθμενον
552 3243 623 3316 τοὺς
647 3243 776 3321 ἥττονας
800 3243 912 3323 λθχους
935 3243 1046 3309 ἔπειτοι
1070 3245 1164 3308 νικάν.
1236 3293 1239 3298 .

217 3451 298 3540 Pag.
337 3449 413 3519 572.
450 3449 480 3516 5.
517 3453 606 3516 τοῦτο
641 3449 704 3533 γάρ
741 3452 801 3516 ἐσθ’
831 3449 845 3516 ὃ
876 3451 1052 3535 Φυλάτπειν
1082 3453 1165 3531 ὑμεῖς
1198 3451 1259 3530 δεῖ,
1291 3453 1362 3529 τοὺς

173 3558 297 3637 νθριους,
329 3562 380 3624 τὸν
411 3554 493 3637 θρκον
537 3560 628 3620 ταῦτ’
657 3555 738 3637 ἔχεθ’
763 3557 850 3636 ὑμεῖς
873 3559 899 3622 ei
924 3557 1095 3640 δικάζοντες
1118 3556 1167 3623 άεί
1193 3557 1278 3638 ποιρά
1302 3565 1360 3624 τῶν

173 3664 278 3732 ἄλλων
302 3663 427 3743 ὡσπερεὶ
453 3664 727 3743 ποιροικοιποοθθκιρν.
764 3662 848 3743 Quid
870 3665 932 3730 sibi
955 3663 1029 3730 vuit
1046 3662 1114 3728 άείί
1133 3663 1203 3744 Quo
1219 3663 1361 3749 spectati

173 3773 223 3838 An
255 3770 294 3837 ad
326 3767 438 3850 ἔχεπεί
484 3767 546 3834 Sed
575 3772 682 3856 inepte
712 3769 894 3836 abundabit.
944 3769 1071 3856 Repone
1096 3772 1200 3858 igitur
1223 3771 1311 3847 ὑμεῖς
1333 3773 1359 3836 οί

173 3880 254 3943 ’hel
280 3873 466 3956 δικάζοντες.
514 3873 673 3960 Frequens
696 3877 814 3942 vitium
837 3878 870 3941 et
893 3896 985 3962 saepe
1009 3897 1027 3942 a
1050 3877 1142 3942 nobis
1163 3879 1321 3941 notatum.

219 3981 295 4048 Sine
318 3983 398 4049 vitio
416 3980 536 4068 legitur
555 4002 629 4069 pag.
654 3979 729 4049 577.
753 3979 806 4046 10.
826 3979 954 4060 βλέπον
974 3983 1016 4054 είς
1037 3982 1088 4047 πθν
1107 3980 1156 4046 άεί
1175 3980 1359 4061 θορυβοῦντα

174 4085 267 4153 πθπον
297 4093 353 4160 τῆς
384 4087 561 4164 ἐκκλησίας.
595 4088 634 4152 oi.
662 4108 736 4176 pag.
762 4084 837 4154 773.
863 4086 894 4152 2.
920 4088 935 4151 θ
958 4087 1007 4152 άεί
1031 4086 1163 4168 δικάζειν
1186 4087 1306 4167 λιιχιίν.
1330 4092 1362 4154 et

222 4404 304 4495 Peg.
340 4402 415 4470 572.
449 4401 480 4471 7.
512 4397 544 4477 ἣν
575 4401 695 4470 άποιοιν
713 4441 754 4453 -
771 4401 853 4486 οῴιιν
881 4383 1033 4485 ὑπάρχειν
1055 4401 1110 4468 δεῖ.
1156 4402 1364 4469 Athenienses

178 4513 324 4579 dicebant
347 4512 362 4577 ὁ
385 4515 460 4589 σῶς,
487 4512 504 4586 ἦ
528 4515 604 4588 σῶς,
628 4514 663 4577 τὸ
686 4515 760 4596 σῶν,
783 4513 821 4576 ut
843 4508 927 4596 apud
950 4507 1136 4576 Oomienm:

1193 4647 1196 4656 .
1209 4619 1224 4663 a
