3404 5192
768 343 834 411 263

479 533 578 603 είοίκε
600 558 656 617 τερ
679 532 791 614 Τροίην
813 531 1025 614 διαπέρσομεν.

207 647 278 714 nal·

390 747 459 816 ἔνίοο
484 773 534 818 κεν
556 746 710 828 ὑψίπυλον
731 744 840 826 Τροίην
865 741 932 812 ἕλον
956 742 1017 819 vire
1041 749 1190 832 Ἀχαιῶν.

207 857 278 926 κοοί·

389 966 482 1047 Τροίη
504 965 535 1029 ίν
560 962 665 1045 εὐρείη-

210 1073 261 1139 nal
285 1075 447 1152 οίλλοοχοῦ.
470 1072 519 1135 ἐπὶ
539 1068 641 1148 μέντοι
666 1066 779 1133 τούτων
797 1073 855 1132 τῶν
876 1065 926 1133 δύο
950 1067 1161 1145 ίμοοοττοίτεοε
1186 1069 1338 1149 ε’τοίνεγκε
1361 1070 1397 1136 τδ

211 1179 260 1244 τί
266 1195 329 1244 λον
352 1179 496 1256 Τροίην
522 1177 611 1256 „terr
636 1172 726 1241 τίλον
747 1172 874 1254 Τροίην”
896 1173 948 1239 κοοί
973 1173 1008 1240 τί
1032 1177 1116 1254 »ἤτοι
1136 1172 1182 1241 ὅτ’
1201 1177 1288 1259 ἀμφὶ
1308 1177 1397 1242 τίλον

210 1284 348 1366 Τροίην”.

256 1391 447 1457 Rectissime
470 1391 578 1455 omnia
599 1389 677 1454 haec
696 1388 857 1472 disputata
877 1393 1002 1454 suntet
1021 1389 1103 1455 nihil
1121 1391 1162 1455 iis
1182 1391 1277 1457 obiici
1295 1395 1399 1477 potest
1444 1446 1447 1450 .

210 1505 334 1583 praeter
366 1516 477 1560 unum.
524 1493 616 1571 Τροίη
641 1501 771 1558 nonest
794 1491 915 1560 Graeca
938 1494 1050 1560 forma.
1094 1496 1180 1562 Satis
1203 1498 1399 1563 ostendimus

210 1605 244 1667 in
266 1601 425 1667 Mnemos.
452 1597 549 1664 1873.
573 1621 647 1687 pag.
673 1598 726 1664 53.
752 1607 784 1664 et
808 1597 861 1664 56.
882 1600 1077 1666 adiectivum
1097 1610 1126 1666 T
1129 1606 1226 1681 ρείίος,
1247 1604 1346 1683 Τρωίη
1368 1609 1400 1670 et

211 1709 322 1788 Tpd‘r’or
347 1707 492 1773 contrahi
514 1709 548 1771 in
573 1703 689 1789 Τρρίε,
714 1707 800 1786 uret
821 1712 854 1771 et
872 1705 988 1788 Τρῳίν,
1010 1715 1043 1772 et
1062 1729 1100 1772 ex
1120 1715 1226 1774 vetere
1246 1712 1402 1795 scriptura

211 1822 265 1889 τῆς
299 1815 437 1893 οίρχμίοος
468 1819 716 1894 γραμματικῆς,
749 1831 829 1896 quae
856 1811 961 1877 fuerat
993 1822 1022 1876 T
1027 1821 1153 1878 ΡΟΙΕΝ
1163 1863 1172 1892 ,
1207 1835 1310 1880 errore
1343 1821 1402 1880 τῶν

211 1918 591 1998 μεταχειροοκτηροοοίντκον
619 1918 669 1983 bis
701 1937 768 1982 osso
798 1921 906 1981 natam
937 1921 1088 1983 vitiosam
1118 1918 1288 1992 lectionem
1312 1919 1402 1985 κτίλον

211 2024 320 2104 Τροίην
348 2046 405 2110 pro
438 2025 526 2090 τίλνν
558 2024 673 2102 Τρῳην.
721 2021 810 2102 Quod
842 2025 869 2086 si
897 2025 969 2107 quis
990 2045 1103 2089 varum
1127 2044 1194 2089 esse
1217 2029 1402 2112 agnoverit,

211 2152 293 2198 novo
323 2129 470 2216 exemplo
501 2129 664 2215 apparebit
692 2129 761 2192 iure
791 2128 909 2192 dixisse
931 2126 1076 2214 lepidum
1099 2131 1248 2195 iuvenem
1272 2131 1305 2194 in
1328 2129 1402 2195 Pla-

212 2240 295 2303 tonis
318 2237 393 2321 Rep.
418 2256 492 2323 pag.
518 2233 594 2299 596.
618 2253 649 2298 Δ.
674 2231 779 2299 πολλοί
803 2256 848 2298 τον
872 2233 1010 2314 ὀξύτερον
1034 2235 1213 2312 βλετίντων
1233 2235 1402 2314 ἀμβλύτε-

212 2366 258 2422 ρον
281 2343 402 2421 δρῶντες
426 2339 560 2418 τρίτεροο
580 2335 673 2404 είδον.
769 2364 771 2368 ’

257 2448 306 2514 Ex
327 2449 388 2514 hoc
409 2450 512 2534 igitur
535 2445 680 2531 exemplo
703 2447 909 2530 potissimum
933 2451 1063 2532 apparet
1081 2448 1159 2532 quid
1180 2452 1221 2514 sit
1242 2447 1402 2523 Ζηνόδοτος

214 2554 342 2634 γράφει.
389 2551 460 2618 Una
491 2555 576 2618 enim
611 2557 643 2617 ct
666 2554 862 2618 consentiens
886 2555 1031 2617 omnium
1055 2553 1211 2619 librorum
1235 2562 1266 2620 et
1290 2555 1404 2634 διορίοί-

214 2684 286 2724 εεον
316 2658 411 2725 lectio
441 2663 508 2723 erat
539 2657 628 2723 τίλνν
660 2661 784 2736 Τροίην,
818 2659 856 2722 de
890 2678 953 2742 qua
987 2658 1078 2726 nulla
1111 2680 1267 2746 umquam
1300 2661 1404 2726 fuerat

214 2769 401 2852 cuiusquam
423 2765 580 2830 dubitatio
600 2763 697 2829 donec
718 2766 749 2829 ei
768 2764 970 2830 Aristarchus
983 2752 1237 2833 ¹controversiam
1250 2771 1403 2833 moveret.

215 2870 267 2937 Sic
296 2873 400 2959 igitur
428 2875 461 2936 et
490 2873 524 2934 in
556 2871 687 2935 caeteris
719 2869 880 2942 Ζηνόδοτος
913 2869 1031 2951 γράφει
1055 2871 1138 2937 nibil
1162 2871 1251 2938 aliud
1274 2872 1404 2937 denomt

214 2981 277 3043 nisi
308 2979 389 3043 banc
419 2995 485 3041 esse
509 2973 676 3061 vulgatam
699 2973 854 3040 librorum
867 2973 898 3054 fa
920 2972 1077 3042 Zenodoto
1102 2977 1318 3043 adhibitorum
1343 2977 1404 3042 lec·

216 3087 353 3160 tionem,
375 3101 470 3167 quam
490 3079 693 3145 Aristarchus
714 3085 770 3145 aut
790 3101 827 3144 ex
848 3079 1034 3146 melioribus
1054 3081 1145 3146 libris
1157 3084 1404 3168 autexingeuio

215 3189 395 3257 correxerit.

260 3293 295 3358 In
316 3291 468 3358 Zenodoti
488 3292 667 3364 dtsrrlrerrr
685 3289 829 3356 multum
848 3291 937 3356 abest
954 3295 993 3356 ut
1010 3291 1136 3358 credam
1155 3292 1228 3378 plus
1247 3289 1405 3358 Griticum

216 3419 273 3464 suo
304 3399 423 3464 iudicio
450 3404 482 3463 et
506 3399 611 3464 sensui
634 3397 760 3462 cuidam
784 3396 911 3482 pulchri
935 3402 967 3460 et
990 3397 1093 3464 decori
1116 3400 1283 3482 tribuisse,
1308 3419 1405 3483 quam

216 3503 372 3571 librorum
397 3511 555 3580 vetorum,
583 3523 660 3588 quos
684 3503 888 3588 sequebatur,
913 3504 1095 3569 auctoritati
1119 3510 1151 3568 et
1173 3506 1366 3579 testimonio.

262 3611 340 3692 Quis
362 3610 484 3688 credat,
509 3615 547 3675 ut
569 3609 628 3674 hoc
652 3629 716 3674 uno
738 3612 825 3683 utar,
854 3605 1050 3674 Zenodotum
1074 3610 1108 3673 in
1130 3608 1219 3675 Iliad.
1245 3628 1275 3673 s.

261 3715 338 3783 207.
377 3713 464 3791 ἦλίον
489 3717 550 3794 ἐγὼ
574 3716 740 3782 audouera
763 3714 797 3778 τὸ
821 3711 872 3778 σίν
895 3713 1002 3791 μένος,
1025 3713 1053 3777 εί
1076 3737 1111 3778 κε
1134 3715 1258 3797 τίίηοιο,

262 3819 339 3887 208.
375 3822 536 3902 οὖροινίίεν.
561 3823 616 3900 τρδ
641 3819 673 3885 δί
697 3821 732 3898 μ’
755 3816 808 3894 ἧκε
833 3818 886 3882 leel
911 3815 1094 3890 λευκώλενος
1114 3818 1192 3898 Ἥρη

261 3926 338 3994 209.
375 3926 474 4006 ἄμφω
499 3926 577 4004 lucia
601 3928 684 4004 ίνμῷ
708 3923 862 4005 Φολέονοοί
885 3948 921 3988 τε
944 3923 1092 4000 κηδομένη
1116 3948 1161 3988 τε.

217 4036 403 4120 expunxisse
427 4033 506 4099 duos
528 4053 637 4098 versus
660 4029 727 4095 208
751 4035 783 4096 et
807 4029 891 4102 209,
909 4031 1000 4116 quasi
1020 4033 1137 4095 inesset
1155 4034 1211 4095 aut
1230 4033 1264 4094 iu
1283 4036 1405 4097 senteu-

216 4143 263 4208 tia
293 4140 415 4226 aliquid
445 4144 501 4205 aut
530 4141 563 4203 iu
591 4137 711 4220 verbis,
743 4155 805 4220 quo
828 4138 983 4220 potuisset
1005 4132 1140 4200 offendit
1175 4135 1246 4201 Non
1270 4139 1401 4222 reperit,

217 4247 328 4324 eredo,
360 4249 394 4309 in
426 4243 517 4310 libris
548 4239 765 4329 compluribus
794 4261 892 4326 eoque
914 4239 1118 4326 interpolatos
1140 4261 1206 4307 esse
1228 4243 1406 4327 suspicatus

218 4357 275 4417 est.
322 4351 446 4416 Invicto
470 4355 659 4437 argumento
681 4349 838 4436 genuinos
860 4367 927 4412 esso
950 4345 1178 4412 domonstravit
1204 4348 1407 4415 Aristarchus

218 4457 257 4522 ad
280 4478 327 4524 vs.
352 4455 426 4521 216.
