3358 5200
726 365 768 433 29

143 551 341 630 πνευμάτων
372 555 537 633 ἀσφαλές,
569 555 640 635 πρὸς
672 557 751 636 αὐτῇ
776 567 815 636 τῇ
840 559 928 638 χώρα
951 557 1004 620 και
1030 557 1101 636 πρὸς
1126 567 1188 628 τοῖς
1212 563 1270 622 τῶν
1294 559 1346 636 ἐμ·

144 661 264 738 πορίων
289 661 406 735 ςίμαοι
429 660 533 743 opilea
559 659 636 727 ἔται.

198 764 328 829 Ultima
357 786 429 849 pars
461 765 557 830 huius
579 764 642 832 loci
664 769 720 841 τὴν
742 769 768 832 δ’
791 765 866 846 ὥραν
890 773 943 832 τοῦ
968 767 1053 841 ἔτους
1080 806 1121 816 -
1147 769 1253 851 ῥᾳδίως
1278 768 1347 837 ἔςαι

147 891 285 936 omnem
310 891 418 935 sanam
442 877 475 936 et
498 871 678 956 simplicem
702 875 997 958 interpretationem
1020 876 1160 959 respuit:
1187 879 1235 939 est
1259 875 1347 941 enim

146 980 187 1040 in
223 977 275 1039 his
308 974 438 1053 lacuna,
468 997 564 1060 quam
587 981 616 1041 si
639 999 678 1042 ex
701 981 767 1044 imo
790 981 964 1044 sententiae
988 980 1085 1044 fundo
1109 985 1140 1044 et
1163 982 1209 1045 rei
1234 987 1348 1046 natura

148 1089 186 1147 et
214 1081 380 1148 verborum
409 1085 634 1166 compositione
658 1105 692 1147 in
715 1084 822 1149 lucem
841 1087 1038 1150 revocaveris
1057 1089 1164 1150 omnia
1184 1092 1276 1151 erunt
1296 1108 1347 1151 ex-

148 1187 275 1273 pedito.
323 1184 532 1272 Opponuntur
554 1190 637 1253 inter
658 1209 691 1254 se
714 1189 868 1270 χειμαδίῳ
894 1197 989 1254 ΜΕΝ
1012 1191 1146 1271 χρῆσθαι
1170 1197 1202 1255 et
1225 1193 1279 1266 τὴν
1308 1196 1346 1255 Δ“

149 1291 234 1372 ὥραν
258 1297 312 1357 τοῦ
335 1292 523 1364 ἔτους***.
547 1294 609 1360 Per
631 1300 737 1360 totum
761 1316 879 1360 annum
901 1298 968 1360 sine
986 1297 1220 1360 intermissione
1241 1300 1346 1381 copias

148 1399 233 1465 illes
260 1399 332 1465 vult
362 1397 503 1464 militare
534 1405 566 1464 et
595 1399 801 1465 Macedoniae
834 1403 1002 1466 imminere
1027 1399 1179 1485 docetque
1202 1403 1278 1487 qnid
1303 1406 1346 1467 sit

150 1509 200 1572 iis
224 1526 347 1590 quaque
371 1507 445 1569 anni
468 1510 656 1590 tempestate
681 1507 851 1594 agendum.
894 1507 1028 1571 Hiberico
1048 1513 1174 1590 tenpore
1192 1510 1346 1593 recipient

150 1634 189 1678 se
215 1614 249 1676 in
270 1611 390 1675 insulas
415 1609 619 1676 Macedoniae
643 1617 675 1677 et
698 1611 850 1678 Thraciae
873 1615 1051 1698 proximas,
1076 1617 1163 1678 tutas
1187 1618 1219 1678 et
1242 1616 1345 1697 copio

150 1738 225 1796 sa8;
257 1717 312 1791 τὴν
343 1717 368 1780 δ’
399 1715 475 1795 ὤραν
503 1721 557 1781 τοῦ
588 1716 671 1792 ἔτους
704 1719 802 1802 (quod
833 1718 957 1782 dietum
981 1723 1029 1782 ost
1051 1725 1090 1782 ut
1112 1720 1146 1782 τὸ
1170 1719 1268 1796 θέρου,
1293 1719 1344 1783 τὸν

149 1823 313 1906 χειμιένα)
334 1821 369 1885 id
391 1827 440 1886 esi
463 1828 588 1906 tempore
605 1845 694 1887 verno
714 1829 742 1887 et
760 1823 870 1886 aestivo
889 1823 909 1861 *ί
921 1822 940 1862 *
952 1823 971 1862 *
991 1811 1175 1889 exciderunt
1188 1824 1345 1910 complus-

148 1927 249 2006 cula,
280 1948 417 2012 quorum
448 1931 638 1994 sententiam
668 1929 754 2013 (nam
778 1928 875 1993 verba
896 1934 1054 2013 praestare
1076 1929 1160 1994 vello
1184 1929 1345 1994 dementia

147 2039 217 2116 est)
248 2036 292 2098 sic
322 2037 400 2098 satis
430 2035 593 2099 commode
625 2034 819 2120 expleveris:
851 2033 906 2106 riv
936 2033 963 2098 δ’
985 2032 1061 2113 ι’ίραν
1085 2038 1138 2097 τοῦ
1162 2033 1264 2110 ἔτους,
1292 2032 1343 2100 ίτε

147 2139 207 2205 καὶ
238 2139 312 2217 πρὸς
335 2147 374 2219 τῇ
399 2147 441 2222 γῇ
465 2139 606 2216 γενέσθαι
629 2141 728 2221 ρ’ςίδιον
752 2139 802 2204 καί
827 2137 861 2202 τδ
885 2144 943 2202 τῶν
967 2138 1152 2215 πνευμάτων
1173 2140 1341 2220 οὶοφαλίς,

146 2251 226 2326 πρὸς
252 2245 332 2327 αὐτῇ
354 2253 393 2326 τῇ
417 2245 503 2326 χώρα
523 2246 575 2310 καὶ
597 2245 668 2325 πρὸς
687 2256 750 2317 τοῖς
770 2253 828 2310 τῶν
849 2245 998 2324 ἐμπορίων
1018 2243 1152 2323 ςίματιν
1172 2245 1339 2331 (ἐφορμεῖν,

144 2350 218 2417 ὅθεν
241 2353 297 2426 τὴν
319 2351 430 2415 ἐκείνου
456 2351 557 2421 κακῶς
581 2357 689 2432 ποιεῖν)
713 2352 818 2436 ῥαδίως
843 2348 921 2419 deor.

196 2456 331 2522 Necesse
355 2462 402 2522 est
426 2456 504 2520 duos
526 2456 694 2540 infinitivo:
717 2460 800 2522 inter
822 2477 855 2522 se
878 2459 1037 2541 oppositos
1060 2457 1159 2522 fuisse
1183 2457 1339 2538 χειμαδίῳ

143 2567 248 2626 ΜΕΝ
277 2561 411 2640 χρῆσθαι
443 2565 475 2624 et
507 2560 561 2635 τὶρν
594 2564 633 2625 Δ’
664 2558 741 2641 ὥραν
771 2565 824 2626 τοῦ
848 2557 1131 2647 ἔτουςίὲφορμεῖν)
1155 2567 1211 2627 aut
1234 2563 1340 2628 simile

144 2665 239 2751 quid.

196 2875 276 2964 Peg.
302 2877 356 2940 49.
383 2875 435 2940 14.
461 2875 499 2942 διν
522 2881 626 2941 ταῦτα
651 2879 793 2958 πορίσητε
816 2879 859 2943 τοὶ
881 2881 1036 2959 χρήματα
1058 2889 1173 2962 πρῶτον
1195 2878 1338 2968 [alitro.

142 2983 171 3048 8
205 2981 227 3046 ἃ
261 2985 339 3067 om]
371 3003 435 3048 non
465 2984 526 3048 sert
557 2981 619 3048 loci
648 2987 804 3049 sententia
835 2985 981 3049 additum
1011 2981 1033 3050 ἃ
1059 2988 1152 3066 λέγω.
1200 2987 1340 3052 Reciteri

143 3091 287 3154 iusserat
308 3088 534 3174 plebiscitum,
557 3092 591 3153 in
615 3109 677 3174 quo
700 3090 777 3155 haec
803 3091 911 3155 omnia
934 3091 1042 3156 ordine
1062 3095 1235 3177 perscripta
1253 3099 1342 3158 erant

142 3217 225 3282 pag.
260 3192 312 3259 48.
346 3193 399 3259 13.
447 3194 557 3279 ltaque
586 3200 709 3280 poterat
733 3192 879 3260 dicere&
906 3195 1081 3277 γέγραφα,
1106 3218 1169 3262 non
1192 3193 1213 3262 ίι
1237 3197 1338 3274 λέγω,

142 3299 206 3364 sed
229 3303 377 3366 continuo
400 3300 561 3385 praecedit
584 3306 676 3365 ταῦτ’
704 3301 766 3370 isia
790 3300 859 3376 οὶγέο
884 3300 1053 3384 γέγραφα.

196 3509 275 3597 Pag.
309 3509 362 3576 53.
392 3507 447 3576 26.
472 3517 530 3576 τῶν
555 3517 716 3591 §parnasia
740 3508 849 3583 ἕκαςος
876 3512 919 3584 δίς
944 3513 997 3578 καὶ
1021 3514 1083 3593 τρίς
1108 3515 1242 3594 κρίνεται
1267 3518 1340 3595 παρ’

143 3617 224 3694 ὑμῖν
257 3617 322 3695 περί
347 3615 500 3694 cosdroa,
526 3617 597 3694 πρὸς
622 3616 654 3682 δὲ
677 3616 747 3688 τοὺς
773 3617 896 3698 ἐχθροὺς
920 3618 1015 3692 οὐδεὶς
1040 3621 1099 3684 οὐδ’
1125 3616 1217 3698 ἅπαξ
1241 3623 1341 3685 αὐτῶν

141 3720 362 3800 ἀγωνίσασθαι
393 3722 473 3810 [περὶ
499 3721 644 3808 ίανοίτου]
670 3729 787 3808 τολμᾷ.
825 3722 947 3790 Vitiose
966 3724 1139 3789 admodum
1159 3727 1256 3792 verba
1273 3729 1339 3806 arpi

143 3825 283 3892 θανάτου
313 3849 352 3893 ex
382 3828 596 3914 superioribus
627 3831 763 3914 repetita
786 3834 870 3894 sunt.
917 3829 1108 3895 Rectissime
1132 3829 1250 3896 dicitur
1271 3836 1338 3911 περ)

141 3941 260 4015 ψυχῆς
285 3933 460 3998 κινδυνεύειν
483 3937 550 3999 sive
574 3933 797 4014 οὶριωνίζεοίαι,
819 3935 876 4001 ubi
893 3935 959 4015 περὶ
982 3935 1114 4000 ίανοίτου
1135 3944 1217 4001 esset
1233 3938 1339 4004 absur-

142 4039 250 4115 dum,
273 4043 304 4104 et
327 4040 450 4117 κρίνειν,
476 4039 624 4119 κρίνεσθαι
649 4039 716 4117 περὶ
741 4039 873 4105 ίοινοίτον
893 4043 1012 4124 optime
1032 4041 1128 4104 habet
1147 4047 1179 4104 et
1199 4045 1340 4110 usitatis-

141 4147 270 4210 simum
295 4147 396 4210 estin
420 4145 547 4210 iudiciis
569 4144 725 4230 publicis:
746 4150 779 4210 in
799 4145 882 4212 bello
902 4146 973 4224 πρὸς
996 4147 1065 4218 τοὺς
1085 4146 1251 4224 πολεμίους
1272 4153 1339 4216 sive

141 4251 222 4331 πρὸς
248 4249 316 4320 τοὺς
339 4250 463 4330 ἐχθροὺς
488 4248 691 4328 ἀγωνίζεσθαι
716 4255 785 4317 sive
808 4251 971 4332 revixerint
995 4252 1103 4336 capitio
1119 4253 1285 4336 periculam
1306 4259 1338 4320 in

141 4379 180 4423 se
210 4357 360 4420 continet.
409 4356 504 4441 Apud
528 4353 782 4442 Theophrastum
809 4359 956 4422 Characa.
982 4355 1036 4422 25.
1062 4357 1075 4420 ί
1101 4357 1196 4432 δειλία
1222 4360 1339 4428 dicitur

142 4467 211 4528 πᾶν
237 4463 360 4536 μᾶλλον
386 4460 403 4535 ἦ
427 4459 591 4540 μοίχεοίαι
615 4469 677 4534 τοῖς
701 4464 877 4542 πολεμίοις,
902 4465 977 4549 quia
1000 4462 1033 4528 id
1053 4469 1101 4528 est
1121 4467 1234 4550 cepitis
1258 4471 1339 4551 peri·
