3232 5176
665 401 707 471 81

143 595 219 683 Pag.
254 593 329 661 206.
365 594 419 662 26.
449 595 482 660 ού
513 593 576 674 γοὶρ
609 591 646 658 ἂν
678 595 816 670 ἠγοῦμαι
847 593 914 674 περί
947 593 1056 660 τούτου
1088 591 1176 670 μόνον
1209 596 1282 672 ἡμῖν

106 698 174 766 εἶναι
203 701 253 767 τὸν
283 701 375 780 λύγον
408 703 479 780 πρὸς
511 700 654 770 ἐκείνους.
688 701 763 764 ἀλλ’
796 697 876 766 εὀίσω
909 700 946 765 τί
977 699 1012 778 γ’
1038 700 1163 765 έπελύίν
1186 701 1283 766 εἰπεῖν

106 831 166 884 μοι·
195 807 260 889 περί
293 814 414 872 πολλῶν
439 807 463 872 δ’
488 806 526 873 ἂν
550 803 635 881 οἶμαι
660 805 790 872 κίνδυνον
814 810 887 886 ἡμῖν
910 806 1065 884 γενέσθαι.
1114 805 1183 886 Qua
1205 827 1283 872 usus

107 919 164 980 erat
194 914 364 980 vehemens
394 918 498 979 emtor
528 912 758 989 ύποσιωπύσει,
790 934 861 978 eam
893 917 925 978 et
948 914 1068 979 scribae
1092 919 1125 978 et
1146 913 1282 978 editores

105 1040 220 1104 prorsus
242 1020 458 1085 obscurarunt.
506 1017 632 1083 Scribe:
658 1055 701 1066 -
727 1021 800 1095 ἡμῖν
823 1013 901 1084 εἶναι
927 1019 978 1084 τὸν
1001 1018 1095 1097 λύγον
1113 1020 1185 1099 πρὸς
1206 1018 1282 1084 ὲκεί-

105 1147 178 1196 νους·
193 1163 212 1175 -
226 1162 245 1174 -
260 1161 279 1176 ·
292 1162 333 1201 -,
358 1132 428 1191 tum
448 1131 520 1210 post
539 1126 634 1190 breve
654 1123 837 1190 silentium:
860 1127 935 1190 ἀλλ’
956 1124 1036 1190 έοίσω
1060 1125 1097 1191 τί
1108 1129 1142 1204 γ’
1155 1126 1281 1190 έπελίὸν

105 1233 190 1296 εἰπεῖν
218 1255 288 1308 μοι.
320 1236 357 1297 nt
387 1235 421 1298 iu
444 1233 585 1297 oratione
601 1253 660 1315 pro
687 1231 808 1296 Corona.
833 1251 907 1320 pag.
933 1230 1009 1296 226.
1036 1229 1088 1296 18.
1113 1233 1189 1297 ἀλλ’
1213 1229 1281 1307 έμοί

104 1337 305 1415 planu,
337 1339 370 1402 ού
402 1336 558 1416 βούλομαι
583 1337 614 1400 δὲ
638 1338 782 1418 δυσχερές
807 1339 904 1403 εἰπεῖν
928 1337 1010 1402 οὐδέν
1032 1335 1203 1419 ἀρχόμενος
1228 1341 1281 1402 τοῦ

104 1443 198 1520 λύγου.
245 1443 472 1510 Demosthenes
506 1445 608 1530 igitur
642 1463 742 1527 quum
778 1443 929 1509 dixisset:
962 1445 1037 1509 αλλ’
1070 1443 1150 1508 έύσω
1181 1443 1218 1509 τύ
1248 1445 1282 1521 γ’

104 1550 218 1614 irratio
250 1551 345 1615 εἰπεῖν
376 1572 450 1626 ροοι,
483 1553 516 1614 et
539 1551 585 1613 sic
608 1549 794 1636 gravissimi
816 1548 950 1634 periculi
973 1556 1005 1615 et
1028 1550 1221 1616 discriminis
1244 1549 1282 1614 de

103 1655 195 1722 salute
216 1658 428 1742 suspicionem
451 1657 486 1718 in
509 1655 630 1720 civium
656 1657 772 1719 animis
794 1656 965 1740 movisset,
987 1657 1122 1722 verbnm
1142 1655 1282 1742 amplius
1345 1685 1364 1703 ·

103 1781 157 1826 non
179 1762 301 1827 addidit
324 1766 357 1827 et
379 1761 506 1825 transiit
530 1760 570 1824 ad
594 1759 682 1824 aliud
702 1765 939 1847 argumentum.
987 1760 1072 1827 Tum
1091 1783 1148 1848 pro
1166 1762 1282 1828 Demo·

103 1867 201 1932 sthene
224 1888 292 1933 sero
311 1868 380 1932 nati
399 1863 577 1952 magistelli
595 1868 786 1930 sententiam
808 1867 847 1931 ab
866 1886 904 1932 eo
922 1867 960 1934 de
979 1869 1137 1934 industria
1155 1867 1282 1934 silentio

102 1992 268 2058 oppressam
300 1973 339 2037 de
372 1992 429 2037 sno
460 1969 642 2056 supplentes
674 1971 921 2056 adscripserunt:
955 1972 1021 2053 περὶ
1047 1978 1168 2039 πολλῶν
1192 1973 1219 2037 δ’
1242 1973 1282 2040 ἂν

102 2074 181 2154 οἶμαι
204 2078 333 2144 κίνδυνον
357 2080 429 2155 ἡμῖν
453 2075 607 2154 γενέσθαι.
654 2076 786 2142 Frustra
809 2080 843 2142 in
866 2079 917 2143 his
936 2078 1097 2144 Dobraeus
1116 2079 1183 2159 περὶ
1204 2095 1281 2144 πολ-

102 2190 149 2250 λοῦ
178 2187 327 2252 coniecit:
359 2203 424 2249 una
456 2181 552 2247 litura
576 2181 655 2248 haec
678 2185 785 2248 omnia
808 2183 907 2249 deleri
929 2189 1053 2270 oportet
1074 2183 1189 2249 multis
1211 2189 1283 2269 post

102 2289 337 2356 Demosthenem
372 2287 506 2354 saeculis
540 2287 732 2373 interpolata
762 2290 801 2354 ab
832 2309 884 2366 eo,
918 2291 973 2375 qni
1007 2311 1047 2358 ne
1081 2288 1282 2355 intellexerat

102 2397 220 2480 quidem
243 2397 276 2462 id
300 2395 385 2482 quod
408 2414 555 2458 summus
580 2398 685 2460 orator
708 2393 906 2474 έναργέσατα
929 2399 1132 2482 expresserat.

140 2608 215 2697 Peg.
247 2608 324 2676 207.
356 2606 387 2671 2.
419 2604 612 2684 βουλομένων
636 2605 667 2670 δὲ
693 2604 837 2683 γενέσθαι
860 2605 962 2688 Φίλων
983 2609 1112 2694 [αὐτῶν]
1137 2605 1186 2672 ίνα
1208 2607 1280 2672 σού-

103 2715 210 2779 ναντίον
239 2709 272 2779 εὖ
302 2719 424 2778 πονῶσιν
456 2714 538 2790 ἡμᾶς
568 2711 751 2789 βασκαίνειν
779 2711 832 2776 καί
865 2721 989 2778 σκοπεῖν
1019 2714 1055 2791 έξ
1078 2709 1146 2778 ὅπου
1169 2711 1280 2793 τρίπον

102 2822 139 2895 μὴ
161 2822 350 2898 γενήσονται.
387 2818 567 2884 Pronomen
593 2818 707 2891 οὐσῶν,
731 2817 814 2903 quod
833 2819 909 2884 boni
928 2821 1094 2904 scriptores
1115 2821 1149 2885 in
1168 2820 1279 2884 huius·

101 2927 214 2992 asmodi
246 2927 315 2993 loeo
346 2925 448 2992 solent
480 2925 643 3002 omittere,
676 2944 713 2989 eo
744 2921 813 2988 loco
845 2927 986 3010 positum
1015 2931 1063 2992 est
1085 2929 1123 2991 nt
1144 2924 1197 2991 vel
1219 2926 1280 2992 hoo

100 3031 207 3098 indicio
230 3034 375 3118 spurium
401 3037 434 3097 et
455 3031 634 3096 insiticium
659 3049 725 3094 essa
747 3027 887 3115 patefiat.

139 3243 284 3331 Sequitur
306 3265 380 3332 pag.
403 3241 481 3309 207.
508 3239 538 3306 5.
564 3240 615 3305 καί
641 3240 685 3318 μὴ
709 3239 892 3318 γιγνώσκειν
915 3237 961 3306 ύτι
984 3239 1042 3324 ύσερ
1062 3242 1100 3308 ἂν
1121 3243 1278 3310 σπουδαιο-

98 3348 189 3428 τέρους
222 3353 345 3423 τούτους
381 3348 447 3429 περί
486 3346 645 3424 Θηβαίους
674 3345 901 3423 γεγενημένους
932 3348 1114 3426 ἀποδείξωσι
1146 3348 1278 3430 τοσούτῳ

100 3456 226 3529 πλείονος
250 3459 340 3538 dorsale
365 3455 452 3520 αὐτοὶ
477 3452 600 3526 δικαίως
625 3451 663 3517 ἂν
687 3452 874 3531 τυγχοίνοιεν
894 3454 919 3518 εί
941 3454 1078 3519 τοιούτων
1099 3455 1278 3535 συμμοίχων

99 3561 147 3634 τὴν
169 3561 254 3628 πύλιν
278 3561 339 3650 [ὅτ’
364 3563 416 3643 ἐφ’
442 3561 525 3637 ὑμᾶς
551 3559 707 3638 προτέρους
732 3555 818 3632 ἦλίον
839 3558 856 3635 ἢ
880 3560 1052 3644 Θηβαίους]
1073 3562 1278 3642 οίπεςέρνρσαν.

100 3663 165 3732 Scio
187 3690 249 3736 esse
271 3671 387 3756 quibus
410 3688 473 3732 non
496 3666 589 3732 facile
613 3664 839 3750 persuadeatur
854 3667 1038 3758 ¹praeclaras
1056 3667 1279 3733 Demosthenis

99 3775 242 3842 orationes
265 3775 414 3841 firtilibns
438 3771 584 3837 hrtilium
608 3771 779 3836 hominum
802 3773 1072 3838 annotatiunculis
1091 3795 1158 3838 esse
1179 3774 1279 3840 defor-

100 3883 208 3956 matas,
238 3883 292 3948 sed
321 3901 406 3946 nuno
437 3879 522 3943 mihi
546 3878 614 3942 dari
637 3875 737 3941 velim
761 3880 969 3962 quantumvis
992 3880 1186 3963 pertinacem
1207 3880 1278 3945 vul-

99 3991 184 4068 gatae
212 3991 385 4072 scripturae
416 3985 612 4050 defensorem
642 4004 677 4048 ac
707 3981 887 4060 vindicem,
920 3984 974 4049 sed
999 3984 1135 4049 eundem
1159 3982 1279 4052 Graece

99 4090 238 4156 scientam
270 4097 303 4158 et
332 4090 494 4157 iudicandi
525 4088 678 4154 facultate
708 4089 909 4174 praeditum,
936 4094 968 4154 et
991 4109 1109 4177 magna
1132 4110 1185 4155 me
1208 4112 1279 4176 spes

99 4195 179 4260 tenet
203 4196 266 4263 sore
297 4202 335 4263 ut
364 4217 438 4262 eum
461 4199 496 4261 in
518 4215 624 4260 meam
649 4197 839 4260 sententiam
864 4197 1047 4281 pertraham
1070 4193 1159 4261 futili
1182 4193 1280 4265 Graa-

100 4299 165 4366 culo
197 4301 300 4369 deberi
333 4303 431 4368 verba
466 4297 511 4365 ὅτ’
544 4302 596 4380 ἐφ’
630 4301 713 4378 ὑμᾶς
747 4300 904 4381 προτέρους
938 4299 1024 4376 datos
1055 4302 1073 4377 ἢ
1107 4301 1276 4379 Θηβαίους.

101 4399 235 4472 Primum
251 4408 335 4474 mihi
352 4407 597 4473 animadvertito
616 4427 713 4491 quam
730 4409 914 4491 importrmo
925 4406 994 4474 loco
1020 4410 1084 4473 sint
1094 4409 1281 4495 interposita

100 4515 133 4572 ut
155 4515 326 4580 mcfimlma
345 4512 564 4600 coniungenda
582 4513 608 4577 εί
631 4512 773 4578 τοιούτων
788 4511 967 4594 συμμάχων
988 4514 1043 4588 τὴν
1061 4512 1151 4579 πύλιν
1169 4515 1281 4586 οίπιτέ-

1119 4615 1135 4665 6
