3372 5192
734 353 798 428 537

171 543 208 614 In
238 541 260 613 S
290 568 318 615 a.
349 572 397 636 pr.
419 570 465 615 m.
495 553 542 615 est
572 547 611 612 θιν
634 547 700 626 ἐμοὶ
724 551 769 626 μή
795 547 957 628 πείθησθε,
983 553 1016 615 et
1039 552 1084 629 μή
1107 554 1140 618 in
1163 549 1276 616 multis
1299 571 1362 617 non

172 653 300 742 legitur.
349 655 421 722 Non
444 661 492 721 est
514 653 729 720 Demosthene
752 654 889 742 dignum
912 657 946 719 in
970 654 1028 720 tali
1048 679 1083 724 re
1103 658 1222 723 dicere:
1242 657 1363 722 etmihi

172 783 231 825 τινα
262 761 401 845 credits,
434 765 466 826 ct
497 761 626 825 omnino
651 780 713 825 non
737 764 805 826 crat
826 781 876 825 res
900 762 1052 850 ambigna
1075 764 1114 829 de
1136 784 1199 850 qne
1221 764 1362 830 dubitari

171 872 285 953 posset.
332 866 452 932 Verum
484 887 551 932 esse
583 867 718 932 arbitror
747 865 787 930 θον
810 864 876 945 ε’ριοί
902 868 1025 944 πίθησθε
1050 891 1148 956 eaque
1170 869 1268 936 verba
1289 874 1362 956 post

171 973 339 1039 Ποτίδαιαν
363 974 591 1055 προσαφείλετο
615 973 660 1037 sic
683 973 914 1058 transponenda
937 994 1004 1040 esse
1027 980 1065 1040 nt
1087 981 1172 1041 crete
1196 977 1363 1042 coniuncta

171 1098 234 1144 non
265 1080 472 1145 dirimantur:
505 1077 543 1142 οἰν
574 1078 640 1156 ε’ροοί
670 1077 796 1152 πίθησθε
827 1079 941 1154 ἐκείνην
972 1082 1026 1156 τήν
1058 1081 1141 1149 πίςιν
1173 1079 1359 1159 βουλήσεσθ’

171 1181 256 1266 ἔχειν
279 1185 342 1250 κτὲ.
369 1190 407 1250 ut
429 1186 463 1249 in
485 1185 604 1250 vicinio
625 1205 700 1272 pag.
728 1182 804 1250 659.
831 1183 883 1249 14.
907 1183 947 1249 θον
971 1185 1037 1265 ἐμοὶ
1057 1187 1172 1267 χρῆσθε
1192 1186 1360 1270 συμβούλῳ

169 1289 333 1372 φυλάξετε
355 1290 411 1364 τήν
435 1291 529 1360 πίειν.
553 1296 585 1356 et
608 1310 682 1378 pag.
707 1287 784 1356 667.
810 1289 864 1355 20.
889 1291 939 1356 ε’πί
964 1293 1072 1358 τούτου
1097 1293 1151 1358 θίαν
1172 1292 1238 1371 ἐμοὶ
1259 1291 1360 1368 πείθη-

170 1398 223 1462 σθε
254 1396 331 1485 (leg.
366 1396 504 1485 πίθησθε)
537 1394 735 1477 φυλάξεσθε,
768 1402 801 1463 et
830 1400 950 1482 passim
980 1397 1058 1465 alibi
1088 1419 1125 1464 eo
1158 1419 1253 1466 sensu
1287 1420 1362 1464 cum

170 1501 279 1569 futuro
302 1509 446 1589 tempore
470 1506 673 1588 componitur
696 1503 749 1567 ε’θιν
773 1509 966 1585 σωφρονῆτε,
991 1505 1074 1586 εθπερ
1097 1501 1131 1570 εὖ
1152 1511 1309 1587 Φρονεῖτε,
1330 1510 1362 1570 et

170 1611 242 1674 eim.
268 1629 349 1694 quae
372 1629 411 1674 ex
432 1609 502 1694 ipsa
524 1611 571 1675 rei
593 1614 708 1674 notura
730 1611 907 1675 arctissime
930 1612 1081 1699 coniungi
1104 1611 1216 1677 solent.

213 1816 293 1903 Pag.
318 1815 395 1883 659.
420 1816 451 1882 9.
474 1815 657 1898 luculentus
679 1815 768 1882 locus
790 1820 899 1904 inepto
922 1818 1115 1885 emblemate
1137 1821 1273 1886 vitiatus
1296 1826 1356 1886 cst.

116 1951 135 1982 ο
168 1921 321 2010 Legitur:
353 1923 406 1986 καί
440 1924 502 2004 γὰρ
533 1922 643 1987 ἐκεῖνον
676 1922 918 2009 (Philocratem)
950 1925 1049 2004 φασὶν
1082 1925 1307 2003 ἐξαπατώντων
1328 1950 1359 1991 τι

169 2036 228 2094 τῶν
260 2029 511 2105 Λακεδαιμονίων
541 2026 593 2094 καὶ
626 2026 837 2109 προτεινόντων
860 2029 944 2098 atro
969 2026 1073 2104 ήντινοο
1097 2029 1248 2109 βούλεται
1272 2047 1359 2110 λαρα·

169 2132 294 2218 βιθνειν,
319 2135 416 2200 εἰπεῖν
439 2132 486 2200 ὅτι
509 2135 593 2203 πίςιν
617 2133 655 2200 θον
675 2133 772 2199 οἴεται
796 2133 938 2213 γενέσθαι
962 2135 1056 2214 μθνήν
1080 2137 1106 2202 εί
1128 2136 1259 2216 δείξειαν
1278 2132 1359 2210 ὅπως

169 2238 208 2307 ἂν
232 2241 347 2306 aarum
369 2241 543 2319 βούλωνται
567 2242 611 2318 μή
636 2239 831 2317 δυνήσονται,
857 2241 924 2305 ε’πεί
949 2236 993 2306 ὅτι
1017 2240 1050 2319 y’
1074 2241 1122 2306 cici
1152 2241 1358 2319 βουλήσονται

169 2343 202 2412 εὗ
233 2345 354 2412 εἰδέναι.
386 2343 455 2430 [ἕως
487 2346 526 2412 οἰκ
557 2343 606 2412 οὖν
634 2346 781 2412 δθνωντιιι
807 2348 889 2415 πίε-ιν
914 2349 967 2413 οὐκ
987 2343 1090 2432 sisar}
1114 2347 1240 2414 Ultima
1262 2351 1360 2416 verba

169 2456 237 2517 tam
259 2455 366 2538 inepte
389 2453 571 2532 abundent,
594 2458 632 2520 ut
655 2474 674 2518 a
697 2453 839 2539 quolibet
861 2455 969 2539 potius
988 2475 1086 2538 quem
1107 2474 1126 2519 ο
1144 2453 1358 2520 Demosthene

168 2557 290 2624 adiecto
313 2578 379 2624 esse
402 2559 583 2625 videantur.

212 2663 306 2728 Nunc
336 2665 420 2750 apud
451 2665 632 2732 Dohrseum
662 2668 754 2733 video
778 2668 939 2732 annotari:
966 2713 984 2744 „
992 2665 1085 2730 Doleo
1109 2662 1162 2739 ἕως
1187 2673 1240 2731 etc.
1267 2689 1359 2752 usquc

168 2769 209 2832 od
231 2764 340 2835 είνιιι.”

212 2975 293 3065 Peg.
326 2973 402 3045 661.
434 2978 467 3045 9.
499 2981 525 3046 εί
558 2979 589 3046 δὲ
617 2933 740 3063 τῷιμὲν
763 2991 825 3056 τοῖς
850 2983 876 3047 δ’
901 2979 950 3059 οὔ,
972 2980 1097 3056 δικαίως
1121 2981 1359 3059 traiecturo

166 3084 193 3148 oi
216 3084 261 3162 μή
285 3084 446 3166 τυχόντες.
492 3085 558 3152 Diu
581 3093 651 3172 post
675 3087 901 3154 Demosthenis
924 3092 1063 3153 mortem
1085 3092 1161 3152 nata
1185 3092 1235 3153 cst
1256 3089 1360 3155 forma

166 3188 338 3267 ἐγκαλέσω.
386 3190 514 3278 Repone
537 3193 735 3271 ἐγκαλοῦσιν.
783 3193 896 3262 Evasit
917 3193 1090 3273 διαβιβᾶτε
1109 3213 1183 3281 pag.
1206 3190 1282 3260 672.
1305 3193 1357 3260 13.

210 3395 290 3487 Peg.
317 3397 393 3466 661.
419 3399 472 3467 14.
500 3401 551 3467 καί
577 3402 610 3467 τί
631 3398 791 3486 Φήσοροεν,
815 3399 837 3467 ὦ
860 3400 966 3484 ἄνδρες
993 3400 1162 3478 Ἀθηναῖοι,
1187 3404 1307 3489 [κοιλθν]
1333 3407 1358 3470 εί

170 3510 228 3569 τῶν
261 3507 415 3584 Ἑλλήνων
447 3507 498 3572 ἐπ’
527 3507 679 3590 ἐλευθερίᾳ
703 3507 868 3589 προεςοθναι
891 3507 1068 3589 φάσκοντες
1092 3508 1162 3582 τοὺς
1186 3510 1248 3593 ίδίρι
1271 3509 1360 3576 δυνοθ·

165 3634 234 3688 μείς
267 3611 317 3676 ἐπὶ
351 3621 413 3684 τοῖς
442 3615 570 3686 πλήθεσι
595 3613 797 3691 κεκτημένους
822 3613 1052 3696 δορυφοροῦντες
1076 3614 1276 3694 φανούμεθα;
1322 3615 1359 3682 In

165 3719 312 3804 margine
331 3717 431 3784 lector
450 3719 566 3805 aliquis
581 3719 832 3786 admirabundus
844 3721 1010 3806 adscripsit
1022 3717 1126 3787 καλθν.
1150 3719 1276 3788 Habeat
1287 3722 1360 3788 sibi.

211 3923 292 4013 Peg.
323 3922 399 3991 661.
428 3924 479 3992 19.
511 3926 609 3992 δοτέον
631 3952 662 3993 τι
687 3932 880 3994 τοιοῦτον-
899 3935 1015 4011 πρῶτον
1038 3929 1095 4006 μὲν
1118 3929 1160 4011 τῷ
1183 3930 1277 4008 μηδὲν
1301 3931 1360 4006 ήδι-

166 4029 270 4106 anxins
294 4031 419 4096 πώποτε
427 4079 436 4110 ,
460 4031 597 4114 δεύτερον
621 4034 653 4099 δὲ
677 4033 744 4122 (τῷ)
771 4034 844 4111 μήδ’
868 4033 906 4100 ἂν
929 4034 1044 4099 ἀδικεῖν
1063 4034 1217 4112 βούληται
1238 4035 1358 4110 δυνήσο-

164 4134 263 4218 adver,
295 4133 387 4202 ἔπειθ’
411 4140 450 4210 ὥς
475 4139 593 4214 ἀληθῶς
618 4134 680 4212 θείς
705 4136 824 4205 ἅπασιν
847 4141 1010 4222 ἀνθρώποις
1035 4139 1103 4208 tras
1127 4142 1257 4224 φανερὸς
1282 4141 1357 4223 ὑπὲρ

164 4244 219 4306 τοῦ
249 4242 294 4320 μή
326 4243 435 4310 παθεῖν
466 4249 573 4310 ταῦτα
602 4245 811 4326 εὑρισκόμενος
843 4245 895 4310 καί
927 4247 981 4311 οὐκ
1013 4247 1063 4312 ἐπὶ
1095 4248 1137 4326 τῷ
1169 4254 1264 4314 ποιεῖν
1287 4247 1359 4326 μετ’

163 4346 272 4420 ἀδείας
298 4347 413 4430 θτέρουο
436 4356 537 4423 κακῶς
564 4350 675 4434 [τούτῳ
700 4351 827 4440 δοτέον].
874 4351 1040 4418 Bekkerus
1062 4353 1105 4434 τῷ
1127 4354 1281 4431 inseruit,
1303 4354 1359 4420 sed

164 4473 340 4542 perperam.
386 4453 566 4522 Delendum
591 4463 639 4524 eat
662 4457 798 4542 δεύτερον
822 4457 854 4522 δέ
914 4457 1117 4545 Respondent
1141 4461 1203 4526 sibi
1221 4463 1304 4526 inter
1325 4483 1359 4530 ee
