<?xml version="1.0" encoding="UTF-8"?>
<!DOCTYPE html PUBLIC "-//W3C//DTD XHTML 1.0 Transitional//EN"
    "http://www.w3.org/TR/xhtml1/DTD/xhtml1-transitional.dtd">
<html xmlns="http://www.w3.org/1999/xhtml" xml:lang="en" lang="en">
 <head>
  <title>
</title>
<meta http-equiv="Content-Type" content="text/html;charset=utf-8" />
  <meta name='ocr-system' content='tesseract 3.04.00' />
  <meta name='ocr-capabilities' content='ocr_page ocr_carea ocr_par ocr_line ocrx_word'/>
</head>
<body>
  <div class='ocr_page' id='page_1' title='image "./miscellaneacrit01cobegoog_0040.png"; bbox 0 0 3358 5200; ppageno 0'>
   <div class='ocr_carea' id='block_1_1' title="bbox 774 353 815 418">
    <p class='ocr_par' dir='ltr' id='par_1_1' title="bbox 774 353 815 418">
     <span class='ocr_line' id='line_1_1' title="bbox 774 353 815 418; baseline 0.024 -1"><span class='ocrx_word' id='word_1_1' title='bbox 774 353 815 418; x_wconf 82' lang='lat'><strong>15</strong></span> 
     </span>
    </p>
   </div>
   <div class='ocr_carea' id='block_1_2' title="bbox 186 541 1386 734">
    <p class='ocr_par' dir='ltr' id='par_1_2' title="bbox 186 541 1386 734">
     <span class='ocr_line' id='line_1_2' title="bbox 186 541 1386 630; baseline -0.001 -21"><span class='ocrx_word' id='word_1_2' title='bbox 186 547 331 630; x_wconf 86' lang='lat' dir='ltr'><strong>repetita</strong></span> <span class='ocrx_word' id='word_1_3' title='bbox 361 544 473 610; x_wconf 86' lang='lat' dir='ltr'><strong>delere.</strong></span> <span class='ocrx_word' id='word_1_4' title='bbox 521 543 663 611; x_wconf 76' lang='lat' dir='ltr'><strong>Tandem</strong></span> <span class='ocrx_word' id='word_1_5' title='bbox 692 549 765 628; x_wconf 89' lang='lat' dir='ltr'><strong>post</strong></span> <span class='ocrx_word' id='word_1_6' title='bbox 786 542 892 608; x_wconf 87' lang='lat' dir='ltr'><strong>multe</strong></span> <span class='ocrx_word' id='word_1_7' title='bbox 915 541 1041 608; x_wconf 85' lang='lat' dir='ltr'><strong>saecula</strong></span> <span class='ocrx_word' id='word_1_8' title='bbox 1062 541 1225 608; x_wconf 85' lang='lat' dir='ltr'><strong>Dobraeus</strong></span> <span class='ocrx_word' id='word_1_9' title='bbox 1248 543 1386 621; x_wconf 87' lang='lat' dir='ltr'><strong>delevit,</strong></span> 
     </span>
     <span class='ocr_line' id='line_1_3' title="bbox 189 647 970 734; baseline -0.005 -19"><span class='ocrx_word' id='word_1_10' title='bbox 189 670 293 734; x_wconf 85' lang='lat' dir='ltr'><strong>quem</strong></span> <span class='ocrx_word' id='word_1_11' title='bbox 316 669 443 718; x_wconf 90' lang='lat' dir='ltr'><strong>summo</strong></span> <span class='ocrx_word' id='word_1_12' title='bbox 465 652 535 715; x_wconf 87' lang='lat' dir='ltr'><strong>iure</strong></span> <span class='ocrx_word' id='word_1_13' title='bbox 557 647 738 715; x_wconf 87' lang='lat' dir='ltr'><strong>Dindorfius</strong></span> <span class='ocrx_word' id='word_1_14' title='bbox 761 653 888 714; x_wconf 86' lang='lat' dir='ltr'><strong>secutus</strong></span> <span class='ocrx_word' id='word_1_15' title='bbox 912 652 970 712; x_wconf 88' lang='lat' dir='ltr'><strong>est.</strong></span> 
     </span>
    </p>
   </div>
   <div class='ocr_carea' id='block_1_3' title="bbox 189 853 1389 1262">
    <p class='ocr_par' dir='ltr' id='par_1_3' title="bbox 189 853 1389 1262">
     <span class='ocr_line' id='line_1_4' title="bbox 242 853 1385 946; baseline 0.001 -23"><span class='ocrx_word' id='word_1_16' title='bbox 242 857 322 946; x_wconf 86' lang='lat' dir='ltr'><strong>Peg.</strong></span> <span class='ocrx_word' id='word_1_17' title='bbox 360 857 413 924; x_wconf 85' lang='lat'><strong>15.</strong></span> <span class='ocrx_word' id='word_1_18' title='bbox 449 853 503 923; x_wconf 78' lang='lat'><strong>23.</strong></span> <span class='ocrx_word' id='word_1_19' title='bbox 541 860 565 924; x_wconf 79' lang='lat' dir='ltr'><strong>ri</strong></span> <span class='ocrx_word' id='word_1_20' title='bbox 601 857 632 922; x_wconf 76' lang='grc' dir='ltr'><strong>δὲ</strong></span> <span class='ocrx_word' id='word_1_21' title='bbox 667 855 780 922; x_wconf 81' lang='grc' dir='ltr'><strong><em>τούτων</em></strong></span> <span class='ocrx_word' id='word_1_22' title='bbox 815 857 1075 936; x_wconf 74' lang='grc' dir='ltr'><strong><em>οξποςεριιοιὶσεποιι</em></strong></span> <span class='ocrx_word' id='word_1_23' title='bbox 1110 863 1168 922; x_wconf 80' lang='grc' dir='ltr'><strong>πῶν</strong></span> <span class='ocrx_word' id='word_1_24' title='bbox 1203 858 1385 938; x_wconf 70' lang='grc' dir='ltr'><strong>χρημάτων.</strong></span> 
     </span>
     <span class='ocr_line' id='line_1_5' title="bbox 191 962 1384 1043; baseline -0.003 -13"><span class='ocrx_word' id='word_1_25' title='bbox 191 964 405 1030; x_wconf 77' lang='lat' dir='ltr'><strong>Athenienses</strong></span> <span class='ocrx_word' id='word_1_26' title='bbox 445 967 623 1029; x_wconf 68' lang='lat' dir='ltr'><strong>constanter</strong></span> <span class='ocrx_word' id='word_1_27' title='bbox 656 962 886 1043; x_wconf 73' lang='grc' dir='ltr'><strong><em>οὶποςεριὶσομοιι</em></strong></span> <span class='ocrx_word' id='word_1_28' title='bbox 920 962 1085 1040; x_wconf 81' lang='lat' dir='ltr'><strong>dicebant,</strong></span> <span class='ocrx_word' id='word_1_29' title='bbox 1120 966 1159 1027; x_wconf 88' lang='lat' dir='ltr'><strong>nt</strong></span> <span class='ocrx_word' id='word_1_30' title='bbox 1194 965 1384 1042; x_wconf 72' lang='grc' dir='ltr'><strong>σιμήσομοιι,</strong></span> 
     </span>
     <span class='ocr_line' id='line_1_6' title="bbox 189 1065 1389 1154; baseline 0.003 -22"><span class='ocrx_word' id='word_1_31' title='bbox 189 1070 410 1151; x_wconf 73' lang='grc' dir='ltr'><strong>ζημιώσομαι,</strong></span> <span class='ocrx_word' id='word_1_32' title='bbox 435 1068 656 1150; x_wconf 76' lang='grc' dir='ltr'><strong>ὦφελιὶσομοιι,</strong></span> <span class='ocrx_word' id='word_1_33' title='bbox 681 1068 847 1146; x_wconf 69' lang='grc' dir='ltr'><strong>ὀνήσομαι.</strong></span> <span class='ocrx_word' id='word_1_34' title='bbox 872 1068 1078 1146; x_wconf 74' lang='grc' dir='ltr'><strong><em>ἀδικήσομαι,</em></strong></span> <span class='ocrx_word' id='word_1_35' title='bbox 1103 1069 1219 1154; x_wconf 86' lang='lat' dir='ltr'><strong>quibus</strong></span> <span class='ocrx_word' id='word_1_36' title='bbox 1238 1065 1389 1136; x_wconf 69' lang='lat' dir='ltr'><strong>Graeculi</strong></span> 
     </span>
     <span class='ocr_line' id='line_1_7' title="bbox 189 1173 856 1262; baseline -0.009 -18"><span class='ocrx_word' id='word_1_37' title='bbox 189 1180 314 1244; x_wconf 81' lang='lat' dir='ltr'><strong>formes</strong></span> <span class='ocrx_word' id='word_1_38' title='bbox 337 1195 411 1242; x_wconf 85' lang='lat' dir='ltr'><strong>sues</strong></span> <span class='ocrx_word' id='word_1_39' title='bbox 433 1173 591 1262; x_wconf 78' lang='lat' dir='ltr'><strong>longiores</strong></span> <span class='ocrx_word' id='word_1_40' title='bbox 612 1173 856 1240; x_wconf 73' lang='lat' dir='ltr'><strong>substituebant.</strong></span> 
     </span>
    </p>
   </div>
   <div class='ocr_carea' id='block_1_4' title="bbox 192 1375 1389 2630">
    <p class='ocr_par' dir='ltr' id='par_1_4' title="bbox 192 1375 1389 2190">
     <span class='ocr_line' id='line_1_8' title="bbox 243 1375 1388 1474; baseline -0.002 -22"><span class='ocrx_word' id='word_1_41' title='bbox 243 1386 322 1474; x_wconf 89' lang='lat' dir='ltr'><strong>Pag.</strong></span> <span class='ocrx_word' id='word_1_42' title='bbox 350 1383 405 1450; x_wconf 91' lang='grc'><strong>16.</strong></span> <span class='ocrx_word' id='word_1_43' title='bbox 429 1382 482 1448; x_wconf 94' lang='lat' dir='ltr'><strong>ll.</strong></span> <span class='ocrx_word' id='word_1_44' title='bbox 503 1380 560 1448; x_wconf 77' lang='grc' dir='ltr'><strong>εἶτ’</strong></span> <span class='ocrx_word' id='word_1_45' title='bbox 580 1383 634 1448; x_wconf 78' lang='lat' dir='ltr'><strong>cdx</strong></span> <span class='ocrx_word' id='word_1_46' title='bbox 654 1381 839 1463; x_wconf 73' lang='grc' dir='ltr'><strong><em>αἰσχύνεσθε</em></strong></span> <span class='ocrx_word' id='word_1_47' title='bbox 859 1385 885 1449; x_wconf 81' lang='grc' dir='ltr'><strong>εἰ</strong></span> <span class='ocrx_word' id='word_1_48' title='bbox 905 1383 977 1461; x_wconf 69' lang='grc' dir='ltr'><strong>μηδ’</strong></span> <span class='ocrx_word' id='word_1_49' title='bbox 996 1375 1018 1449; x_wconf 76' lang='lat' dir='ltr'><strong>ai</strong></span> <span class='ocrx_word' id='word_1_50' title='bbox 1037 1384 1158 1450; x_wconf 70' lang='grc' dir='ltr'><strong><em>πάθοιτ’</em></strong></span> <span class='ocrx_word' id='word_1_51' title='bbox 1177 1384 1216 1450; x_wconf 71' lang='grc' dir='ltr'><strong>ἂν</strong></span> <span class='ocrx_word' id='word_1_52' title='bbox 1234 1387 1259 1452; x_wconf 78' lang='grc' dir='ltr'><strong>εἰ</strong></span> <span class='ocrx_word' id='word_1_53' title='bbox 1271 1386 1388 1452; x_wconf 78' lang='grc' dir='ltr'><strong><em>δύναιτ’</em></strong></span> 
     </span>
     <span class='ocr_line' id='line_1_9' title="bbox 194 1487 1388 1579; baseline 0 -21"><span class='ocrx_word' id='word_1_54' title='bbox 194 1495 307 1564; x_wconf 74' lang='grc' dir='ltr'><strong><em>ἐκεῖνος</em></strong></span> <span class='ocrx_word' id='word_1_55' title='bbox 330 1495 437 1556; x_wconf 78' lang='grc' dir='ltr'><strong><em>ταῦτα</em></strong></span> <span class='ocrx_word' id='word_1_56' title='bbox 459 1498 583 1564; x_wconf 78' lang='grc' dir='ltr'><strong><em>ποιῆσαι</em></strong></span> <span class='ocrx_word' id='word_1_57' title='bbox 607 1490 709 1568; x_wconf 77' lang='grc' dir='ltr'><strong><em>καιρὸν</em></strong></span> <span class='ocrx_word' id='word_1_58' title='bbox 734 1487 858 1568; x_wconf 74' lang='grc' dir='ltr'><strong><em>ἔχοντες</em></strong></span> <span class='ocrx_word' id='word_1_59' title='bbox 882 1488 942 1579; x_wconf 78' lang='grc' dir='ltr'><strong><em>[οὐ]</em></strong></span> <span class='ocrx_word' id='word_1_60' title='bbox 962 1491 1154 1571; x_wconf 67' lang='grc' dir='ltr'><strong>πολμιὶσεπερ</strong></span> <span class='ocrx_word' id='word_1_61' title='bbox 1175 1490 1274 1558; x_wconf 89' lang='lat' dir='ltr'><strong>Nullo</strong></span> <span class='ocrx_word' id='word_1_62' title='bbox 1292 1492 1388 1558; x_wconf 88' lang='lat' dir='ltr'><strong>modo</strong></span> 
     </span>
     <span class='ocr_line' id='line_1_10' title="bbox 192 1594 1388 1680; baseline 0.003 -18"><span class='ocrx_word' id='word_1_63' title='bbox 192 1599 232 1662; x_wconf 82' lang='grc' dir='ltr'><strong>οὐ</strong></span> <span class='ocrx_word' id='word_1_64' title='bbox 262 1598 391 1661; x_wconf 86' lang='lat' dir='ltr'><strong>retineri</strong></span> <span class='ocrx_word' id='word_1_65' title='bbox 421 1599 535 1680; x_wconf 86' lang='lat' dir='ltr'><strong>potest.</strong></span> <span class='ocrx_word' id='word_1_66' title='bbox 581 1595 631 1662; x_wconf 88' lang='lat' dir='ltr'><strong>Ne</strong></span> <span class='ocrx_word' id='word_1_67' title='bbox 661 1594 787 1660; x_wconf 83' lang='lat' dir='ltr'><strong>dubites</strong></span> <span class='ocrx_word' id='word_1_68' title='bbox 815 1597 935 1680; x_wconf 89' lang='lat' dir='ltr'><strong>inspice</strong></span> <span class='ocrx_word' id='word_1_69' title='bbox 965 1601 1123 1678; x_wconf 81' lang='lat' dir='ltr'><strong>contortas</strong></span> <span class='ocrx_word' id='word_1_70' title='bbox 1153 1602 1185 1664; x_wconf 89' lang='lat' dir='ltr'><strong>et</strong></span> <span class='ocrx_word' id='word_1_71' title='bbox 1217 1597 1255 1664; x_wconf 92' lang='lat' dir='ltr'><strong>de</strong></span> <span class='ocrx_word' id='word_1_72' title='bbox 1285 1597 1388 1666; x_wconf 89' lang='lat' dir='ltr'><strong>nihilo</strong></span> 
     </span>
     <span class='ocr_line' id='line_1_11' title="bbox 193 1697 1389 1789; baseline 0.001 -20"><span class='ocrx_word' id='word_1_73' title='bbox 193 1707 320 1769; x_wconf 87' lang='lat' dir='ltr'><strong>snmtas</strong></span> <span class='ocrx_word' id='word_1_74' title='bbox 341 1699 503 1766; x_wconf 80' lang='lat' dir='ltr'><strong>Sehseteri</strong></span> <span class='ocrx_word' id='word_1_75' title='bbox 527 1704 559 1766; x_wconf 89' lang='lat' dir='ltr'><strong>et</strong></span> <span class='ocrx_word' id='word_1_76' title='bbox 580 1697 736 1766; x_wconf 86' lang='lat' dir='ltr'><strong>Dindorfii</strong></span> <span class='ocrx_word' id='word_1_77' title='bbox 759 1702 1044 1785; x_wconf 69' lang='lat' dir='ltr'><strong>interpretationes.</strong></span> <span class='ocrx_word' id='word_1_78' title='bbox 1091 1699 1235 1768; x_wconf 80' lang='lat' dir='ltr'><strong>lhentnr</strong></span> <span class='ocrx_word' id='word_1_79' title='bbox 1257 1705 1289 1767; x_wconf 81' lang='grc' dir='ltr'><strong>οὐ</strong></span> <span class='ocrx_word' id='word_1_80' title='bbox 1313 1705 1389 1789; x_wconf 85' lang='lat' dir='ltr'><strong>qnis</strong></span> 
     </span>
     <span class='ocr_line' id='line_1_12' title="bbox 193 1803 1388 1894; baseline 0 -20"><span class='ocrx_word' id='word_1_81' title='bbox 193 1812 232 1874; x_wconf 88' lang='lat' dir='ltr'><strong>in</strong></span> <span class='ocrx_word' id='word_1_82' title='bbox 254 1808 345 1872; x_wconf 85' lang='lat' dir='ltr'><strong>libris</strong></span> <span class='ocrx_word' id='word_1_83' title='bbox 367 1806 516 1872; x_wconf 90' lang='lat' dir='ltr'><strong>omnibus</strong></span> <span class='ocrx_word' id='word_1_84' title='bbox 538 1805 769 1870; x_wconf 76' lang='lat' dir='ltr'><strong>circumfertur.</strong></span> <span class='ocrx_word' id='word_1_85' title='bbox 818 1803 922 1885; x_wconf 80' lang='lat' dir='ltr'><strong>Quem</strong></span> <span class='ocrx_word' id='word_1_86' title='bbox 944 1805 1043 1870; x_wconf 90' lang='lat' dir='ltr'><strong>multi</strong></span> <span class='ocrx_word' id='word_1_87' title='bbox 1064 1806 1127 1873; x_wconf 84' lang='lat' dir='ltr'><strong>loci</strong></span> <span class='ocrx_word' id='word_1_88' title='bbox 1148 1813 1224 1874; x_wconf 90' lang='lat' dir='ltr'><strong>sunt</strong></span> <span class='ocrx_word' id='word_1_89' title='bbox 1247 1814 1280 1873; x_wconf 85' lang='lat' dir='ltr'><strong>et</strong></span> <span class='ocrx_word' id='word_1_90' title='bbox 1303 1809 1388 1894; x_wconf 84' lang='lat' dir='ltr'><strong>apud</strong></span> 
     </span>
     <span class='ocr_line' id='line_1_13' title="bbox 194 1909 1387 1999; baseline -0.002 -19"><span class='ocrx_word' id='word_1_91' title='bbox 194 1913 276 1980; x_wconf 85' lang='lat' dir='ltr'><strong>alios</strong></span> <span class='ocrx_word' id='word_1_92' title='bbox 306 1916 338 1976; x_wconf 89' lang='lat' dir='ltr'><strong>et</strong></span> <span class='ocrx_word' id='word_1_93' title='bbox 367 1910 452 1997; x_wconf 84' lang='lat' dir='ltr'><strong>apud</strong></span> <span class='ocrx_word' id='word_1_94' title='bbox 480 1912 589 1995; x_wconf 88' lang='lat' dir='ltr'><strong>ipsum</strong></span> <span class='ocrx_word' id='word_1_95' title='bbox 619 1909 883 1987; x_wconf 86' lang='lat' dir='ltr'><strong>Demosthenem,</strong></span> <span class='ocrx_word' id='word_1_96' title='bbox 913 1910 971 1976; x_wconf 91' lang='lat' dir='ltr'><strong>ubi</strong></span> <span class='ocrx_word' id='word_1_97' title='bbox 992 1913 1025 1976; x_wconf 80' lang='lat' dir='ltr'><strong>ot</strong></span> <span class='ocrx_word' id='word_1_98' title='bbox 1049 1911 1102 1978; x_wconf 80' lang='lat' dir='ltr'><strong>vel</strong></span> <span class='ocrx_word' id='word_1_99' title='bbox 1123 1913 1169 1991; x_wconf 73' lang='grc' dir='ltr'><strong>μή</strong></span> <span class='ocrx_word' id='word_1_100' title='bbox 1190 1918 1387 1999; x_wconf 88' lang='lat' dir='ltr'><strong>repugnante</strong></span> 
     </span>
     <span class='ocr_line' id='line_1_14' title="bbox 195 2014 1387 2085; baseline -0.002 -1"><span class='ocrx_word' id='word_1_101' title='bbox 195 2038 273 2085; x_wconf 85' lang='lat' dir='ltr'><strong>sens</strong></span> <span class='ocrx_word' id='word_1_102' title='bbox 300 2021 422 2084; x_wconf 86' lang='lat' dir='ltr'><strong>ratione</strong></span> <span class='ocrx_word' id='word_1_103' title='bbox 450 2020 506 2081; x_wconf 87' lang='lat' dir='ltr'><strong>sut</strong></span> <span class='ocrx_word' id='word_1_104' title='bbox 538 2014 647 2080; x_wconf 82' lang='lat' dir='ltr'><strong>addite</strong></span> <span class='ocrx_word' id='word_1_105' title='bbox 675 2020 750 2080; x_wconf 89' lang='lat' dir='ltr'><strong>snut</strong></span> <span class='ocrx_word' id='word_1_106' title='bbox 779 2019 813 2082; x_wconf 91' lang='lat' dir='ltr'><strong>in</strong></span> <span class='ocrx_word' id='word_1_107' title='bbox 836 2015 927 2080; x_wconf 88' lang='lat' dir='ltr'><strong>libris</strong></span> <span class='ocrx_word' id='word_1_108' title='bbox 950 2021 1007 2082; x_wconf 84' lang='lat' dir='ltr'><strong>sut</strong></span> <span class='ocrx_word' id='word_1_109' title='bbox 1028 2019 1155 2082; x_wconf 86' lang='lat' dir='ltr'><strong>omissa.</strong></span> <span class='ocrx_word' id='word_1_110' title='bbox 1198 2015 1387 2083; x_wconf 87' lang='lat' dir='ltr'><strong>Videbimus</strong></span> 
     </span>
     <span class='ocr_line' id='line_1_15' title="bbox 195 2125 289 2190; baseline 0 0"><span class='ocrx_word' id='word_1_111' title='bbox 195 2125 289 2190; x_wconf 77' lang='lat' dir='ltr'><strong>inira.</strong></span> 
     </span>
    </p>

    <p class='ocr_par' dir='ltr' id='par_1_5' title="bbox 194 2221 1386 2630">
     <span class='ocr_line' id='line_1_16' title="bbox 242 2221 1385 2304; baseline -0.004 -10"><span class='ocrx_word' id='word_1_112' title='bbox 242 2228 279 2294; x_wconf 82' lang='lat' dir='ltr'><strong>Si</strong></span> <span class='ocrx_word' id='word_1_113' title='bbox 306 2228 419 2294; x_wconf 79' lang='lat' dir='ltr'><strong>fnisset</strong></span> <span class='ocrx_word' id='word_1_114' title='bbox 447 2226 593 2293; x_wconf 85' lang='lat' dir='ltr'><strong>inlibris</strong></span> <span class='ocrx_word' id='word_1_115' title='bbox 616 2224 916 2292; x_wconf 84' lang='lat' dir='ltr'><strong>emendeteleetio:</strong></span> <span class='ocrx_word' id='word_1_116' title='bbox 940 2227 967 2291; x_wconf 78' lang='lat' dir='ltr'><strong>si</strong></span> <span class='ocrx_word' id='word_1_117' title='bbox 990 2225 1062 2304; x_wconf 71' lang='grc' dir='ltr'><strong>μηδ’</strong></span> <span class='ocrx_word' id='word_1_118' title='bbox 1085 2221 1108 2290; x_wconf 72' lang='grc' dir='ltr'><em>ἃ</em></span> <span class='ocrx_word' id='word_1_119' title='bbox 1131 2225 1251 2292; x_wconf 73' lang='grc' dir='ltr'><strong><em>πάθοιτ’</em></strong></span> <span class='ocrx_word' id='word_1_120' title='bbox 1278 2225 1316 2290; x_wconf 71' lang='grc' dir='ltr'><strong>ἂν</strong></span> <span class='ocrx_word' id='word_1_121' title='bbox 1342 2265 1385 2276; x_wconf 95' lang='grc'>-</span> 
     </span>
     <span class='ocr_line' id='line_1_17' title="bbox 194 2330 1385 2417; baseline -0.003 -17"><span class='ocrx_word' id='word_1_122' title='bbox 194 2340 303 2400; x_wconf 81' lang='grc' dir='ltr'><strong><em>παῦσον</em></strong></span> <span class='ocrx_word' id='word_1_123' title='bbox 329 2341 454 2409; x_wconf 75' lang='grc' dir='ltr'><strong><em>ποιῆσαι</em></strong></span> <span class='ocrx_word' id='word_1_124' title='bbox 477 2333 577 2412; x_wconf 74' lang='grc' dir='ltr'><strong><em>καιρὸν</em></strong></span> <span class='ocrx_word' id='word_1_125' title='bbox 602 2330 727 2411; x_wconf 79' lang='grc' dir='ltr'><strong><em>ἔχοντες</em></strong></span> <span class='ocrx_word' id='word_1_126' title='bbox 749 2335 943 2408; x_wconf 73' lang='grc' dir='ltr'><strong>σολμιὶσεσει</strong></span> <span class='ocrx_word' id='word_1_127' title='bbox 969 2336 1001 2397; x_wconf 88' lang='lat' dir='ltr'><strong>et</strong></span> <span class='ocrx_word' id='word_1_128' title='bbox 1023 2331 1138 2417; x_wconf 78' lang='lat' dir='ltr'><strong>aliquis</strong></span> <span class='ocrx_word' id='word_1_129' title='bbox 1158 2333 1190 2396; x_wconf 84' lang='grc' dir='ltr'><strong>οὖ</strong></span> <span class='ocrx_word' id='word_1_130' title='bbox 1209 2332 1385 2410; x_wconf 73' lang='grc' dir='ltr'><strong><em>τολμήσετε</em></strong></span> 
     </span>
     <span class='ocr_line' id='line_1_18' title="bbox 197 2436 1386 2526; baseline -0.002 -20"><span class='ocrx_word' id='word_1_131' title='bbox 197 2461 348 2526; x_wconf 85' lang='lat' dir='ltr'><strong>reponere</strong></span> <span class='ocrx_word' id='word_1_132' title='bbox 377 2438 547 2515; x_wconf 86' lang='lat' dir='ltr'><strong>voluisset,</strong></span> <span class='ocrx_word' id='word_1_133' title='bbox 576 2439 647 2522; x_wconf 89' lang='lat' dir='ltr'><strong>quis</strong></span> <span class='ocrx_word' id='word_1_134' title='bbox 669 2457 732 2502; x_wconf 91' lang='lat' dir='ltr'><strong>non</strong></span> <span class='ocrx_word' id='word_1_135' title='bbox 755 2457 831 2501; x_wconf 90' lang='lat' dir='ltr'><strong>eum</strong></span> <span class='ocrx_word' id='word_1_136' title='bbox 853 2436 1016 2502; x_wconf 90' lang='lat' dir='ltr'><strong>hominem</strong></span> <span class='ocrx_word' id='word_1_137' title='bbox 1038 2439 1176 2502; x_wconf 78' lang='lat' dir='ltr'><strong>insanire</strong></span> <span class='ocrx_word' id='word_1_138' title='bbox 1199 2441 1232 2504; x_wconf 93' lang='lat' dir='ltr'><strong>et</strong></span> <span class='ocrx_word' id='word_1_139' title='bbox 1254 2437 1386 2504; x_wconf 83' lang='lat' dir='ltr'><strong>delirare</strong></span> 
     </span>
     <span class='ocr_line' id='line_1_19' title="bbox 195 2540 345 2630; baseline 0 -20"><span class='ocrx_word' id='word_1_140' title='bbox 195 2540 345 2630; x_wconf 80' lang='lat' dir='ltr'><strong>putaret?</strong></span> 
     </span>
    </p>
   </div>
   <div class='ocr_carea' id='block_1_5' title="bbox 194 2748 1387 3263">
    <p class='ocr_par' dir='ltr' id='par_1_6' title="bbox 194 2748 1387 3263">
     <span class='ocr_line' id='line_1_20' title="bbox 241 2748 1386 2842; baseline -0.002 -22"><span class='ocrx_word' id='word_1_141' title='bbox 241 2754 321 2842; x_wconf 83' lang='lat' dir='ltr'><strong>Peg.</strong></span> <span class='ocrx_word' id='word_1_142' title='bbox 355 2749 407 2818; x_wconf 84' lang='lat'><strong>17.</strong></span> <span class='ocrx_word' id='word_1_143' title='bbox 442 2750 472 2816; x_wconf 85' lang='lat'><strong>5.</strong></span> <span class='ocrx_word' id='word_1_144' title='bbox 506 2751 558 2817; x_wconf 78' lang='grc' dir='ltr'><strong>καὶ</strong></span> <span class='ocrx_word' id='word_1_145' title='bbox 591 2750 730 2832; x_wconf 74' lang='grc' dir='ltr'><strong>πρόσεσθ’</strong></span> <span class='ocrx_word' id='word_1_146' title='bbox 764 2753 781 2825; x_wconf 72' lang='grc' dir='ltr'><strong><em>ἡ</em></strong></span> <span class='ocrx_word' id='word_1_147' title='bbox 806 2748 893 2831; x_wconf 76' lang='grc' dir='ltr'><strong><em>ὕβρις</em></strong></span> <span class='ocrx_word' id='word_1_148' title='bbox 918 2749 970 2816; x_wconf 74' lang='grc' dir='ltr'><strong>καὶ</strong></span> <span class='ocrx_word' id='word_1_149' title='bbox 995 2748 1040 2815; x_wconf 75' lang='grc' dir='ltr'><strong>ἔτι</strong></span> <span class='ocrx_word' id='word_1_150' title='bbox 1065 2752 1082 2825; x_wconf 80' lang='grc' dir='ltr'><strong><em>ἧ</em></strong></span> <span class='ocrx_word' id='word_1_151' title='bbox 1106 2757 1165 2815; x_wconf 78' lang='grc' dir='ltr'><strong>σῶν</strong></span> <span class='ocrx_word' id='word_1_152' title='bbox 1188 2752 1386 2833; x_wconf 69' lang='grc' dir='ltr'><strong>πραγμάτων</strong></span> 
     </span>
     <span class='ocr_line' id='line_1_21' title="bbox 195 2855 1387 2944; baseline 0 -18"><span class='ocrx_word' id='word_1_153' title='bbox 195 2859 333 2941; x_wconf 75' lang='grc' dir='ltr'><strong><em>αἰσχύνοι</em></strong></span> <span class='ocrx_word' id='word_1_154' title='bbox 357 2857 501 2935; x_wconf 70' lang='grc' dir='ltr'><strong><em>οὐδεμιᾶς</em></strong></span> <span class='ocrx_word' id='word_1_155' title='bbox 525 2856 664 2922; x_wconf 76' lang='grc' dir='ltr'><strong>ἑλοὶσσων</strong></span> <span class='ocrx_word' id='word_1_156' title='bbox 687 2855 801 2937; x_wconf 73' lang='grc' dir='ltr'><strong>ζημίας</strong></span> <span class='ocrx_word' id='word_1_157' title='bbox 825 2862 888 2928; x_wconf 79' lang='grc' dir='ltr'><strong><em>σοῖο</em></strong></span> <span class='ocrx_word' id='word_1_158' title='bbox 907 2880 946 2933; x_wconf 88' lang='grc' dir='ltr'><strong>γε</strong></span> <span class='ocrx_word' id='word_1_159' title='bbox 967 2857 1127 2938; x_wconf 78' lang='grc' dir='ltr'><strong><em>σώφροσιν.</em></strong></span> <span class='ocrx_word' id='word_1_160' title='bbox 1175 2858 1387 2944; x_wconf 71' lang='lat' dir='ltr'><strong>lepidissime</strong></span> 
     </span>
     <span class='ocr_line' id='line_1_22' title="bbox 194 2957 1385 3050; baseline 0 -20"><span class='ocrx_word' id='word_1_161' title='bbox 194 2963 342 3030; x_wconf 83' lang='lat' dir='ltr'><strong>Iulianus</strong></span> <span class='ocrx_word' id='word_1_162' title='bbox 364 2965 399 3026; x_wconf 91' lang='lat' dir='ltr'><strong>in</strong></span> <span class='ocrx_word' id='word_1_163' title='bbox 421 2962 565 3049; x_wconf 79' lang='lat' dir='ltr'><strong>Dpistole</strong></span> <span class='ocrx_word' id='word_1_164' title='bbox 587 2963 627 3026; x_wconf 83' lang='lat' dir='ltr'><strong>ed</strong></span> <span class='ocrx_word' id='word_1_165' title='bbox 644 2963 853 3028; x_wconf 83' lang='lat' dir='ltr'><strong>Athenienses</strong></span> <span class='ocrx_word' id='word_1_166' title='bbox 870 2982 945 3049; x_wconf 88' lang='lat' dir='ltr'><strong>peg.</strong></span> <span class='ocrx_word' id='word_1_167' title='bbox 965 2957 1044 3028; x_wconf 80' lang='lat'><strong>287.</strong></span> <span class='ocrx_word' id='word_1_168' title='bbox 1066 2979 1094 3028; x_wconf 95' lang='lat' dir='ltr'><strong>o.</strong></span> <span class='ocrx_word' id='word_1_169' title='bbox 1114 2966 1161 3030; x_wconf 88' lang='lat' dir='ltr'><strong>ite</strong></span> <span class='ocrx_word' id='word_1_170' title='bbox 1179 2967 1322 3050; x_wconf 89' lang='lat' dir='ltr'><strong>scripsit:</strong></span> <span class='ocrx_word' id='word_1_171' title='bbox 1343 2968 1385 3030; x_wconf 79' lang='grc' dir='ltr'><strong>πὸ</strong></span> 
     </span>
     <span class='ocr_line' id='line_1_23' title="bbox 194 3063 1385 3150; baseline 0.002 -16"><span class='ocrx_word' id='word_1_172' title='bbox 194 3071 306 3134; x_wconf 71' lang='grc' dir='ltr'><strong><em>παθεῖν</em></strong></span> <span class='ocrx_word' id='word_1_173' title='bbox 336 3092 372 3134; x_wconf 82' lang='grc' dir='ltr'><strong>σε</strong></span> <span class='ocrx_word' id='word_1_174' title='bbox 400 3063 487 3144; x_wconf 78' lang='grc' dir='ltr'><strong><em>οἶμαι</em></strong></span> <span class='ocrx_word' id='word_1_175' title='bbox 519 3074 630 3147; x_wconf 77' lang='grc' dir='ltr'><strong><em>προσιῑν</em></strong></span> <span class='ocrx_word' id='word_1_176' title='bbox 652 3067 705 3130; x_wconf 81' lang='grc' dir='ltr'><strong>καὶ</strong></span> <span class='ocrx_word' id='word_1_177' title='bbox 731 3066 776 3132; x_wconf 80' lang='grc' dir='ltr'><strong>ἔτι</strong></span> <span class='ocrx_word' id='word_1_178' title='bbox 802 3068 819 3142; x_wconf 73' lang='grc' dir='ltr'><strong><em>ἡ</em></strong></span> <span class='ocrx_word' id='word_1_179' title='bbox 842 3072 902 3131; x_wconf 84' lang='grc' dir='ltr'><strong>πῶν</strong></span> <span class='ocrx_word' id='word_1_180' title='bbox 925 3065 1123 3147; x_wconf 73' lang='grc' dir='ltr'><strong>πραγμάτων</strong></span> <span class='ocrx_word' id='word_1_181' title='bbox 1147 3069 1283 3150; x_wconf 73' lang='grc' dir='ltr'><strong><em>αἰσχύνη</em></strong></span> <span class='ocrx_word' id='word_1_182' title='bbox 1305 3071 1385 3136; x_wconf 77' lang='grc' dir='ltr'><strong><em>οὐδε·</em></strong></span> 
     </span>
     <span class='ocr_line' id='line_1_24' title="bbox 194 3170 1385 3263; baseline 0.002 -24"><span class='ocrx_word' id='word_1_183' title='bbox 194 3178 275 3252; x_wconf 79' lang='grc' dir='ltr'><strong><em>μιῖος</em></strong></span> <span class='ocrx_word' id='word_1_184' title='bbox 295 3173 433 3238; x_wconf 68' lang='grc' dir='ltr'><strong>ἐλάσσον</strong></span> <span class='ocrx_word' id='word_1_185' title='bbox 452 3171 566 3254; x_wconf 70' lang='grc' dir='ltr'><strong>ζημίας</strong></span> <span class='ocrx_word' id='word_1_186' title='bbox 578 3181 641 3244; x_wconf 80' lang='grc' dir='ltr'><strong><em>τοῖς</em></strong></span> <span class='ocrx_word' id='word_1_187' title='bbox 653 3197 693 3250; x_wconf 88' lang='grc' dir='ltr'><strong>γε</strong></span> <span class='ocrx_word' id='word_1_188' title='bbox 705 3172 865 3255; x_wconf 76' lang='grc' dir='ltr'><strong>σώφροσιν.</strong></span> <span class='ocrx_word' id='word_1_189' title='bbox 881 3172 922 3238; x_wconf 89' lang='lat' dir='ltr'><strong>ef.</strong></span> <span class='ocrx_word' id='word_1_190' title='bbox 935 3171 1092 3238; x_wconf 90' lang='lat' dir='ltr'><strong>Mnemos.</strong></span> <span class='ocrx_word' id='word_1_191' title='bbox 1109 3170 1206 3240; x_wconf 83' lang='lat'><strong>1859.</strong></span> <span class='ocrx_word' id='word_1_192' title='bbox 1221 3196 1294 3263; x_wconf 86' lang='lat' dir='ltr'><strong>pag.</strong></span> <span class='ocrx_word' id='word_1_193' title='bbox 1308 3173 1385 3242; x_wconf 85' lang='grc'><strong>399.</strong></span> 
     </span>
    </p>
   </div>
   <div class='ocr_carea' id='block_1_6' title="bbox 197 3379 1388 4520">
    <p class='ocr_par' dir='ltr' id='par_1_7' title="bbox 197 3379 1388 4520">
     <span class='ocr_line' id='line_1_25' title="bbox 244 3379 1384 3472; baseline 0 -22"><span class='ocrx_word' id='word_1_194' title='bbox 244 3385 327 3472; x_wconf 87' lang='lat' dir='ltr'><strong>Peg.</strong></span> <span class='ocrx_word' id='word_1_195' title='bbox 357 3383 412 3449; x_wconf 79' lang='lat'><strong>21.</strong></span> <span class='ocrx_word' id='word_1_196' title='bbox 447 3380 498 3449; x_wconf 87' lang='grc'><strong>16.</strong></span> <span class='ocrx_word' id='word_1_197' title='bbox 530 3384 690 3448; x_wconf 78' lang='grc' dir='ltr'><strong><em>σκοπεῖσθε</em></strong></span> <span class='ocrx_word' id='word_1_198' title='bbox 718 3381 821 3460; x_wconf 80' lang='grc' dir='ltr'><strong><em>μέντοι</em></strong></span> <span class='ocrx_word' id='word_1_199' title='bbox 853 3387 943 3447; x_wconf 80' lang='grc' dir='ltr'><strong><em>τοῦτο</em></strong></span> <span class='ocrx_word' id='word_1_200' title='bbox 974 3379 1053 3456; x_wconf 76' lang='grc' dir='ltr'><strong>ὅπως</strong></span> <span class='ocrx_word' id='word_1_201' title='bbox 1083 3385 1128 3461; x_wconf 67' lang='grc' dir='ltr'><strong>μὴ</strong></span> <span class='ocrx_word' id='word_1_202' title='bbox 1152 3383 1264 3461; x_wconf 79' lang='grc' dir='ltr'><strong><em>λόγους</em></strong></span> <span class='ocrx_word' id='word_1_203' title='bbox 1288 3386 1384 3464; x_wconf 70' lang='grc' dir='ltr'><strong><em>ἐροῦσι</em></strong></span> 
     </span>
     <span class='ocr_line' id='line_1_26' title="bbox 198 3485 1386 3569; baseline 0.001 -14"><span class='ocrx_word' id='word_1_204' title='bbox 198 3491 290 3568; x_wconf 77' lang='grc' dir='ltr'><strong><em>μόνον</em></strong></span> <span class='ocrx_word' id='word_1_205' title='bbox 321 3492 346 3556; x_wconf 76' lang='grc' dir='ltr'><strong>οἱ</strong></span> <span class='ocrx_word' id='word_1_206' title='bbox 378 3490 452 3569; x_wconf 87' lang='grc' dir='ltr'><strong><em>παρ’</em></strong></span> <span class='ocrx_word' id='word_1_207' title='bbox 480 3489 562 3566; x_wconf 79' lang='grc' dir='ltr'><strong><em>ὑμῶν</em></strong></span> <span class='ocrx_word' id='word_1_208' title='bbox 585 3488 730 3569; x_wconf 77' lang='grc' dir='ltr'><strong>πρέσβεις</strong></span> <span class='ocrx_word' id='word_1_209' title='bbox 754 3487 843 3552; x_wconf 75' lang='grc' dir='ltr'><strong><em>οὶλλοὶ</em></strong></span> <span class='ocrx_word' id='word_1_210' title='bbox 866 3486 917 3552; x_wconf 73' lang='grc' dir='ltr'><strong>καὶ</strong></span> <span class='ocrx_word' id='word_1_211' title='bbox 943 3485 1081 3569; x_wconf 81' lang='grc' dir='ltr'><strong><em>ἔργοισι</em></strong></span> <span class='ocrx_word' id='word_1_212' title='bbox 1106 3488 1249 3554; x_wconf 75' lang='grc' dir='ltr'><strong>δεικνύειν</strong></span> <span class='ocrx_word' id='word_1_213' title='bbox 1270 3486 1386 3568; x_wconf 74' lang='grc' dir='ltr'><strong><em>ἕξουσιν</em></strong></span> 
     </span>
     <span class='ocr_line' id='line_1_27' title="bbox 200 3590 1386 3679; baseline 0 -19"><span class='ocrx_word' id='word_1_214' title='bbox 200 3633 243 3644; x_wconf 93' lang='lat'><em>-</em></span> <span class='ocrx_word' id='word_1_215' title='bbox 267 3599 306 3668; x_wconf 63' lang='lat' dir='ltr'><strong>er</strong></span> <span class='ocrx_word' id='word_1_216' title='bbox 339 3590 426 3667; x_wconf 74' lang='grc' dir='ltr'><strong>ἅπας</strong></span> <span class='ocrx_word' id='word_1_217' title='bbox 449 3594 506 3672; x_wconf 76' lang='grc' dir='ltr'><strong>μὲν</strong></span> <span class='ocrx_word' id='word_1_218' title='bbox 528 3593 620 3672; x_wconf 71' lang='grc' dir='ltr'><strong><em>λόγος</em></strong></span> <span class='ocrx_word' id='word_1_219' title='bbox 644 3591 681 3659; x_wconf 72' lang='grc' dir='ltr'><strong>ἂν</strong></span> <span class='ocrx_word' id='word_1_220' title='bbox 704 3594 771 3674; x_wconf 68' lang='lat' dir='ltr'><strong>cirri</strong></span> <span class='ocrx_word' id='word_1_221' title='bbox 795 3593 838 3657; x_wconf 78' lang='lat' dir='ltr'><strong>rel</strong></span> <span class='ocrx_word' id='word_1_222' title='bbox 860 3591 1043 3674; x_wconf 75' lang='grc' dir='ltr'><strong>πράγματα</strong></span> <span class='ocrx_word' id='word_1_223' title='bbox 1064 3592 1201 3672; x_wconf 77' lang='grc' dir='ltr'><strong>μοὶσαιδν</strong></span> <span class='ocrx_word' id='word_1_224' title='bbox 1223 3619 1254 3660; x_wconf 88' lang='grc' dir='ltr'><strong>σι</strong></span> <span class='ocrx_word' id='word_1_225' title='bbox 1278 3596 1386 3679; x_wconf 75' lang='grc' dir='ltr'><strong><em>Φαίνε-</em></strong></span> 
     </span>
     <span class='ocr_line' id='line_1_28' title="bbox 197 3696 1386 3784; baseline 0.001 -18"><span class='ocrx_word' id='word_1_226' title='bbox 197 3725 253 3766; x_wconf 83' lang='grc' dir='ltr'><strong>ται</strong></span> <span class='ocrx_word' id='word_1_227' title='bbox 277 3701 329 3766; x_wconf 69' lang='grc' dir='ltr'><strong>καὶ</strong></span> <span class='ocrx_word' id='word_1_228' title='bbox 353 3697 454 3778; x_wconf 67' lang='lat' dir='ltr'><strong>asub,</strong></span> <span class='ocrx_word' id='word_1_229' title='bbox 481 3699 606 3777; x_wconf 74' lang='grc' dir='ltr'><strong><em>μάλιςοι</em></strong></span> <span class='ocrx_word' id='word_1_230' title='bbox 629 3698 697 3764; x_wconf 70' lang='grc' dir='ltr'><strong>1ὲὸ</strong></span> <span class='ocrx_word' id='word_1_231' title='bbox 722 3700 809 3778; x_wconf 71' lang='grc' dir='ltr'><strong><em>παρὰ</em></strong></span> <span class='ocrx_word' id='word_1_232' title='bbox 831 3705 887 3771; x_wconf 76' lang='grc' dir='ltr'><strong>σῆς</strong></span> <span class='ocrx_word' id='word_1_233' title='bbox 910 3697 1063 3779; x_wconf 66' lang='grc' dir='ltr'><strong>ἡμετέρας</strong></span> <span class='ocrx_word' id='word_1_234' title='bbox 1088 3699 1225 3774; x_wconf 69' lang='grc' dir='ltr'><strong>πόλεως·</strong></span> <span class='ocrx_word' id='word_1_235' title='bbox 1246 3696 1302 3784; x_wconf 75' lang='grc' dir='ltr'><strong>ὅσῳ</strong></span> <span class='ocrx_word' id='word_1_236' title='bbox 1322 3702 1386 3783; x_wconf 78' lang='grc' dir='ltr'><strong>γοὶρ</strong></span> 
     </span>
     <span class='ocr_line' id='line_1_29' title="bbox 198 3804 1385 3886; baseline -0.002 -14"><span class='ocrx_word' id='word_1_237' title='bbox 198 3805 377 3884; x_wconf 67' lang='grc' dir='ltr'><strong>ἑτοιμάσατ’</strong></span> <span class='ocrx_word' id='word_1_238' title='bbox 407 3806 491 3886; x_wconf 72' lang='grc' dir='ltr'><strong><em>αὐτῷ</em></strong></span> <span class='ocrx_word' id='word_1_239' title='bbox 524 3805 667 3883; x_wconf 81' lang='grc' dir='ltr'><strong><em>δοκοῦμεν</em></strong></span> <span class='ocrx_word' id='word_1_240' title='bbox 688 3806 821 3883; x_wconf 69' lang='grc' dir='ltr'><strong><em>χρῆσθαι</em></strong></span> <span class='ocrx_word' id='word_1_241' title='bbox 843 3804 975 3884; x_wconf 83' lang='grc' dir='ltr'><strong><em>ποσούπιρ</em></strong></span> <span class='ocrx_word' id='word_1_242' title='bbox 997 3808 1121 3884; x_wconf 81' lang='grc' dir='ltr'><strong><em>μῖιλλον</em></strong></span> <span class='ocrx_word' id='word_1_243' title='bbox 1145 3807 1288 3872; x_wconf 71' lang='grc' dir='ltr'><strong><em>ἀπιποῦσι</em></strong></span> <span class='ocrx_word' id='word_1_244' title='bbox 1309 3806 1385 3872; x_wconf 81' lang='grc' dir='ltr'><strong><em>ποίν-</em></strong></span> 
     </span>
     <span class='ocr_line' id='line_1_30' title="bbox 198 3908 1387 3996; baseline 0.001 -20"><span class='ocrx_word' id='word_1_245' title='bbox 198 3936 251 3984; x_wconf 79' lang='grc' dir='ltr'><strong>σες</strong></span> <span class='ocrx_word' id='word_1_246' title='bbox 284 3913 379 3992; x_wconf 76' lang='grc' dir='ltr'><strong>αὐτῷ.</strong></span> <span class='ocrx_word' id='word_1_247' title='bbox 427 3910 491 3977; x_wconf 88' lang='lat' dir='ltr'><strong>Hie</strong></span> <span class='ocrx_word' id='word_1_248' title='bbox 521 3911 683 3996; x_wconf 89' lang='lat' dir='ltr'><strong>imprimis</strong></span> <span class='ocrx_word' id='word_1_249' title='bbox 712 3909 801 3976; x_wconf 90' lang='lat' dir='ltr'><strong>locus</strong></span> <span class='ocrx_word' id='word_1_250' title='bbox 831 3908 968 3976; x_wconf 76' lang='lat' dir='ltr'><strong>declaret</strong></span> <span class='ocrx_word' id='word_1_251' title='bbox 999 3930 1095 3995; x_wconf 82' lang='lat' dir='ltr'><strong>quem</strong></span> <span class='ocrx_word' id='word_1_252' title='bbox 1123 3909 1255 3974; x_wconf 82' lang='lat' dir='ltr'><strong>licenter</strong></span> <span class='ocrx_word' id='word_1_253' title='bbox 1286 3913 1387 3996; x_wconf 88' lang='lat' dir='ltr'><strong>inepti</strong></span> 
     </span>
     <span class='ocr_line' id='line_1_31' title="bbox 199 4012 1386 4102; baseline -0.003 -19"><span class='ocrx_word' id='word_1_254' title='bbox 199 4023 387 4084; x_wconf 75' lang='lat' dir='ltr'><strong>comestores</strong></span> <span class='ocrx_word' id='word_1_255' title='bbox 416 4020 450 4082; x_wconf 90' lang='lat' dir='ltr'><strong>in</strong></span> <span class='ocrx_word' id='word_1_256' title='bbox 471 4015 569 4082; x_wconf 88' lang='lat' dir='ltr'><strong>libros</strong></span> <span class='ocrx_word' id='word_1_257' title='bbox 591 4019 714 4082; x_wconf 79' lang='lat' dir='ltr'><strong>veteres</strong></span> <span class='ocrx_word' id='word_1_258' title='bbox 736 4014 855 4080; x_wconf 87' lang='lat' dir='ltr'><strong>fuerint</strong></span> <span class='ocrx_word' id='word_1_259' title='bbox 877 4017 1024 4102; x_wconf 79' lang='lat' dir='ltr'><strong>grassati.</strong></span> <span class='ocrx_word' id='word_1_260' title='bbox 1071 4012 1257 4079; x_wconf 75' lang='lat' dir='ltr'><strong>Describam</strong></span> <span class='ocrx_word' id='word_1_261' title='bbox 1279 4013 1386 4080; x_wconf 85' lang='lat' dir='ltr'><strong>locum</strong></span> 
     </span>
     <span class='ocr_line' id='line_1_32' title="bbox 198 4117 1385 4198; baseline -0.002 -12"><span class='ocrx_word' id='word_1_262' title='bbox 198 4127 239 4186; x_wconf 92' lang='lat' dir='ltr'><strong>nt</strong></span> <span class='ocrx_word' id='word_1_263' title='bbox 268 4121 351 4185; x_wconf 88' lang='lat' dir='ltr'><strong>mihi</strong></span> <span class='ocrx_word' id='word_1_264' title='bbox 383 4121 564 4188; x_wconf 87' lang='lat' dir='ltr'><strong>scribendus</strong></span> <span class='ocrx_word' id='word_1_265' title='bbox 588 4141 654 4186; x_wconf 90' lang='lat' dir='ltr'><strong>esse</strong></span> <span class='ocrx_word' id='word_1_266' title='bbox 677 4119 822 4186; x_wconf 84' lang='lat' dir='ltr'><strong>videtur:</strong></span> <span class='ocrx_word' id='word_1_267' title='bbox 846 4120 974 4196; x_wconf 71' lang='grc' dir='ltr'><strong><em>μάλιοοι</em></strong></span> <span class='ocrx_word' id='word_1_268' title='bbox 995 4119 1026 4184; x_wconf 75' lang='grc' dir='ltr'><strong>δὲ</strong></span> <span class='ocrx_word' id='word_1_269' title='bbox 1050 4119 1065 4182; x_wconf 82' lang='lat' dir='ltr'><strong>d</strong></span> <span class='ocrx_word' id='word_1_270' title='bbox 1087 4117 1175 4198; x_wconf 70' lang='grc' dir='ltr'><strong><em>παρὰ</em></strong></span> <span class='ocrx_word' id='word_1_271' title='bbox 1197 4128 1253 4193; x_wconf 74' lang='grc' dir='ltr'><strong>τῆς</strong></span> <span class='ocrx_word' id='word_1_272' title='bbox 1276 4120 1385 4197; x_wconf 70' lang='grc' dir='ltr'><strong>ἤμεσέ·</strong></span> 
     </span>
     <span class='ocr_line' id='line_1_33' title="bbox 199 4223 1387 4308; baseline 0.003 -19"><span class='ocrx_word' id='word_1_273' title='bbox 199 4248 258 4305; x_wconf 78' lang='grc' dir='ltr'><strong>ρας</strong></span> <span class='ocrx_word' id='word_1_274' title='bbox 287 4224 403 4298; x_wconf 77' lang='grc' dir='ltr'><strong>πόλεως</strong></span> <span class='ocrx_word' id='word_1_275' title='bbox 435 4223 492 4308; x_wconf 73' lang='grc' dir='ltr'><strong>ὅσῳ</strong></span> <span class='ocrx_word' id='word_1_276' title='bbox 515 4235 586 4290; x_wconf 84' lang='grc' dir='ltr'><strong>ΚΑΙ</strong></span> <span class='ocrx_word' id='word_1_277' title='bbox 611 4225 786 4302; x_wconf 79' lang='grc' dir='ltr'><strong>ἑτοιμότατ’</strong></span> <span class='ocrx_word' id='word_1_278' title='bbox 810 4225 894 4304; x_wconf 81' lang='grc' dir='ltr'><strong><em>αὐτῷ</em></strong></span> <span class='ocrx_word' id='word_1_279' title='bbox 917 4224 1061 4302; x_wconf 73' lang='grc' dir='ltr'><strong><em>δοκοῦμεν</em></strong></span> <span class='ocrx_word' id='word_1_280' title='bbox 1082 4224 1226 4303; x_wconf 74' lang='grc' dir='ltr'><strong>χρῆσθαι.</strong></span> <span class='ocrx_word' id='word_1_281' title='bbox 1272 4224 1387 4292; x_wconf 84' lang='lat' dir='ltr'><strong>Dieam</strong></span> 
     </span>
     <span class='ocr_line' id='line_1_34' title="bbox 200 4329 1388 4416; baseline 0.002 -20"><span class='ocrx_word' id='word_1_282' title='bbox 200 4333 344 4416; x_wconf 89' lang='lat' dir='ltr'><strong>primum</strong></span> <span class='ocrx_word' id='word_1_283' title='bbox 374 4331 456 4396; x_wconf 88' lang='lat' dir='ltr'><strong>unde</strong></span> <span class='ocrx_word' id='word_1_284' title='bbox 482 4333 562 4397; x_wconf 84' lang='lat' dir='ltr'><strong>hene</strong></span> <span class='ocrx_word' id='word_1_285' title='bbox 583 4336 726 4396; x_wconf 85' lang='lat' dir='ltr'><strong>veterem</strong></span> <span class='ocrx_word' id='word_1_286' title='bbox 748 4329 918 4396; x_wconf 88' lang='lat' dir='ltr'><strong>lectionem</strong></span> <span class='ocrx_word' id='word_1_287' title='bbox 941 4330 1038 4395; x_wconf 87' lang='lat' dir='ltr'><strong>fuisse</strong></span> <span class='ocrx_word' id='word_1_288' title='bbox 1060 4331 1249 4415; x_wconf 88' lang='lat' dir='ltr'><strong>repererim,</strong></span> <span class='ocrx_word' id='word_1_289' title='bbox 1275 4331 1388 4399; x_wconf 89' lang='lat' dir='ltr'><strong>deinde</strong></span> 
     </span>
     <span class='ocr_line' id='line_1_35' title="bbox 202 4433 1387 4520; baseline 0.003 -20"><span class='ocrx_word' id='word_1_290' title='bbox 202 4437 377 4501; x_wconf 78' lang='lat' dir='ltr'><strong>rectissime</strong></span> <span class='ocrx_word' id='word_1_291' title='bbox 399 4439 447 4502; x_wconf 85' lang='lat' dir='ltr'><strong>its</strong></span> <span class='ocrx_word' id='word_1_292' title='bbox 469 4436 532 4502; x_wconf 87' lang='lat' dir='ltr'><strong>diei</strong></span> <span class='ocrx_word' id='word_1_293' title='bbox 556 4436 784 4502; x_wconf 84' lang='lat' dir='ltr'><strong>demonstrabo.</strong></span> <span class='ocrx_word' id='word_1_294' title='bbox 822 4433 993 4519; x_wconf 88' lang='lat' dir='ltr'><strong>impostor,</strong></span> <span class='ocrx_word' id='word_1_295' title='bbox 1020 4437 1076 4520; x_wconf 91' lang='lat' dir='ltr'><strong>qui</strong></span> <span class='ocrx_word' id='word_1_296' title='bbox 1094 4433 1303 4501; x_wconf 87' lang='lat' dir='ltr'><strong>Demostheni</strong></span> <span class='ocrx_word' id='word_1_297' title='bbox 1320 4457 1387 4503; x_wconf 84' lang='lat' dir='ltr'><strong>ore·</strong></span> 
     </span>
    </p>
   </div>
   <div class='ocr_carea' id='block_1_7' title="bbox 0 0 1684 5200">
    <p class='ocr_par' dir='ltr' id='par_1_8' title="bbox 0 0 1684 5200">
     <span class='ocr_line' id='line_1_36' title="bbox 0 0 1684 5200; baseline 0 0"><span class='ocrx_word' id='word_1_298' title='bbox 0 0 1684 5200; x_wconf 95' lang='lat' dir='ltr'><strong> </strong></span> 
     </span>
    </p>
   </div>
  </div>
 </body>
</html>
