3358 5200
730 353 772 432 tr

148 553 306 626 mendum
329 556 451 624 tollere.
497 557 586 622 Dicit
607 578 640 624 se
663 553 829 622 Gordianis
851 575 945 643 opem
969 554 1096 632 tulisse,
1123 550 1341 623 laborantibus

147 669 253 754 igitur
283 669 316 730 et
337 665 372 728 in
394 663 536 750 periculo
558 662 767 731 versantibus.
815 661 926 747 ltaque
948 662 975 726 εί
1000 662 1245 728 ’θΓναταλιπίιν
1268 661 1340 735 τοὺς

150 770 345 852 συμμάχους
376 771 509 838 dixerat.
556 769 638 835 Ννοα
669 792 714 834 me
740 775 850 833 σείριον
871 769 964 833 sorim
987 769 1147 834 destituere
1172 769 1340 856 oportebat,

148 881 275 964 inquit,
297 884 325 942 et
343 900 393 942 voa
404 878 539 962 potiores
556 877 677 953 ίαθονο,
699 874 752 960 qui
768 874 843 938 miti
861 873 993 939 οποινίθαο
1013 873 1107 939 modis
1118 875 1189 938 ertia
1200 871 1341 938 mulcati?

149 982 206 1050 Sic
227 981 388 1050 emblema
410 988 522 1070 sponte
544 982 673 1049 excidit.

198 1195 281 1284 Peg.
314 1194 389 1263 162.
422 1195 475 1264 17.
508 1197 674 1274 ὑπομείνας
705 1197 760 1275 μὲν
793 1197 877 1273 -μθρ
902 1193 1074 1276 προειμένος
1098 1193 1151 1272 δέ,
1175 1197 1341 1261 imovero

152 1302 329 1385 προέμενος.
375 1301 502 1389 Ubique
524 1303 649 1370 videbis
672 1302 846 1383 προίεσθαι,
872 1299 1012 1381 προέσθαι
1035 1308 1068 1367 et
1086 1303 1240 1383 προεῖσθαι
1259 1304 1344 1366 inter

152 1431 188 1476 se
218 1411 365 1487 misceri,
399 1409 611 1495 similiterque
644 1411 679 1473 in
706 1409 884 1494 participiis
916 1405 1086 1488 προϊέμενος
1119 1412 1151 1474 st
1181 1408 1342 1489 προέμενος

154 1521 188 1581 et
221 1514 405 1596 προειμένος.
452 1514 538 1595 Quid
567 1517 610 1580 sit
634 1532 758 1602 quoque
779 1512 849 1580 loco
872 1533 984 1582 vtum
1009 1514 1102 1581 facile
1126 1515 1160 1580 έιο
1184 1519 1243 1580 τῶν
1265 1537 1345 1594 συμ-

152 1619 356 1704 φραζομένων
380 1619 555 1708 colligitur.

197 1833 282 1921 Peg.
308 1830 383 1898 160.
408 1829 440 1898 ’7.
463 1833 506 1904 είς
530 1835 620 1896 τοῦτο
642 1831 839 1912 παρανομίας
863 1831 986 1913 ἀφῖχθε
1009 1830 1073 1895 καὶ-
1084 1832 1266 1911 δυσμενείας
1286 1829 1345 1902 cisa

151 1938 209 2006 καί
243 1936 317 2017 πρθς
348 1937 399 2002 τὸν
426 1937 543 2017 Πέρσην
566 1937 711 2019 πρέσβεις
736 1938 954 2006 successore.
1003 1936 1141 2004 Offendit
1163 1939 1345 2005 Dobreeum

150 2047 235 2112 heco
270 2043 464 2122 παρανομία,
501 2045 536 2107 in
570 2063 633 2127 qua
665 2042 756 2108 nulla
788 2044 837 2107 tec
871 2048 939 2109 orat
972 2063 1053 2128 quae
1083 2043 1198 2110 violari
1229 2049 1344 2129 posset.

150 2151 271 2236 Itaque
293 2151 443 2214 coniecit:
464 2149 506 2220 είς
530 2154 618 2214 τοῦτο
644 2148 867 2237 [παρανομίας]
895 2150 1017 2232 ἀφῖχθε
1042 2147 1123 2236 [καί]
1151 2148 1345 2228 δυσμενείας.

151 2255 222 2322 Sed
252 2256 411 2340 aequiores
441 2252 592 2326 Graeculi
622 2263 810 2335 παρανομεῖν
831 2256 991 2341 ponebant
1011 2274 1069 2342 pro
1092 2255 1221 2339 inprobe
1234 2255 1347 2342 facere

151 2369 188 2430 et
213 2361 394 2442 παρανομία
416 2362 456 2426 ab
479 2364 519 2426 iis
543 2361 661 2428 dieitur
683 2363 788 2428 omnis
811 2361 992 2446 improbitas.

202 2573 286 2660 Peg.
319 2571 394 2639 162.
426 2571 479 2638 21.
505 2573 595 2652 γνοὺς
621 2574 681 2652 ἐγὼ
705 2577 810 2639 ταῦτα
836 2573 1073 2655 προύκαλούμην
1097 2574 1162 2640 xri.
1210 2569 1349 2640 Oonneo·
1435 2615 1437 2620 ·

150 2679 255 2747 tenda
284 2679 363 2746 haec
393 2685 467 2747 sunt
498 2679 537 2746 ds
566 2698 655 2745 more
679 2701 754 2746 oum
776 2681 1038 2766 praecedentibus
1061 2681 1124 2747 sic:
1149 2680 1239 2760 γνοὺς
1268 2673 1344 2768 [οὖν]

151 2785 219 2866 έγὲν
255 2791 369 2851 ταῦτα.
417 2784 454 2850 In
488 2806 555 2871 sqq.
593 2786 646 2851 εὀὶν
675 2787 733 2865 μέν
763 2786 822 2865 έμίρ
853 2786 973 2868 γνωσθῇ
1006 2791 1040 2851 et
1070 2787 1124 2851 έοὶν
1156 2785 1187 2850 δέ
1213 2786 1348 2867 ὑμετέρα

151 2892 262 2974 κριθῇ,
294 2911 358 2956 non
388 2895 436 2958 est
466 2891 552 2958 idem
582 2893 755 2969 γνωσθῆναι
784 2897 817 2958 ct
840 2893 990 2973 αριθῆναιτ
1013 2890 1096 2957 'allud
1120 2894 1208 2958 enim
1231 2897 1294 2960 est?
1322 2892 1352 2956 ον’

153 3003 360 3083 compertum
381 2997 489 3084 suerit
521 3020 612 3063 οιεαα
646 3020 720 3075 esre,
753 2996 855 3062 illud:
886 2997 915 3063 εί
935 2997 1044 3084 snserit
1075 2996 1256 3063 iudicatum
1290 3019 1351 3063 σειν

152 3111 297 3171 σαίνοντα.

206 3316 287 3405 Peg.
309 3315 386 3382 163.
406 3315 460 3382 24.
481 3316 565 3384 δοκεῖ
581 3315 848 3398 παραλογώτατον
868 3313 956 3384 riost
975 3315 1066 3383 ΔΙθτι
1088 3316 1153 3382 νιτὲ.
1185 3313 1254 3381 Imo
1273 3335 1350 3382 vero

154 3421 219 3490 ίτι.
243 3421 388 3489 udhcssit
411 3433 456 3488 ΔΙ
480 3444 519 3489 cx
542 3424 748 3510 praecedente
772 3432 827 3488 ΑΙ.

206 3633 287 3722 Peg.
314 3631 389 3700 164.
411 3631 444 3699 2.
464 3631 545 3716 φασί
565 3633 630 3714 γίορ
649 3634 676 3699 ol
694 3639 749 3707 τῆς
770 3633 930 3704 πολιτείας
949 3642 1003 3710 τῖς
1027 3633 1101 3715 παρ’
1123 3633 1194 3712 ὑμῖν
1214 3629 1351 3714 ἔμπειροι

156 3743 219 3816 τήν
250 3739 307 3816 μὲν
339 3739 452 3819 είριὶννρν
484 3737 620 3817 πόλεμον
651 3741 755 3812 αὐτοῖς
787 3735 884 3818 εἶναι,
916 3740 967 3805 τθν
998 3738 1030 3804 δέ
1062 3739 1198 3818 πόλεμον
1226 3739 1351 3820 είρνίννν.

154 3845 290 3914 Sauum
321 3845 381 3912 hoc
405 3849 438 3910 et
461 3845 593 3913 mordax
617 3846 741 3911 dictum
763 3843 914 3931 Sophiste
936 3849 1052 3912 sumsit
1076 3867 1116 3912 ex
1139 3844 1286 3912 isocratis
1311 3845 1352 3911 ad

153 3951 351 4038 Philippum
373 3953 514 4018 oratione
537 3973 609 4040 pag.
638 3949 693 4018 96.
719 3969 749 4016 n.
777 3949 963 4030 αῖσθιίνομαι
987 3951 1051 4034 γθρ
1074 3975 1110 4016 σε
1136 3950 1351 4038 (Philippum)

153 4057 411 4138 διαβαλλθμενον
446 4057 504 4121 ὑπὸ
538 4063 597 4122 τῶν
629 4093 672 4106 -
703 4057 759 4132 rba
790 4057 905 4139 είρνίννν
933 4059 988 4135 τὴν
1020 4066 1083 4130 τοῖς
1115 4055 1223 4133 ἄλλοις
1254 4060 1351 4135 ιοοινίρν

154 4164 303 4244 πόλεμον
322 4170 386 4236 τοῖς
411 4164 510 4229 αὐτῶν
534 4163 617 4236 ίδίοις
640 4159 718 4228 εἶναι
742 4163 931 4246 νομιζθνπαν.

205 4377 288 4466 Pag.
321 4375 397 4442 165.
429 4375 462 4441 2.
494 4377 647 4450 πολλιίιιις
677 4376 741 4458 γὰρ
773 4375 847 4455 έμοῦ
879 4375 1053 4459 γρθφοντος
1078 4413 1120 4424 -
1147 4376 1220 4456 ὑπὲρ
1251 4378 1350 4452 αὐτοῖς

157 4487 231 4576 (τοῖς
270 4481 508 4572 Ἀμφιπόλεως)
540 4483 755 4561 ίγνακΟΤθΟ
784 4481 907 4557 δικαίας
938 4480 1023 4562 ἔχειν
1054 4483 1158 4561 ἡμεῖς,
1190 4481 1263 4550 τθτε
1293 4482 1352 4562 μέν
