<?xml version="1.0" encoding="UTF-8"?>
<!DOCTYPE html PUBLIC "-//W3C//DTD XHTML 1.0 Transitional//EN"
    "http://www.w3.org/TR/xhtml1/DTD/xhtml1-transitional.dtd">
<html xmlns="http://www.w3.org/1999/xhtml" xml:lang="en" lang="en">
 <head>
  <title>
</title>
<meta http-equiv="Content-Type" content="text/html;charset=utf-8" />
  <meta name='ocr-system' content='tesseract 3.04.00' />
  <meta name='ocr-capabilities' content='ocr_page ocr_carea ocr_par ocr_line ocrx_word'/>
</head>
<body>
  <div class='ocr_page' id='page_1' title='image "./miscellaneacrit01cobegoog_0556.png"; bbox 0 0 3372 5192; ppageno 0'>
   <div class='ocr_carea' id='block_1_1' title="bbox 718 385 782 458">
    <p class='ocr_par' dir='ltr' id='par_1_1' title="bbox 718 385 782 458">
     <span class='ocr_line' id='line_1_1' title="bbox 718 385 782 458; baseline 0 -1"><span class='ocrx_word' id='word_1_1' title='bbox 718 385 782 458; x_wconf 82' lang='lat'><strong>529</strong></span> 
     </span>
    </p>
   </div>
   <div class='ocr_carea' id='block_1_2' title="bbox 153 577 1346 4267">
    <p class='ocr_par' dir='ltr' id='par_1_2' title="bbox 153 577 1341 878">
     <span class='ocr_line' id='line_1_2' title="bbox 155 577 1341 664; baseline 0 -20"><span class='ocrx_word' id='word_1_2' title='bbox 155 577 377 645; x_wconf 87' lang='lat' dir='ltr'><strong>adiumentum</strong></span> <span class='ocrx_word' id='word_1_3' title='bbox 408 581 442 645; x_wconf 89' lang='lat' dir='ltr'><strong>id</strong></span> <span class='ocrx_word' id='word_1_4' title='bbox 473 580 563 645; x_wconf 83' lang='lat' dir='ltr'><strong>nobie</strong></span> <span class='ocrx_word' id='word_1_5' title='bbox 585 578 708 644; x_wconf 80' lang='lat' dir='ltr'><strong>iiiiaaet.</strong></span> <span class='ocrx_word' id='word_1_6' title='bbox 754 577 848 645; x_wconf 89' lang='lat' dir='ltr'><strong>Nune</strong></span> <span class='ocrx_word' id='word_1_7' title='bbox 871 578 955 664; x_wconf 90' lang='lat' dir='ltr'><strong>quod</strong></span> <span class='ocrx_word' id='word_1_8' title='bbox 979 577 1146 645; x_wconf 76' lang='lat' dir='ltr'><strong>Terentius</strong></span> <span class='ocrx_word' id='word_1_9' title='bbox 1168 581 1202 643; x_wconf 92' lang='lat' dir='ltr'><strong>in</strong></span> <span class='ocrx_word' id='word_1_10' title='bbox 1224 577 1341 646; x_wconf 82' lang='lat' dir='ltr'><strong>fabulis</strong></span> 
     </span>
     <span class='ocr_line' id='line_1_3' title="bbox 154 681 1341 773; baseline -0.001 -23"><span class='ocrx_word' id='word_1_11' title='bbox 154 681 359 751; x_wconf 74' lang='lat' dir='ltr'><strong>Geminorum</strong></span> <span class='ocrx_word' id='word_1_12' title='bbox 390 686 501 753; x_wconf 82' lang='lat' dir='ltr'><strong>feeiaee</strong></span> <span class='ocrx_word' id='word_1_13' title='bbox 524 685 718 773; x_wconf 74' lang='lat' dir='ltr'>arguebatur</span> <span class='ocrx_word' id='word_1_14' title='bbox 739 705 797 749; x_wconf 85' lang='lat' dir='ltr'><strong>neo</strong></span> <span class='ocrx_word' id='word_1_15' title='bbox 821 683 889 750; x_wconf 88' lang='lat' dir='ltr'><strong>ibat</strong></span> <span class='ocrx_word' id='word_1_16' title='bbox 912 682 1034 751; x_wconf 83' lang='lat' dir='ltr'><strong>infioiao</strong></span> <span class='ocrx_word' id='word_1_17' title='bbox 1056 687 1091 748; x_wconf 92' lang='lat' dir='ltr'><strong>in</strong></span> <span class='ocrx_word' id='word_1_18' title='bbox 1114 685 1250 749; x_wconf 75' lang='lat' dir='ltr'><strong>Andriae</strong></span> <span class='ocrx_word' id='word_1_19' title='bbox 1271 704 1341 771; x_wconf 89' lang='lat' dir='ltr'><strong>pro-</strong></span> 
     </span>
     <span class='ocr_line' id='line_1_4' title="bbox 153 788 306 878; baseline 0.013 -24"><span class='ocrx_word' id='word_1_20' title='bbox 153 788 227 878; x_wconf 82' lang='lat' dir='ltr'><strong>logo</strong></span> <span class='ocrx_word' id='word_1_21' title='bbox 253 788 306 856; x_wconf 84' lang='lat'><strong>13.</strong></span> 
     </span>
    </p>

    <p class='ocr_par' dir='ltr' id='par_1_3' title="bbox 375 897 1096 984">
     <span class='ocr_line' id='line_1_5' title="bbox 375 897 1096 984; baseline -0.001 -23"><span class='ocrx_word' id='word_1_22' title='bbox 375 919 452 984; x_wconf 78' lang='lat' dir='ltr'><strong>quoe</strong></span> <span class='ocrx_word' id='word_1_23' title='bbox 474 919 631 961; x_wconf 77' lang='lat' dir='ltr'><strong>convenere</strong></span> <span class='ocrx_word' id='word_1_24' title='bbox 652 901 686 960; x_wconf 83' lang='grc' dir='ltr'><strong>ιἰι</strong></span> <span class='ocrx_word' id='word_1_25' title='bbox 709 897 857 960; x_wconf 74' lang='lat' dir='ltr'><strong>Andriam</strong></span> <span class='ocrx_word' id='word_1_26' title='bbox 879 919 915 960; x_wconf 78' lang='lat' dir='ltr'><strong>eo</strong></span> <span class='ocrx_word' id='word_1_27' title='bbox 937 897 1096 962; x_wconf 77' lang='lat' dir='ltr'><strong>Perinthia</strong></span> 
     </span>
    </p>

    <p class='ocr_par' dir='ltr' id='par_1_4' title="bbox 153 998 1340 1388">
     <span class='ocr_line' id='line_1_6' title="bbox 371 998 1154 1088; baseline -0.003 -20"><span class='ocrx_word' id='word_1_28' title='bbox 371 1004 498 1088; x_wconf 72' lang='lat' dir='ltr'><strong>fatetur</strong></span> <span class='ocrx_word' id='word_1_29' title='bbox 519 1003 717 1068; x_wconf 78' lang='grc' dir='ltr'><strong><em>1τσπε1αίίιεο.</em></strong></span> <span class='ocrx_word' id='word_1_30' title='bbox 1150 998 1154 1007; x_wconf 76' lang='grc'><strong>“</strong></span> 
     </span>
     <span class='ocr_line' id='line_1_7' title="bbox 154 1107 1339 1195; baseline 0.001 -23"><span class='ocrx_word' id='word_1_31' title='bbox 154 1107 241 1174; x_wconf 89' lang='lat' dir='ltr'><strong>idem</strong></span> <span class='ocrx_word' id='word_1_32' title='bbox 269 1110 305 1174; x_wconf 90' lang='lat' dir='ltr'><strong>in</strong></span> <span class='ocrx_word' id='word_1_33' title='bbox 335 1108 459 1175; x_wconf 82' lang='lat' dir='ltr'><strong>duabus</strong></span> <span class='ocrx_word' id='word_1_34' title='bbox 488 1109 539 1174; x_wconf 83' lang='lat' dir='ltr'><strong>hie</strong></span> <span class='ocrx_word' id='word_1_35' title='bbox 570 1109 764 1176; x_wconf 83' lang='lat' dir='ltr'><strong>orationibus</strong></span> <span class='ocrx_word' id='word_1_36' title='bbox 793 1111 915 1176; x_wconf 80' lang='lat' dir='ltr'><strong>scribae</strong></span> <span class='ocrx_word' id='word_1_37' title='bbox 946 1112 1192 1195; x_wconf 74' lang='lat' dir='ltr'><strong>commiserunt,</strong></span> <span class='ocrx_word' id='word_1_38' title='bbox 1225 1112 1279 1194; x_wconf 88' lang='lat' dir='ltr'><strong>qui</strong></span> <span class='ocrx_word' id='word_1_39' title='bbox 1305 1109 1339 1173; x_wconf 86' lang='lat' dir='ltr'><strong>in</strong></span> 
     </span>
     <span class='ocr_line' id='line_1_8' title="bbox 153 1214 1340 1301; baseline 0.003 -25"><span class='ocrx_word' id='word_1_40' title='bbox 153 1215 386 1280; x_wconf 76' lang='lat' dir='ltr'><strong>Androtioneam</strong></span> <span class='ocrx_word' id='word_1_41' title='bbox 415 1235 454 1280; x_wconf 81' lang='lat' dir='ltr'><strong>ex</strong></span> <span class='ocrx_word' id='word_1_42' title='bbox 485 1215 666 1280; x_wconf 79' lang='grc' dir='ltr'><strong><em>11ιιιοονσ1σσ</em></strong></span> <span class='ocrx_word' id='word_1_43' title='bbox 696 1214 926 1281; x_wconf 84' lang='lat' dir='ltr'><strong>transtulerunt</strong></span> <span class='ocrx_word' id='word_1_44' title='bbox 956 1216 1101 1283; x_wconf 90' lang='lat' dir='ltr'><strong>nonnihil</strong></span> <span class='ocrx_word' id='word_1_45' title='bbox 1129 1216 1226 1301; x_wconf 86' lang='lat' dir='ltr'><strong>idque</strong></span> <span class='ocrx_word' id='word_1_46' title='bbox 1257 1216 1340 1301; x_wconf 90' lang='lat' dir='ltr'><strong>quod</strong></span> 
     </span>
     <span class='ocr_line' id='line_1_9' title="bbox 153 1322 528 1388; baseline 0.003 -2"><span class='ocrx_word' id='word_1_47' title='bbox 153 1323 290 1386; x_wconf 89' lang='lat' dir='ltr'><strong>minime</strong></span> <span class='ocrx_word' id='word_1_48' title='bbox 313 1322 528 1388; x_wconf 80' lang='lat' dir='ltr'><strong>conveniebat.</strong></span> 
     </span>
    </p>

    <p class='ocr_par' dir='ltr' id='par_1_5' title="bbox 153 1427 1344 3526">
     <span class='ocr_line' id='line_1_10' title="bbox 200 1427 1341 1516; baseline 0.001 -24"><span class='ocrx_word' id='word_1_49' title='bbox 200 1427 236 1492; x_wconf 92' lang='lat' dir='ltr'><strong>In</strong></span> <span class='ocrx_word' id='word_1_50' title='bbox 266 1429 318 1494; x_wconf 84' lang='lat' dir='ltr'><strong>hia</strong></span> <span class='ocrx_word' id='word_1_51' title='bbox 347 1427 436 1494; x_wconf 77' lang='lat' dir='ltr'><strong>loeus</strong></span> <span class='ocrx_word' id='word_1_52' title='bbox 467 1432 532 1514; x_wconf 85' lang='lat' dir='ltr'><strong>est,</strong></span> <span class='ocrx_word' id='word_1_53' title='bbox 560 1447 622 1514; x_wconf 89' lang='lat' dir='ltr'><strong>quo</strong></span> <span class='ocrx_word' id='word_1_54' title='bbox 646 1427 684 1493; x_wconf 91' lang='lat' dir='ltr'><strong>de</strong></span> <span class='ocrx_word' id='word_1_55' title='bbox 707 1429 845 1516; x_wconf 79' lang='lat' dir='ltr'><strong>agimus.</strong></span> <span class='ocrx_word' id='word_1_56' title='bbox 892 1427 929 1493; x_wconf 94' lang='lat' dir='ltr'><strong>In</strong></span> <span class='ocrx_word' id='word_1_57' title='bbox 954 1430 1139 1494; x_wconf 73' lang='lat' dir='ltr'><strong>remocraoa</strong></span> <span class='ocrx_word' id='word_1_58' title='bbox 1162 1429 1244 1493; x_wconf 82' lang='lat' dir='ltr'><strong>dixit</strong></span> <span class='ocrx_word' id='word_1_59' title='bbox 1265 1449 1341 1516; x_wconf 80' lang='lat' dir='ltr'><strong>pag.</strong></span> 
     </span>
     <span class='ocr_line' id='line_1_11' title="bbox 156 1531 1339 1615; baseline 0.002 -19"><span class='ocrx_word' id='word_1_60' title='bbox 156 1531 231 1601; x_wconf 83' lang='lat'><strong>757.</strong></span> <span class='ocrx_word' id='word_1_61' title='bbox 258 1534 289 1599; x_wconf 83' lang='lat'><strong>5.</strong></span> <span class='ocrx_word' id='word_1_62' title='bbox 314 1535 365 1600; x_wconf 73' lang='grc' dir='ltr'><strong><em>καὶ</em></strong></span> <span class='ocrx_word' id='word_1_63' title='bbox 389 1538 521 1600; x_wconf 80' lang='grc' dir='ltr'><strong><em>τοιαῦτα</em></strong></span> <span class='ocrx_word' id='word_1_64' title='bbox 544 1533 597 1598; x_wconf 72' lang='grc' dir='ltr'><strong><em>καὶ</em></strong></span> <span class='ocrx_word' id='word_1_65' title='bbox 621 1539 762 1599; x_wconf 83' lang='grc' dir='ltr'><strong><em>τοσαῦτα</em></strong></span> <span class='ocrx_word' id='word_1_66' title='bbox 786 1535 820 1598; x_wconf 81' lang='grc' dir='ltr'><strong><em>τὸ</em></strong></span> <span class='ocrx_word' id='word_1_67' title='bbox 845 1535 957 1607; x_wconf 79' lang='grc' dir='ltr'><strong><em>πλῆθος</em></strong></span> <span class='ocrx_word' id='word_1_68' title='bbox 977 1535 1062 1599; x_wconf 88' lang='grc' dir='ltr'><strong><em>κακά</em></strong></span> <span class='ocrx_word' id='word_1_69' title='bbox 1081 1535 1276 1615; x_wconf 71' lang='grc' dir='ltr'><strong>εἰργασμένοι</strong></span> <span class='ocrx_word' id='word_1_70' title='bbox 1297 1535 1339 1607; x_wconf 87' lang='grc' dir='ltr'><strong>είς</strong></span> 
     </span>
     <span class='ocr_line' id='line_1_12' title="bbox 153 1639 1340 1726; baseline 0.001 -21"><span class='ocrx_word' id='word_1_71' title='bbox 153 1641 238 1706; x_wconf 80' lang='grc' dir='ltr'><strong><em>τοῦτ’</em></strong></span> <span class='ocrx_word' id='word_1_72' title='bbox 272 1642 473 1717; x_wconf 69' lang='grc' dir='ltr'><strong>ἀναισθησίας</strong></span> <span class='ocrx_word' id='word_1_73' title='bbox 505 1640 556 1705; x_wconf 78' lang='grc' dir='ltr'><strong><em>καὶ</em></strong></span> <span class='ocrx_word' id='word_1_74' title='bbox 587 1640 705 1719; x_wconf 63' lang='lat' dir='ltr'><strong>vianae</strong></span> <span class='ocrx_word' id='word_1_75' title='bbox 738 1640 980 1721; x_wconf 72' lang='grc' dir='ltr'><em>προεληλύθασιν</em></span> <span class='ocrx_word' id='word_1_76' title='bbox 1009 1639 1079 1706; x_wconf 72' lang='grc' dir='ltr'><strong><em>ὥσθ’</em></strong></span> <span class='ocrx_word' id='word_1_77' title='bbox 1104 1644 1119 1706; x_wconf 88' lang='grc' dir='ltr'><strong><em>ύ</em></strong></span> <span class='ocrx_word' id='word_1_78' title='bbox 1141 1643 1197 1718; x_wconf 79' lang='grc' dir='ltr'><strong>μὲν</strong></span> <span class='ocrx_word' id='word_1_79' title='bbox 1221 1640 1340 1726; x_wconf 76' lang='grc'><strong>(111110-</strong></span> 
     </span>
     <span class='ocr_line' id='line_1_13' title="bbox 154 1746 1339 1836; baseline -0.001 -25"><span class='ocrx_word' id='word_1_80' title='bbox 154 1747 267 1836; x_wconf 78' lang='lat' dir='ltr'><strong>crates)</strong></span> <span class='ocrx_word' id='word_1_81' title='bbox 300 1747 396 1814; x_wconf 80' lang='grc' dir='ltr'><strong><em>οἴεται</em></strong></span> <span class='ocrx_word' id='word_1_82' title='bbox 426 1749 465 1814; x_wconf 85' lang='grc' dir='ltr'><strong>δι’</strong></span> <span class='ocrx_word' id='word_1_83' title='bbox 497 1749 606 1812; x_wconf 81' lang='grc' dir='ltr'><strong><em>ἐκεῖνον</em></strong></span> <span class='ocrx_word' id='word_1_84' title='bbox 639 1747 892 1834; x_wconf 83' lang='lat' dir='ltr'><strong>(Androtionem)</strong></span> <span class='ocrx_word' id='word_1_85' title='bbox 917 1747 972 1829; x_wconf 84' lang='grc' dir='ltr'><strong>ὑφ’</strong></span> <span class='ocrx_word' id='word_1_86' title='bbox 995 1748 1077 1826; x_wconf 82' lang='grc' dir='ltr'><strong><em>ύμῶν</em></strong></span> <span class='ocrx_word' id='word_1_87' title='bbox 1098 1749 1301 1831; x_wconf 78' lang='grc' dir='ltr'><strong><em>σωθήσεσθαι,</em></strong></span> <span class='ocrx_word' id='word_1_88' title='bbox 1326 1746 1339 1810; x_wconf 84' lang='grc' dir='ltr'><strong><em>ί</em></strong></span> 
     </span>
     <span class='ocr_line' id='line_1_14' title="bbox 153 1851 1339 1942; baseline -0.002 -22"><span class='ocrx_word' id='word_1_89' title='bbox 153 1854 186 1920; x_wconf 83' lang='grc' dir='ltr'><strong>δὲ</strong></span> <span class='ocrx_word' id='word_1_90' title='bbox 217 1854 417 1942; x_wconf 82' lang='lat' dir='ltr'><strong>(Androtion)</strong></span> <span class='ocrx_word' id='word_1_91' title='bbox 447 1853 666 1934; x_wconf 67' lang='grc' dir='ltr'><strong>παρακάθηται</strong></span> <span class='ocrx_word' id='word_1_92' title='bbox 699 1851 750 1916; x_wconf 85' lang='grc' dir='ltr'><strong><em>κού</em></strong></span> <span class='ocrx_word' id='word_1_93' title='bbox 782 1854 815 1916; x_wconf 91' lang='grc' dir='ltr'><strong><em>σύ</em></strong></span> <span class='ocrx_word' id='word_1_94' title='bbox 847 1852 1040 1918; x_wconf 75' lang='grc' dir='ltr'><strong><em>καταδύεται</em></strong></span> <span class='ocrx_word' id='word_1_95' title='bbox 1063 1863 1127 1926; x_wconf 80' lang='grc' dir='ltr'><strong><em>τοῖς</em></strong></span> <span class='ocrx_word' id='word_1_96' title='bbox 1151 1851 1339 1935; x_wconf 84' lang='grc' dir='ltr'><strong><em>πεπραγμέ·</em></strong></span> 
     </span>
     <span class='ocr_line' id='line_1_15' title="bbox 154 1957 1339 2044; baseline 0 -19"><span class='ocrx_word' id='word_1_97' title='bbox 154 1984 222 2034; x_wconf 82' lang='grc' dir='ltr'><strong><em>νοις.</em></strong></span> <span class='ocrx_word' id='word_1_98' title='bbox 269 1960 367 2027; x_wconf 88' lang='lat' dir='ltr'><strong>Reete</strong></span> <span class='ocrx_word' id='word_1_99' title='bbox 397 1981 431 2026; x_wconf 83' lang='lat' dir='ltr'><strong>ae</strong></span> <span class='ocrx_word' id='word_1_100' title='bbox 458 1960 576 2026; x_wconf 86' lang='lat' dir='ltr'><strong>habent</strong></span> <span class='ocrx_word' id='word_1_101' title='bbox 600 1960 708 2025; x_wconf 89' lang='lat' dir='ltr'><strong>omnia</strong></span> <span class='ocrx_word' id='word_1_102' title='bbox 730 1965 763 2023; x_wconf 90' lang='lat' dir='ltr'><strong>et</strong></span> <span class='ocrx_word' id='word_1_103' title='bbox 784 1957 877 2043; x_wconf 79' lang='lat' dir='ltr'><strong>plene</strong></span> <span class='ocrx_word' id='word_1_104' title='bbox 900 1966 932 2023; x_wconf 87' lang='grc'><strong>81</strong></span> <span class='ocrx_word' id='word_1_105' title='bbox 958 1961 1122 2044; x_wconf 84' lang='lat' dir='ltr'><strong>perspicua</strong></span> <span class='ocrx_word' id='word_1_106' title='bbox 1145 1966 1230 2025; x_wconf 85' lang='lat' dir='ltr'><strong>eunt.</strong></span> <span class='ocrx_word' id='word_1_107' title='bbox 1277 1962 1339 2024; x_wconf 89' lang='lat' dir='ltr'><strong>An-</strong></span> 
     </span>
     <span class='ocr_line' id='line_1_16' title="bbox 155 2062 1339 2153; baseline -0.002 -21"><span class='ocrx_word' id='word_1_108' title='bbox 155 2067 279 2132; x_wconf 88' lang='lat' dir='ltr'><strong>drotion</strong></span> <span class='ocrx_word' id='word_1_109' title='bbox 299 2069 385 2132; x_wconf 86' lang='lat' dir='ltr'><strong>onim</strong></span> <span class='ocrx_word' id='word_1_110' title='bbox 406 2065 537 2132; x_wconf 84' lang='lat' dir='ltr'><strong>dicendo</strong></span> <span class='ocrx_word' id='word_1_111' title='bbox 557 2064 701 2141; x_wconf 85' lang='lat' dir='ltr'><strong>valebat,</strong></span> <span class='ocrx_word' id='word_1_112' title='bbox 722 2068 849 2130; x_wconf 89' lang='lat' dir='ltr'><strong>auotore</strong></span> <span class='ocrx_word' id='word_1_113' title='bbox 868 2062 1080 2130; x_wconf 79' lang='lat' dir='ltr'><strong>Demosthene</strong></span> <span class='ocrx_word' id='word_1_114' title='bbox 1098 2085 1172 2153; x_wconf 78' lang='lat' dir='ltr'><strong>pag.</strong></span> <span class='ocrx_word' id='word_1_115' title='bbox 1195 2063 1339 2130; x_wconf 72' lang='grc'><strong>59114.</strong></span> 
     </span>
     <span class='ocr_line' id='line_1_17' title="bbox 155 2169 1342 2260; baseline -0.002 -24"><span class='ocrx_word' id='word_1_116' title='bbox 155 2169 200 2240; x_wconf 71' lang='grc' dir='ltr'><strong><em>ἔτι</em></strong></span> <span class='ocrx_word' id='word_1_117' title='bbox 226 2173 289 2254; x_wconf 86' lang='grc' dir='ltr'><strong>γάρ</strong></span> <span class='ocrx_word' id='word_1_118' title='bbox 310 2172 512 2260; x_wconf 78' lang='lat' dir='ltr'><strong>(Androtion)</strong></span> <span class='ocrx_word' id='word_1_119' title='bbox 530 2171 676 2250; x_wconf 79' lang='grc' dir='ltr'><strong>τεχνίτης</strong></span> <span class='ocrx_word' id='word_1_120' title='bbox 695 2175 749 2234; x_wconf 83' lang='grc' dir='ltr'><strong><em>τοῦ</em></strong></span> <span class='ocrx_word' id='word_1_121' title='bbox 768 2169 873 2248; x_wconf 85' lang='grc' dir='ltr'><strong><em>λέγειν</em></strong></span> <span class='ocrx_word' id='word_1_122' title='bbox 892 2169 943 2235; x_wconf 76' lang='grc' dir='ltr'><strong><em>καὶ</em></strong></span> <span class='ocrx_word' id='word_1_123' title='bbox 965 2170 1073 2235; x_wconf 89' lang='grc' dir='ltr'><strong><em>πάντα</em></strong></span> <span class='ocrx_word' id='word_1_124' title='bbox 1091 2170 1143 2236; x_wconf 80' lang='grc' dir='ltr'><strong><em>τὸν</em></strong></span> <span class='ocrx_word' id='word_1_125' title='bbox 1163 2169 1231 2249; x_wconf 80' lang='grc' dir='ltr'><strong><em>βίον</em></strong></span> <span class='ocrx_word' id='word_1_126' title='bbox 1251 2169 1342 2251; x_wconf 78' lang='grc' dir='ltr'><strong><em>ε’σχθ-</em></strong></span> 
     </span>
     <span class='ocr_line' id='line_1_18' title="bbox 154 2275 1342 2363; baseline 0 -19"><span class='ocrx_word' id='word_1_127' title='bbox 154 2293 250 2344; x_wconf 88' lang='grc' dir='ltr'><strong><em>λακεν</em></strong></span> <span class='ocrx_word' id='word_1_128' title='bbox 282 2279 321 2344; x_wconf 79' lang='grc' dir='ltr'><strong>ἑνί</strong></span> <span class='ocrx_word' id='word_1_129' title='bbox 353 2277 459 2360; x_wconf 82' lang='grc' dir='ltr'><strong><em>τούτῳ.</em></strong></span> <span class='ocrx_word' id='word_1_130' title='bbox 507 2275 617 2362; x_wconf 88' lang='lat' dir='ltr'><strong>Itaque</strong></span> <span class='ocrx_word' id='word_1_131' title='bbox 640 2275 836 2342; x_wconf 79' lang='lat' dir='ltr'><strong>Timocrates</strong></span> <span class='ocrx_word' id='word_1_132' title='bbox 858 2276 1062 2342; x_wconf 86' lang='lat' dir='ltr'><strong>Androtionia</strong></span> <span class='ocrx_word' id='word_1_133' title='bbox 1082 2277 1262 2363; x_wconf 88' lang='lat' dir='ltr'><strong>eloquentia</strong></span> <span class='ocrx_word' id='word_1_134' title='bbox 1283 2279 1342 2344; x_wconf 79' lang='lat' dir='ltr'><strong>fre·</strong></span> 
     </span>
     <span class='ocr_line' id='line_1_19' title="bbox 155 2381 1341 2470; baseline 0.003 -22"><span class='ocrx_word' id='word_1_135' title='bbox 155 2391 209 2450; x_wconf 86' lang='lat' dir='ltr'><strong>tua</strong></span> <span class='ocrx_word' id='word_1_136' title='bbox 242 2386 361 2450; x_wconf 86' lang='lat' dir='ltr'><strong>dieitur</strong></span> <span class='ocrx_word' id='word_1_137' title='bbox 390 2404 463 2470; x_wconf 82' lang='lat' dir='ltr'><strong>pag.</strong></span> <span class='ocrx_word' id='word_1_138' title='bbox 498 2381 573 2449; x_wconf 82' lang='lat'>749.</span> <span class='ocrx_word' id='word_1_139' title='bbox 606 2381 657 2447; x_wconf 87' lang='lat'><strong>16.</strong></span> <span class='ocrx_word' id='word_1_140' title='bbox 685 2385 809 2448; x_wconf 85' lang='lat' dir='ltr'><strong>exitum</strong></span> <span class='ocrx_word' id='word_1_141' title='bbox 832 2383 945 2448; x_wconf 90' lang='lat' dir='ltr'><strong>iudieii</strong></span> <span class='ocrx_word' id='word_1_142' title='bbox 968 2385 1102 2449; x_wconf 91' lang='lat' dir='ltr'><strong>minime</strong></span> <span class='ocrx_word' id='word_1_143' title='bbox 1125 2386 1341 2450; x_wconf 74' lang='lat' dir='ltr'><strong>extimescere.</strong></span> 
     </span>
     <span class='ocr_line' id='line_1_20' title="bbox 155 2487 1342 2575; baseline -0.003 -18"><span class='ocrx_word' id='word_1_144' title='bbox 155 2491 242 2557; x_wconf 87' lang='lat' dir='ltr'><strong>Audi</strong></span> <span class='ocrx_word' id='word_1_145' title='bbox 270 2489 518 2557; x_wconf 74' lang='lat' dir='ltr'><strong>Demosthenem</strong></span> <span class='ocrx_word' id='word_1_146' title='bbox 550 2491 675 2575; x_wconf 80' lang='lat' dir='ltr'><strong>ipsum:</strong></span> <span class='ocrx_word' id='word_1_147' title='bbox 706 2487 864 2566; x_wconf 76' lang='grc' dir='ltr'><strong><em>διεξιόντος</em></strong></span> <span class='ocrx_word' id='word_1_148' title='bbox 898 2489 1002 2575; x_wconf 83' lang='grc' dir='ltr'><strong><em>(τινὸς)</em></strong></span> <span class='ocrx_word' id='word_1_149' title='bbox 1040 2492 1078 2562; x_wconf 82' lang='grc' dir='ltr'><strong>ὡς</strong></span> <span class='ocrx_word' id='word_1_150' title='bbox 1115 2491 1261 2572; x_wconf 81' lang='grc' dir='ltr'><strong><em>χαλεπὸν</em></strong></span> <span class='ocrx_word' id='word_1_151' title='bbox 1290 2492 1342 2557; x_wconf 84' lang='grc' dir='ltr'><strong><em>τὸν</em></strong></span> 
     </span>
     <span class='ocr_line' id='line_1_21' title="bbox 155 2594 1342 2679; baseline -0.003 -16"><span class='ocrx_word' id='word_1_152' title='bbox 155 2599 265 2676; x_wconf 80' lang='grc' dir='ltr'><strong><em>ἀγῶνα</em></strong></span> <span class='ocrx_word' id='word_1_153' title='bbox 297 2594 514 2673; x_wconf 72' lang='grc' dir='ltr'><strong><em>ὑπολαμβάνοι</em></strong></span> <span class='ocrx_word' id='word_1_154' title='bbox 547 2595 649 2679; x_wconf 87' lang='grc' dir='ltr'><strong><em>τθνδε,</em></strong></span> <span class='ocrx_word' id='word_1_155' title='bbox 677 2601 875 2677; x_wconf 81' lang='grc' dir='ltr'><strong>τετυφῶσθαι</strong></span> <span class='ocrx_word' id='word_1_156' title='bbox 906 2596 957 2659; x_wconf 76' lang='grc' dir='ltr'><strong><em>τὸν</em></strong></span> <span class='ocrx_word' id='word_1_157' title='bbox 988 2600 1094 2660; x_wconf 81' lang='grc' dir='ltr'><strong><em>ταῦτα</em></strong></span> <span class='ocrx_word' id='word_1_158' title='bbox 1125 2595 1249 2673; x_wconf 85' lang='grc' dir='ltr'><strong><em>λέγοντ’</em></strong></span> <span class='ocrx_word' id='word_1_159' title='bbox 1281 2594 1342 2679; x_wconf 85' lang='grc' dir='ltr'><strong>ἔφη</strong></span> 
     </span>
     <span class='ocr_line' id='line_1_22' title="bbox 158 2699 1342 2792; baseline -0.002 -23"><span class='ocrx_word' id='word_1_160' title='bbox 158 2701 389 2792; x_wconf 70' lang='lat' dir='ltr'><strong>(Timocrates).</strong></span> <span class='ocrx_word' id='word_1_161' title='bbox 412 2701 664 2782; x_wconf 80' lang='grc' dir='ltr'><strong><em>συμπαρέσεσθαι</em></strong></span> <span class='ocrx_word' id='word_1_162' title='bbox 689 2702 751 2782; x_wconf 85' lang='grc' dir='ltr'><strong>γάρ</strong></span> <span class='ocrx_word' id='word_1_163' title='bbox 778 2699 978 2783; x_wconf 84' lang='grc' dir='ltr'><strong><em>Ἀνδροτίωνα</em></strong></span> <span class='ocrx_word' id='word_1_164' title='bbox 996 2701 1095 2782; x_wconf 80' lang='grc' dir='ltr'><strong><em>ἐαυτῷ</em></strong></span> <span class='ocrx_word' id='word_1_165' title='bbox 1116 2701 1169 2766; x_wconf 73' lang='grc' dir='ltr'><strong><em>καὶ</em></strong></span> <span class='ocrx_word' id='word_1_166' title='bbox 1190 2703 1342 2775; x_wconf 78' lang='grc' dir='ltr'><strong><em>τοιούτους</em></strong></span> 
     </span>
     <span class='ocr_line' id='line_1_23' title="bbox 155 2803 1341 2890; baseline -0.002 -16"><span class='ocrx_word' id='word_1_167' title='bbox 155 2808 265 2885; x_wconf 84' lang='grc' dir='ltr'><strong><em>λύγους</em></strong></span> <span class='ocrx_word' id='word_1_168' title='bbox 298 2809 416 2887; x_wconf 80' lang='grc' dir='ltr'><strong><em>σχολήν</em></strong></span> <span class='ocrx_word' id='word_1_169' title='bbox 447 2805 569 2884; x_wconf 87' lang='grc' dir='ltr'><strong><em>ἀγσντα</em></strong></span> <span class='ocrx_word' id='word_1_170' title='bbox 599 2808 749 2890; x_wconf 75' lang='grc' dir='ltr'><strong><em>ἐσκέφθαι</em></strong></span> <span class='ocrx_word' id='word_1_171' title='bbox 782 2808 848 2886; x_wconf 75' lang='grc' dir='ltr'><strong><em>περὶ</em></strong></span> <span class='ocrx_word' id='word_1_172' title='bbox 882 2806 1005 2873; x_wconf 87' lang='grc' dir='ltr'><strong><em>πάνταν</em></strong></span> <span class='ocrx_word' id='word_1_173' title='bbox 1029 2803 1082 2875; x_wconf 76' lang='grc' dir='ltr'><strong>ὥτ’</strong></span> <span class='ocrx_word' id='word_1_174' title='bbox 1105 2804 1138 2872; x_wconf 86' lang='grc' dir='ltr'><strong>εύ</strong></span> <span class='ocrx_word' id='word_1_175' title='bbox 1160 2806 1267 2873; x_wconf 76' lang='grc' dir='ltr'><strong><em>εἰδέναι</em></strong></span> <span class='ocrx_word' id='word_1_176' title='bbox 1296 2803 1341 2872; x_wconf 86' lang='grc' dir='ltr'><strong><em>ύτι</em></strong></span> 
     </span>
     <span class='ocr_line' id='line_1_24' title="bbox 156 2912 1342 3001; baseline 0 -21"><span class='ocrx_word' id='word_1_177' title='bbox 156 2915 236 2980; x_wconf 78' lang='grc' dir='ltr'><strong><em>οὐδὲν</em></strong></span> <span class='ocrx_word' id='word_1_178' title='bbox 270 2915 353 2996; x_wconf 78' lang='grc' dir='ltr'><strong><em>αὐτῷ</em></strong></span> <span class='ocrx_word' id='word_1_179' title='bbox 385 2916 540 2992; x_wconf 88' lang='grc' dir='ltr'><strong><em>γενήσοιτο</em></strong></span> <span class='ocrx_word' id='word_1_180' title='bbox 564 2918 702 2994; x_wconf 82' lang='grc' dir='ltr'><strong><em>φλαῦρον</em></strong></span> <span class='ocrx_word' id='word_1_181' title='bbox 725 2913 788 2978; x_wconf 79' lang='grc' dir='ltr'><strong><em>ἀπὸ</em></strong></span> <span class='ocrx_word' id='word_1_182' title='bbox 813 2921 866 2988; x_wconf 84' lang='grc' dir='ltr'><strong><em>τής</em></strong></span> <span class='ocrx_word' id='word_1_183' title='bbox 892 2921 1020 2994; x_wconf 78' lang='grc' dir='ltr'><strong><em>γραφῆς</em></strong></span> <span class='ocrx_word' id='word_1_184' title='bbox 1044 2913 1144 2986; x_wconf 82' lang='grc' dir='ltr'><strong><em>τήσδε.</em></strong></span> <span class='ocrx_word' id='word_1_185' title='bbox 1193 2912 1342 3001; x_wconf 77' lang='lat' dir='ltr'><strong>Indigna·</strong></span> 
     </span>
     <span class='ocr_line' id='line_1_25' title="bbox 155 3017 1342 3099; baseline 0 -11"><span class='ocrx_word' id='word_1_186' title='bbox 155 3022 281 3088; x_wconf 83' lang='lat' dir='ltr'><strong>bundas</strong></span> <span class='ocrx_word' id='word_1_187' title='bbox 304 3019 409 3085; x_wconf 83' lang='lat' dir='ltr'><strong>addit:</strong></span> <span class='ocrx_word' id='word_1_188' title='bbox 434 3020 486 3084; x_wconf 75' lang='lat' dir='ltr'><strong>aei</strong></span> <span class='ocrx_word' id='word_1_189' title='bbox 512 3019 591 3094; x_wconf 87' lang='grc' dir='ltr'><strong><em>δήτα</em></strong></span> <span class='ocrx_word' id='word_1_190' title='bbox 615 3020 666 3083; x_wconf 72' lang='grc' dir='ltr'><strong><em>καὶ</em></strong></span> <span class='ocrx_word' id='word_1_191' title='bbox 689 3017 876 3096; x_wconf 81' lang='grc' dir='ltr'><strong><em>τεθαύμακα</em></strong></span> <span class='ocrx_word' id='word_1_192' title='bbox 900 3022 955 3093; x_wconf 87' lang='grc' dir='ltr'><strong><em>τήν</em></strong></span> <span class='ocrx_word' id='word_1_193' title='bbox 978 3019 1204 3099; x_wconf 71' lang='grc' dir='ltr'><strong><em>ἀναισχυντίαν</em></strong></span> <span class='ocrx_word' id='word_1_194' title='bbox 1234 3024 1342 3088; x_wconf 88' lang='grc' dir='ltr'><strong><em>τούτου</em></strong></span> 
     </span>
     <span class='ocr_line' id='line_1_26' title="bbox 155 3124 1343 3213; baseline -0.002 -20"><span class='ocrx_word' id='word_1_195' title='bbox 155 3152 191 3193; x_wconf 92' lang='grc' dir='ltr'><strong><em>τε</em></strong></span> <span class='ocrx_word' id='word_1_196' title='bbox 222 3126 379 3210; x_wconf 87' lang='grc' dir='ltr'><strong><em>κάκείνου,</em></strong></span> <span class='ocrx_word' id='word_1_197' title='bbox 407 3129 461 3190; x_wconf 83' lang='grc' dir='ltr'><strong><em>τοῦ</em></strong></span> <span class='ocrx_word' id='word_1_198' title='bbox 484 3127 540 3203; x_wconf 81' lang='grc' dir='ltr'><strong>μ1ν</strong></span> <span class='ocrx_word' id='word_1_199' title='bbox 565 3124 766 3210; x_wconf 74' lang='lat' dir='ltr'><strong>(Timoerotio)</strong></span> <span class='ocrx_word' id='word_1_200' title='bbox 789 3126 813 3189; x_wconf 89' lang='grc' dir='ltr'><strong>εί</strong></span> <span class='ocrx_word' id='word_1_201' title='bbox 842 3131 951 3210; x_wconf 82' lang='grc' dir='ltr'><strong><em>καλεῖ,</em></strong></span> <span class='ocrx_word' id='word_1_202' title='bbox 980 3129 1033 3188; x_wconf 81' lang='grc' dir='ltr'><strong><em>τοῦ</em></strong></span> <span class='ocrx_word' id='word_1_203' title='bbox 1065 3125 1095 3189; x_wconf 83' lang='grc' dir='ltr'><strong>δὲ</strong></span> <span class='ocrx_word' id='word_1_204' title='bbox 1123 3125 1343 3213; x_wconf 74' lang='grc' dir='ltr'><strong><em>(Ακάτοθίσιιίι)</em></strong></span> 
     </span>
     <span class='ocr_line' id='line_1_27' title="bbox 157 3228 1343 3316; baseline 0 -16"><span class='ocrx_word' id='word_1_205' title='bbox 157 3234 181 3302; x_wconf 87' lang='grc' dir='ltr'><strong>εί</strong></span> <span class='ocrx_word' id='word_1_206' title='bbox 206 3233 327 3314; x_wconf 90' lang='grc' dir='ltr'><strong><em>πάρεισι</em></strong></span> <span class='ocrx_word' id='word_1_207' title='bbox 351 3230 403 3295; x_wconf 77' lang='grc' dir='ltr'><strong><em>καί</em></strong></span> <span class='ocrx_word' id='word_1_208' title='bbox 429 3233 731 3310; x_wconf 71' lang='grc' dir='ltr'><strong><em>συναπολογήσεται.</em></strong></span> <span class='ocrx_word' id='word_1_209' title='bbox 777 3228 889 3314; x_wconf 86' lang='lat' dir='ltr'><strong>Itaque</strong></span> <span class='ocrx_word' id='word_1_210' title='bbox 910 3231 1086 3295; x_wconf 83' lang='lat' dir='ltr'><strong>rectiaaime</strong></span> <span class='ocrx_word' id='word_1_211' title='bbox 1110 3235 1142 3295; x_wconf 89' lang='lat' dir='ltr'><strong>ot</strong></span> <span class='ocrx_word' id='word_1_212' title='bbox 1159 3231 1343 3316; x_wconf 81' lang='lat' dir='ltr'><strong>planissime</strong></span> 
     </span>
     <span class='ocr_line' id='line_1_28' title="bbox 156 3334 1344 3424; baseline -0.001 -19"><span class='ocrx_word' id='word_1_213' title='bbox 156 3361 240 3406; x_wconf 87' lang='lat' dir='ltr'><strong>nune</strong></span> <span class='ocrx_word' id='word_1_214' title='bbox 269 3339 398 3424; x_wconf 88' lang='lat' dir='ltr'><strong>quidem</strong></span> <span class='ocrx_word' id='word_1_215' title='bbox 429 3337 527 3403; x_wconf 82' lang='lat' dir='ltr'><strong>dixit:</strong></span> <span class='ocrx_word' id='word_1_216' title='bbox 562 3338 576 3402; x_wconf 84' lang='grc' dir='ltr'>ὁ</span> <span class='ocrx_word' id='word_1_217' title='bbox 609 3337 665 3416; x_wconf 78' lang='grc' dir='ltr'><strong>μὲν</strong></span> <span class='ocrx_word' id='word_1_218' title='bbox 696 3334 790 3401; x_wconf 86' lang='grc' dir='ltr'><strong><em>οίεται</em></strong></span> <span class='ocrx_word' id='word_1_219' title='bbox 823 3337 861 3401; x_wconf 92' lang='grc' dir='ltr'><strong>δι’</strong></span> <span class='ocrx_word' id='word_1_220' title='bbox 894 3335 1003 3400; x_wconf 81' lang='grc' dir='ltr'><strong><em>ἐκεῖνον</em></strong></span> <span class='ocrx_word' id='word_1_221' title='bbox 1035 3336 1239 3414; x_wconf 86' lang='grc' dir='ltr'><strong><em>σωθήσεσθαι,</em></strong></span> <span class='ocrx_word' id='word_1_222' title='bbox 1270 3339 1284 3403; x_wconf 84' lang='grc' dir='ltr'><strong><em>ὁ</em></strong></span> <span class='ocrx_word' id='word_1_223' title='bbox 1313 3338 1344 3404; x_wconf 77' lang='grc' dir='ltr'><strong>δὲ</strong></span> 
     </span>
     <span class='ocr_line' id='line_1_29' title="bbox 156 3439 1079 3526; baseline -0.007 -15"><span class='ocrx_word' id='word_1_224' title='bbox 156 3444 376 3526; x_wconf 88' lang='grc' dir='ltr'><strong><em>παρακάθηται</em></strong></span> <span class='ocrx_word' id='word_1_225' title='bbox 400 3442 452 3508; x_wconf 75' lang='grc' dir='ltr'><strong>καὶ</strong></span> <span class='ocrx_word' id='word_1_226' title='bbox 476 3445 509 3508; x_wconf 86' lang='grc' dir='ltr'><strong>ού</strong></span> <span class='ocrx_word' id='word_1_227' title='bbox 534 3443 727 3508; x_wconf 71' lang='grc' dir='ltr'><strong><em>καταδύεται</em></strong></span> <span class='ocrx_word' id='word_1_228' title='bbox 752 3450 814 3514; x_wconf 80' lang='grc' dir='ltr'><strong><em>τοῖς</em></strong></span> <span class='ocrx_word' id='word_1_229' title='bbox 839 3439 1079 3520; x_wconf 87' lang='grc' dir='ltr'><strong><em>πεπραγμένοις.</em></strong></span> 
     </span>
    </p>

    <p class='ocr_par' dir='ltr' id='par_1_6' title="bbox 156 3547 1346 4267">
     <span class='ocr_line' id='line_1_30' title="bbox 201 3547 1344 3637; baseline 0 -20"><span class='ocrx_word' id='word_1_230' title='bbox 201 3551 412 3637; x_wconf 77' lang='lat' dir='ltr'><strong>Inspiciamus</strong></span> <span class='ocrx_word' id='word_1_231' title='bbox 442 3570 526 3615; x_wconf 89' lang='lat' dir='ltr'><strong>nuno</strong></span> <span class='ocrx_word' id='word_1_232' title='bbox 550 3547 601 3614; x_wconf 80' lang='grc' dir='ltr'><strong><em>τὸν</em></strong></span> <span class='ocrx_word' id='word_1_233' title='bbox 625 3550 697 3614; x_wconf 88' lang='grc' dir='ltr'><strong><em>κατ’</em></strong></span> <span class='ocrx_word' id='word_1_234' title='bbox 720 3548 927 3626; x_wconf 83' lang='grc' dir='ltr'><strong><em>Ἀνδροτίωνος</em></strong></span> <span class='ocrx_word' id='word_1_235' title='bbox 950 3547 1060 3624; x_wconf 82' lang='grc' dir='ltr'><strong><em>λύγου,</em></strong></span> <span class='ocrx_word' id='word_1_236' title='bbox 1085 3548 1142 3614; x_wconf 91' lang='lat' dir='ltr'><strong>ubi</strong></span> <span class='ocrx_word' id='word_1_237' title='bbox 1164 3550 1275 3617; x_wconf 89' lang='lat' dir='ltr'><strong>eadem</strong></span> <span class='ocrx_word' id='word_1_238' title='bbox 1298 3550 1344 3618; x_wconf 89' lang='lat' dir='ltr'><strong>le-</strong></span> 
     </span>
     <span class='ocr_line' id='line_1_31' title="bbox 156 3652 1343 3747; baseline 0 -24"><span class='ocrx_word' id='word_1_239' title='bbox 156 3665 278 3747; x_wconf 74' lang='lat' dir='ltr'><strong>guntur</strong></span> <span class='ocrx_word' id='word_1_240' title='bbox 298 3678 373 3744; x_wconf 81' lang='lat' dir='ltr'><strong>pag.</strong></span> <span class='ocrx_word' id='word_1_241' title='bbox 399 3655 474 3720; x_wconf 88' lang='grc'><strong>616.</strong></span> <span class='ocrx_word' id='word_1_242' title='bbox 504 3652 559 3721; x_wconf 83' lang='grc'><strong>24.</strong></span> <span class='ocrx_word' id='word_1_243' title='bbox 583 3655 635 3720; x_wconf 72' lang='grc' dir='ltr'><strong><em>καὶ</em></strong></span> <span class='ocrx_word' id='word_1_244' title='bbox 661 3658 793 3719; x_wconf 81' lang='grc' dir='ltr'><strong><em>τοιαῦτα</em></strong></span> <span class='ocrx_word' id='word_1_245' title='bbox 816 3654 868 3719; x_wconf 72' lang='grc' dir='ltr'><strong><em>καὶ</em></strong></span> <span class='ocrx_word' id='word_1_246' title='bbox 892 3657 1034 3718; x_wconf 82' lang='grc' dir='ltr'><strong><em>τοσαῦτα</em></strong></span> <span class='ocrx_word' id='word_1_247' title='bbox 1057 3653 1092 3717; x_wconf 89' lang='grc' dir='ltr'><strong><em>τὸ</em></strong></span> <span class='ocrx_word' id='word_1_248' title='bbox 1117 3655 1230 3731; x_wconf 75' lang='grc' dir='ltr'><strong><em>πλῆθος</em></strong></span> <span class='ocrx_word' id='word_1_249' title='bbox 1258 3659 1343 3723; x_wconf 90' lang='grc' dir='ltr'><strong><em>κακά</em></strong></span> 
     </span>
     <span class='ocr_line' id='line_1_32' title="bbox 156 3757 1342 3843; baseline -0.001 -13"><span class='ocrx_word' id='word_1_250' title='bbox 156 3761 350 3843; x_wconf 87' lang='grc' dir='ltr'><strong><em>είργασμένσι</em></strong></span> <span class='ocrx_word' id='word_1_251' title='bbox 382 3762 423 3833; x_wconf 77' lang='grc' dir='ltr'><strong>εἷς</strong></span> <span class='ocrx_word' id='word_1_252' title='bbox 456 3759 536 3826; x_wconf 83' lang='grc' dir='ltr'><strong><em>τοῦθ’</em></strong></span> <span class='ocrx_word' id='word_1_253' title='bbox 561 3757 632 3839; x_wconf 88' lang='grc' dir='ltr'><strong>ἀμα</strong></span> <span class='ocrx_word' id='word_1_254' title='bbox 656 3760 855 3833; x_wconf 67' lang='grc' dir='ltr'><strong><em>ἀναισθησίας</em></strong></span> <span class='ocrx_word' id='word_1_255' title='bbox 880 3761 932 3825; x_wconf 79' lang='grc' dir='ltr'><strong><em>καὶ</em></strong></span> <span class='ocrx_word' id='word_1_256' title='bbox 958 3757 1075 3837; x_wconf 65' lang='lat' dir='ltr'><strong>ritune</strong></span> <span class='ocrx_word' id='word_1_257' title='bbox 1100 3763 1342 3840; x_wconf 78' lang='grc' dir='ltr'><strong><em>προεληλύθασιν</em></strong></span> 
     </span>
     <span class='ocr_line' id='line_1_33' title="bbox 157 3862 1342 3949; baseline -0.003 -13"><span class='ocrx_word' id='word_1_258' title='bbox 157 3868 214 3941; x_wconf 76' lang='grc' dir='ltr'><strong><em>ὥτε</em></strong></span> <span class='ocrx_word' id='word_1_259' title='bbox 238 3869 410 3949; x_wconf 86' lang='grc' dir='ltr'><strong><em>μέμνηνται</em></strong></span> <span class='ocrx_word' id='word_1_260' title='bbox 434 3867 547 3934; x_wconf 83' lang='grc' dir='ltr'><strong><em>τούτων</em></strong></span> <span class='ocrx_word' id='word_1_261' title='bbox 571 3870 609 3939; x_wconf 85' lang='grc' dir='ltr'><strong>ἀς</strong></span> <span class='ocrx_word' id='word_1_262' title='bbox 635 3872 736 3940; x_wconf 84' lang='grc' dir='ltr'><strong><em>καλῶς</em></strong></span> <span class='ocrx_word' id='word_1_263' title='bbox 762 3869 866 3935; x_wconf 82' lang='grc' dir='ltr'><strong><em>αὐτοῖς</em></strong></span> <span class='ocrx_word' id='word_1_264' title='bbox 888 3866 1075 3946; x_wconf 79' lang='grc' dir='ltr'><strong><em>διῳκημένων</em></strong></span> <span class='ocrx_word' id='word_1_265' title='bbox 1095 3862 1165 3931; x_wconf 73' lang='grc' dir='ltr'><strong><em>ὥσθ’</em></strong></span> <span class='ocrx_word' id='word_1_266' title='bbox 1187 3873 1224 3933; x_wconf 83' lang='grc' dir='ltr'>Ὀ</span> <span class='ocrx_word' id='word_1_267' title='bbox 1246 3876 1342 3933; x_wconf 77' lang='lat' dir='ltr'><strong>MeN</strong></span> 
     </span>
     <span class='ocr_line' id='line_1_34' title="bbox 158 3971 1342 4055; baseline -0.002 -12"><span class='ocrx_word' id='word_1_268' title='bbox 158 3976 253 4043; x_wconf 86' lang='grc' dir='ltr'><strong><em>οίεται</em></strong></span> <span class='ocrx_word' id='word_1_269' title='bbox 284 3975 321 4040; x_wconf 83' lang='grc' dir='ltr'><strong>δι’</strong></span> <span class='ocrx_word' id='word_1_270' title='bbox 352 3974 461 4041; x_wconf 81' lang='grc' dir='ltr'><strong><em>ἐκεῖνον</em></strong></span> <span class='ocrx_word' id='word_1_271' title='bbox 490 3973 544 4055; x_wconf 85' lang='grc' dir='ltr'><strong>ὑφ’</strong></span> <span class='ocrx_word' id='word_1_272' title='bbox 569 3975 650 4051; x_wconf 81' lang='grc' dir='ltr'><strong><em>ὑμῶν</em></strong></span> <span class='ocrx_word' id='word_1_273' title='bbox 674 3971 876 4052; x_wconf 71' lang='grc' dir='ltr'><strong><em>τυθήσεσθαι,</em></strong></span> <span class='ocrx_word' id='word_1_274' title='bbox 901 3977 939 4036; x_wconf 91' lang='lat' dir='ltr'><strong>&#39;O</strong></span> <span class='ocrx_word' id='word_1_275' title='bbox 966 3979 1023 4034; x_wconf 76' lang='grc' dir='ltr'><strong>ΔΘ</strong></span> <span class='ocrx_word' id='word_1_276' title='bbox 1045 3972 1265 4050; x_wconf 91' lang='grc' dir='ltr'><strong><em>παρακάθηται</em></strong></span> <span class='ocrx_word' id='word_1_277' title='bbox 1289 3976 1342 4041; x_wconf 74' lang='grc' dir='ltr'><strong><em>καὶ</em></strong></span> 
     </span>
     <span class='ocr_line' id='line_1_35' title="bbox 158 4075 1345 4160; baseline -0.003 -10"><span class='ocrx_word' id='word_1_278' title='bbox 158 4085 190 4150; x_wconf 86' lang='grc' dir='ltr'><strong>ού</strong></span> <span class='ocrx_word' id='word_1_279' title='bbox 222 4079 414 4148; x_wconf 86' lang='grc' dir='ltr'><strong><em>καταδύεται</em></strong></span> <span class='ocrx_word' id='word_1_280' title='bbox 446 4089 508 4152; x_wconf 82' lang='grc' dir='ltr'><strong><em>τοῖς</em></strong></span> <span class='ocrx_word' id='word_1_281' title='bbox 540 4076 780 4160; x_wconf 74' lang='grc' dir='ltr'><strong><em>πεπραγμένοις·</em></strong></span> <span class='ocrx_word' id='word_1_282' title='bbox 828 4075 912 4140; x_wconf 87' lang='lat' dir='ltr'><strong>Vide</strong></span> <span class='ocrx_word' id='word_1_283' title='bbox 940 4075 1023 4139; x_wconf 88' lang='lat' dir='ltr'><strong>mihi</strong></span> <span class='ocrx_word' id='word_1_284' title='bbox 1054 4094 1151 4159; x_wconf 89' lang='lat' dir='ltr'><strong>quam</strong></span> <span class='ocrx_word' id='word_1_285' title='bbox 1182 4079 1246 4143; x_wconf 82' lang='lat' dir='ltr'><strong>sint</strong></span> <span class='ocrx_word' id='word_1_286' title='bbox 1268 4080 1345 4146; x_wconf 86' lang='lat' dir='ltr'><strong>haee</strong></span> 
     </span>
     <span class='ocr_line' id='line_1_36' title="bbox 158 4179 1346 4267; baseline -0.005 -12"><span class='ocrx_word' id='word_1_287' title='bbox 158 4187 302 4257; x_wconf 79' lang='lat' dir='ltr'><strong>absurda.</strong></span> <span class='ocrx_word' id='word_1_288' title='bbox 350 4183 414 4266; x_wconf 83' lang='lat' dir='ltr'><strong>Qui</strong></span> <span class='ocrx_word' id='word_1_289' title='bbox 444 4185 508 4250; x_wconf 83' lang='lat' dir='ltr'><strong>sint</strong></span> <span class='ocrx_word' id='word_1_290' title='bbox 537 4185 573 4249; x_wconf 90' lang='lat' dir='ltr'><strong>hi</strong></span> <span class='ocrx_word' id='word_1_291' title='bbox 604 4185 662 4248; x_wconf 82' lang='lat' dir='ltr'><strong>duo</strong></span> <span class='ocrx_word' id='word_1_292' title='bbox 690 4179 831 4267; x_wconf 88' lang='lat' dir='ltr'><strong>improbi</strong></span> <span class='ocrx_word' id='word_1_293' title='bbox 859 4199 953 4245; x_wconf 89' lang='lat' dir='ltr'><strong>nemo</strong></span> <span class='ocrx_word' id='word_1_294' title='bbox 984 4181 1062 4245; x_wconf 79' lang='lat' dir='ltr'><strong>noire</strong></span> <span class='ocrx_word' id='word_1_295' title='bbox 1092 4186 1212 4267; x_wconf 81' lang='lat' dir='ltr'><strong>potent:</strong></span> <span class='ocrx_word' id='word_1_296' title='bbox 1238 4188 1346 4254; x_wconf 82' lang='lat' dir='ltr'><strong>omnia</strong></span> 
     </span>
    </p>
   </div>
   <div class='ocr_carea' id='block_1_3' title="bbox 160 4286 1346 4481">
    <p class='ocr_par' dir='ltr' id='par_1_7' title="bbox 160 4286 1346 4481">
     <span class='ocr_line' id='line_1_37' title="bbox 160 4286 1346 4381; baseline 0 -21"><span class='ocrx_word' id='word_1_297' title='bbox 160 4314 240 4381; x_wconf 90' lang='lat' dir='ltr'><strong>quae</strong></span> <span class='ocrx_word' id='word_1_298' title='bbox 270 4291 461 4378; x_wconf 84' lang='lat' dir='ltr'><strong>praecedunt</strong></span> <span class='ocrx_word' id='word_1_299' title='bbox 492 4295 525 4355; x_wconf 91' lang='lat' dir='ltr'><strong>et</strong></span> <span class='ocrx_word' id='word_1_300' title='bbox 555 4289 677 4375; x_wconf 89' lang='lat' dir='ltr'><strong>reliqua</strong></span> <span class='ocrx_word' id='word_1_301' title='bbox 708 4288 816 4353; x_wconf 89' lang='lat' dir='ltr'><strong>omnia</strong></span> <span class='ocrx_word' id='word_1_302' title='bbox 838 4288 872 4350; x_wconf 91' lang='lat' dir='ltr'><strong>in</strong></span> <span class='ocrx_word' id='word_1_303' title='bbox 895 4308 985 4349; x_wconf 86' lang='grc' dir='ltr'><strong><em>υπυιιι</em></strong></span> <span class='ocrx_word' id='word_1_304' title='bbox 1008 4286 1237 4354; x_wconf 84' lang='lat' dir='ltr'><strong>Androtionem</strong></span> <span class='ocrx_word' id='word_1_305' title='bbox 1260 4289 1346 4360; x_wconf 86' lang='lat' dir='ltr'><strong>dieta</strong></span> 
     </span>
     <span class='ocr_line' id='line_1_38' title="bbox 161 4392 1345 4481; baseline -0.002 -16"><span class='ocrx_word' id='word_1_306' title='bbox 161 4406 246 4465; x_wconf 83' lang='lat' dir='ltr'><strong>eunt.</strong></span> <span class='ocrx_word' id='word_1_307' title='bbox 292 4397 384 4464; x_wconf 87' lang='lat' dir='ltr'><strong>Nune</strong></span> <span class='ocrx_word' id='word_1_308' title='bbox 415 4397 601 4481; x_wconf 84' lang='lat' dir='ltr'><strong>necopinato</strong></span> <span class='ocrx_word' id='word_1_309' title='bbox 631 4392 766 4480; x_wconf 86' lang='lat' dir='ltr'><strong>pluralia</strong></span> <span class='ocrx_word' id='word_1_310' title='bbox 799 4413 951 4457; x_wconf 82' lang='lat' dir='ltr'><strong>numerus</strong></span> <span class='ocrx_word' id='word_1_311' title='bbox 986 4392 1115 4458; x_wconf 85' lang='lat' dir='ltr'><strong>auditur</strong></span> <span class='ocrx_word' id='word_1_312' title='bbox 1148 4399 1345 4476; x_wconf 80' lang='grc' dir='ltr'><strong><em>πεπραγμέν’</em></strong></span> 
     </span>
    </p>
   </div>
   <div class='ocr_carea' id='block_1_4' title="bbox 162 4499 1347 4656">
    <p class='ocr_par' dir='ltr' id='par_1_8' title="bbox 162 4499 1347 4656">
     <span class='ocr_line' id='line_1_39' title="bbox 162 4499 1347 4582; baseline -0.001 -11"><span class='ocrx_word' id='word_1_313' title='bbox 162 4507 268 4578; x_wconf 81' lang='grc' dir='ltr'><strong><em>αὐτοῖς</em></strong></span> <span class='ocrx_word' id='word_1_314' title='bbox 294 4539 334 4552; x_wconf 93' lang='grc'>-</span> <span class='ocrx_word' id='word_1_315' title='bbox 359 4501 563 4576; x_wconf 86' lang='grc' dir='ltr'><strong><em>σεσυλήκασιν</em></strong></span> <span class='ocrx_word' id='word_1_316' title='bbox 588 4537 629 4550; x_wconf 92' lang='lat'><strong>·-</strong></span> <span class='ocrx_word' id='word_1_317' title='bbox 653 4499 841 4581; x_wconf 86' lang='grc' dir='ltr'><strong><em>ήφανίκοισιν</em></strong></span> <span class='ocrx_word' id='word_1_318' title='bbox 861 4535 901 4548; x_wconf 94' lang='lat'>-</span> <span class='ocrx_word' id='word_1_319' title='bbox 920 4499 1114 4582; x_wconf 67' lang='grc' dir='ltr'><strong><em>ἀφῄρηνται,</em></strong></span> <span class='ocrx_word' id='word_1_320' title='bbox 1147 4505 1180 4565; x_wconf 88' lang='grc'><strong>81</strong></span> <span class='ocrx_word' id='word_1_321' title='bbox 1209 4521 1347 4570; x_wconf 54' lang='lat' dir='ltr'><strong>commo*</strong></span> 
     </span>
     <span class='ocr_line' id='line_1_40' title="bbox 1174 4606 1207 4656; baseline 0 0"><span class='ocrx_word' id='word_1_322' title='bbox 1174 4606 1207 4656; x_wconf 72' lang='lat'><strong>34</strong></span> 
     </span>
    </p>
   </div>
   <div class='ocr_carea' id='block_1_5' title="bbox 0 0 1696 5192">
    <p class='ocr_par' dir='ltr' id='par_1_9' title="bbox 0 0 1696 5192">
     <span class='ocr_line' id='line_1_41' title="bbox 0 0 1696 5192; baseline 0 0"><span class='ocrx_word' id='word_1_323' title='bbox 0 0 1696 5192; x_wconf 95' lang='lat' dir='ltr'><strong> </strong></span> 
     </span>
    </p>
   </div>
  </div>
 </body>
</html>
