3232 5176
849 377 893 447 82

278 591 372 650 ρηοαι
394 571 632 656 ineptissimum
655 571 689 634 in
712 570 846 637 mudum
871 571 1034 636 dirimant.
1081 569 1251 637 Praeterea
1270 573 1410 659 cogitato
1430 593 1478 639 ex

279 677 438 762 superiore
467 675 537 742 loco
569 697 643 764 ρας.
676 674 752 741 205.
784 675 815 741 2.
847 697 913 742 ecee
942 677 1093 761 repetita,
1125 677 1183 742 ubi
1207 677 1346 743 dixerat:
1382 679 1478 744 Pelo·

271 782 413 867 permeata*
435 804 532 848 υκιιοοι
555 783 712 863 (Arcades,
738 783 861 866 Aryim',
885 782 1054 868 Είιάοιιεςε)
1079 783 1119 845 ad
1136 782 1299 848 societatem
1325 783 1477 850 ουίίοοιοοιι

278 889 439 952 iucundam
462 895 616 965 υοιιοσοιιί,
641 889 695 952 aed
714 888 819 952 reiecti
840 896 868 952 ct
889 888 999 972 spreti,
1021 889 1100 976 quod
1117 911 1207 952 τινιυιιι
1227 895 1289 953 crat
1308 890 1476 975 reliquum,

278 995 319 1057 ad
347 994 494 1058 Thebanos
524 1015 555 1058 ιο
583 995 781 1058 contulerunt.
829 992 973 1079 Denique
995 998 1135 1079 spectato
1158 994 1362 1080 mihiquem
1384 995 1478 1064 male

279 1098 398 1167 Graece
413 1099 491 1164 haec
507 1101 675 1164 enunciata
688 1101 769 1164 sint:
791 1099 843 1179 ἐφ’
865 1100 947 1176 ὑμᾶς
966 1097 1123 1178 προτέρους
1145 1096 1233 1174 illoc
1253 1099 1270 1176 ἦ
1292 1101 1476 1186 Θηβαίους,

278 1227 379 1292 quum
409 1204 508 1270 vellet
537 1205 640 1270 dicere
662 1208 699 1278 οῖς
726 1206 808 1282 ὑμεῖς
833 1201 919 1280 ἦλθον
942 1193 1083 1285 πρότερον
1106 1201 1160 1270 stc·
1182 1203 1235 1271 ὅτε
1258 1207 1339 1272 οὐδὲν
1364 1209 1477 1280 αὐτοῖς

277 1311 460 1391 προσείχετε
492 1310 565 1391 πρὸς
597 1311 668 1383 τοὺς
697 1311 855 1390 Θηβαίους
886 1310 1063 1391 ίτράποντο.
1110 1311 1172 1378 His
1194 1315 1298 1401 igitur
1321 1315 1477 1382 omnibus

278 1416 317 1483 de
341 1418 444 1483 cauais
466 1416 676 1482 manifestum
700 1416 861 1483 emblema
884 1420 1006 1484 nuetori
1029 1439 1086 1484 suo
1109 1418 1336 1505 relinquamua

326 1626 537 1694 Vehementer
559 1627 643 1692 mihi
668 1627 706 1693 de
727 1630 809 1695 vitio
832 1635 979 1716 suspecte
1001 1636 1076 1696 eunt
1098 1651 1178 1716 quae
1198 1637 1373 1717 sequuntur
1394 1654 1477 1724 pag.

281 1731 358 1800 207.
393 1730 446 1798 10.
479 1734 553 1797 άλλ’
586 1727 801 1812 circumcirca
825 1734 883 1814 μέν
907 1736 952 1804 ἔτι
978 1735 1112 1817 δεύτερον
1135 1737 1295 1815 άνίράποιν
1317 1739 1478 1818 βουλομέ-

280 1863 334 1904 νιον
367 1836 471 1918 ἑτέρων
503 1844 626 1911 ποιῆσαι
657 1840 781 1910 τούτους
815 1839 1015 1922 συμμάχους.
1061 1842 1209 1908 Primum
1233 1845 1369 1924 δεύτερον
1392 1849 1478 1932 qnid

280 1948 323 2012 eit
354 1965 417 2010 non
449 1949 576 2030 exputc.
623 1946 725 2011 Aiunt
756 1967 823 2013 ecee
853 1967 911 2032 pro
943 1947 978 2012 τί
1003 1947 1147 2028 δεύτερον.
1194 1950 1244 2016 Ne
1272 1952 1478 2037 sicquidem

278 2051 420 2138 intelligi
451 2055 565 2136 potest.
611 2049 749 2136 Reliqua
780 2053 826 2117 sic
856 2055 1030 2139 composita
1052 2061 1126 2120 eunt
1149 2061 1187 2121 ut
1208 2059 1266 2122 vix
1288 2056 1387 2122 semel
1409 2061 1475 2125 ite-

277 2177 413 2242 rumque
447 2155 572 2222 relectis
607 2157 698 2242 quasi
733 2177 789 2242 per
818 2161 1020 2223 transennam
1051 2159 1200 2245 dispicias
1231 2161 1310 2247 quid
1338 2163 1476 2230 tandem

278 2263 420 2340 dicatur,
445 2267 477 2328 et
500 2262 584 2328 hunc
607 2262 707 2328 ferme
729 2263 874 2328 ordinem
898 2265 1068 2329 verborum
1087 2266 1215 2331 institui
1235 2265 1347 2332 debere
1367 2273 1477 2355 surpi-

278 2371 358 2434 cerie
390 2367 584 2446 βουλομένου
614 2366 739 2442 τούτους
770 2369 843 2453 (οὐχ
874 2369 988 2434 ἑαυτῶν
1019 2371 1110 2457 ἀλλ’)
1142 2371 1246 2451 ἑτέρον
1277 2376 1475 2455 συμμάχους

278 2480 413 2546 ποιῆσαι.
463 2472 552 2538 Haec
584 2477 692 2538 autem
722 2477 810 2540 tanto
841 2495 933 2560 opere
961 2475 1225 2543 aDemoethenie
1247 2479 1322 2546 etilo
1344 2480 1477 2550 diversa

279 2584 369 2657 aunt,
402 2583 439 2644 ut
470 2580 597 2643 etiamsi
621 2579 777 2666 corrigere
799 2601 951 2666 nequeas,
976 2581 1037 2647 hoc
1059 2602 1162 2647 unum
1185 2589 1293 2651 tamen
1317 2592 1366 2652 eat
1389 2591 1476 2656 scias

278 2683 375 2772 longe
397 2683 486 2749 aliud
510 2683 549 2748 ab
571 2681 702 2748 Oratore
726 2684 847 2750 dictum
872 2691 905 2751 et
927 2689 1081 2773 scriptum
1105 2687 1182 2752 clim
1207 2688 1316 2756 firieee.

324 2895 403 2984 Peg.
435 2893 512 2961 207.
545 2893 597 2960 80.
634 2894 744 2967 Ἠδίονς
776 2895 804 2959 δ’
829 2895 867 2961 άν
891 2899 1038 2975 πυίυίμην
1062 2903 1120 2962 τῶν
1145 2900 1298 2976 λεγόντοιν
1321 2903 1373 2966 καί
1398 2907 1473 2979 τοὺς

280 3002 439 3080 Θηβαίους
466 3009 567 3079 μισεῖν
591 3001 774 3082 Φασκίντυν
798 3003 850 3066 καί
874 3003 943 3075 τοὺς
968 3005 1228 3082 Λακεδαιμονίους
1253 3006 1369 3088 πάτερα
1395 3011 1474 3076 ἐκάη

279 3131 357 3188 τεροι
387 3112 524 3185 μισοῦσιν
554 3105 603 3179 οὓς
635 3109 670 3182 δη
702 3112 840 3185 μισοῦσιν
874 3108 946 3186 ὑπὲρ
979 3110 1059 3186 ὑμῶν
1090 3110 1142 3174 καί
1174 3115 1226 3175 τοῦ
1260 3113 1473 3196 συμφέροντος

279 3215 352 3290 ὑμῖν
374 3214 391 3288 ῖς
417 3215 489 3293 ὑπὲρ
512 3213 569 3291 μὲν
594 3213 846 3290 Λακεδαιμονίων
870 3213 1050 3298 Θηβαίους,
1075 3215 1148 3294 ὑπὲρ
1172 3216 1203 3282 δὲ
1229 3219 1378 3296 Θηβαίων
1402 3234 1472 3288 Λα-

279 3319 485 3396 κεδαιμονίους
518 3318 665 3399 ἑκάτεροι.
714 3318 832 3384 Misere
855 3323 960 3404 prima
982 3341 1055 3405 pars
1077 3321 1174 3388 huius
1198 3322 1261 3390 loci
1283 3335 1401 3394 vexata
1425 3337 1477 3397 est

279 3426 334 3492 aed
364 3427 521 3491 sententia
551 3423 692 3490 Oratorie
723 3432 790 3490 tam
820 3428 987 3510 perspicua
1016 3432 1065 3492 eet
1092 3434 1270 3514 claperia,
1294 3439 1468 3502 utstatim

280 3535 411 3617 antiqua
433 3534 590 3616 scriptura
612 3530 787 3616 polluceat,
811 3551 892 3616 quae
914 3531 992 3597 haec
1013 3538 1078 3597 eet:
1102 3533 1191 3608 ηδέιις
1212 3533 1239 3599 δ’
1260 3536 1298 3602 cic
1318 3541 1469 3616 πυθοίμην

279 3647 351 3704 ΚΑΙ
375 3644 434 3702 τῶν
456 3639 526 3709 τοὺς
551 3637 709 3716 Θηβαίους
734 3645 836 3713 μισεῖν
859 3637 1040 3716 Φασκδντιυν
1065 3640 1116 3703 καὶ
1140 3647 1199 3706 τῶν
1222 3642 1292 3717 τοὺς
1312 3647 1471 3712 Λακεδαι.

279 3743 397 3821 μονίους
422 3742 537 3821 τίτερα
557 3742 693 3822 ἑκάτεροι
714 3748 852 3820 μισοῦσιν
872 3743 937 3808 κτέ.
972 3743 1093 3810 Eadem
1113 3746 1279 3814 feneratio
1299 3748 1470 3820 Schacfero

279 3849 417 3936 placuit,
442 3870 545 3935 neque
568 3847 637 3914 ulla
660 3848 754 3915 datur
776 3851 872 3933 optio.

324 4060 405 4148 Peg.
437 4059 513 4126 208.
549 4060 600 4126 18.
633 4061 691 4132 τάς
723 4061 779 4138 μὲν
804 4062 944 4132 Θεσπιάς
968 4062 1020 4127 καί
1044 4063 1096 4127 τὸν
1120 4065 1307 4145 Ὀρχομενὸν
1329 4068 1383 4132 καί
1407 4071 1466 4142 τάς

279 4166 448 4238 Πλαταιάς
480 4165 705 4246 κατοικίζεσθαι
736 4171 845 4247 Φάμον
876 4167 936 4232 δεῖν
969 4168 1021 4232 καί
1052 4169 1302 4248 συμπράττωμεν
1332 4176 1467 4240 αὐτΟΙΕ

281 4271 333 4335 καί
365 4272 435 4342 τοὺς
468 4271 582 4344 άκιιους
614 4271 759 4349 άξιῶμεν.
807 4272 899 4338 Nihil
928 4282 995 4340 e'eee
1018 4279 1122 4359 potest
1146 4279 1264 4342 certine
1286 4299 1383 4362 quam
1407 4281 1466 4347 De·

279 4377 479 4443 moethcnem
509 4379 627 4444 dixisse
654 4377 904 4459 συμπράττωμεν
932 4381 1041 4444 αὐτοί
1067 4381 1119 4444 καί
1144 4381 1213 4452 τοὺς
1237 4381 1353 4454 ἄλλους
1376 4385 1466 4462 &Eccl-

279 4507 353 4561 μεν,
376 4503 474 4569 quam
491 4483 661 4550 lectionem
680 4505 719 4550 ex
737 4484 898 4552 Feliciano
917 4484 1081 4553 Dobreeue
1098 4485 1242 4572 protulit
1278 4487 1351 4556 Non
1371 4489 1465 4556 laude
