3208 5158
650 403 715 476 att

100 617 166 682 eqno
194 599 338 664 Troiano.
387 596 615 683 Neoptolemus
644 597 809 684 pugnandi
841 595 955 664 avidus
986 599 1132 683 precibus
1159 595 1276 684 fatigat

99 699 253 788 Ulyssem,
277 712 315 768 ut
345 725 412 769 aeae
442 706 570 768 emittat
601 702 702 785 sorae,
736 703 749 767 ό
784 703 815 768 δέ
842 728 884 782 με
908 702 1118 781 μόλοο’τόλλ’
1141 702 1276 770 ίκότευεν

100 806 211 872 ίππόόεν
234 809 386 886 ἐξέμεναι.
422 808 459 873 ln
483 809 575 873 cuius
598 809 702 895 igitur
724 829 822 873 mann
847 815 915 875 erat
934 816 990 874 ant
1009 809 1151 876 clansam
1171 819 1276 874 tenere

99 913 213 978 ianuam
244 921 301 980 aut
331 915 510 991 recludere,
533 935 627 1000 penes
652 935 724 979 eum
752 922 819 980 erat
842 935 970 980 summa
993 917 1121 1001 imperii
1145 921 1177 980 et
1199 916 1276 980 soci·

100 1037 178 1084 orum
199 1023 269 1086 vita
292 1027 324 1087 et
346 1020 443 1087 salus.
479 1019 543 1100 Sed
565 1019 680 1085 molles
704 1024 737 1086 et
756 1020 922 1087 delicatuli
941 1019 1039 1088 aulici
1056 1022 1138 1090 hane
1157 1023 1276 1086 incom-

100 1129 156 1189 tnm
188 1125 429 1213 simplicitatem
466 1145 529 1191 non
565 1124 741 1210 capiebant.
789 1126 875 1192 Andi
910 1127 1048 1194 alterum
1081 1124 1275 1214 exemplum.

100 1228 199 1318 Odyas.
223 1232 267 1298 H.
292 1231 370 1298 225.

590 1333 694 1401 ίδόντκ
717 1361 760 1414 με
784 1336 836 1402 καί
860 1336 946 1402 λίποι
969 1337 1043 1404 eicie

222 1451 329 1520 κτῆσιν
352 1444 427 1521 ἕμίην
453 1440 559 1520 δμῶάς
583 1465 619 1508 τε
643 1442 695 1508 καί
722 1443 873 1524 ὑψερεφὲς
897 1443 986 1524 μέγοο
1010 1444 1108 1523 δῶμα.

136 1550 321 1639 Indignatur
348 1549 584 1634 Aristophanes.
633 1545 738 1628 Qnidl
772 1548 932 1615 Haeccine
955 1551 1160 1636 potissimum
1182 1549 1279 1638 Ulys-

98 1675 156 1722 sem
175 1658 282 1724 videre
302 1661 449 1742 expetere
468 1661 541 1720 ante
561 1657 669 1720 omnia
688 1656 795 1730 κτῆσίν
817 1679 852 1719 πε
873 1653 979 1733 δμῶάς
995 1653 1275 1742 τείιιοιιροοπίοικ,

97 1781 152 1828 non
171 1767 308 1828 κτοποιιιί
331 1762 417 1828 Audi
438 1763 564 1846 ipsum:
586 1759 804 1826 ’‘AMetNON
824 1755 900 1826 *AN
919 1759 996 1827 ἯΝ

424 1867 549 1946 πατρίδ’
573 1865 650 1944 ἒμην
674 1864 791 1947 ἄλοχόν
815 1890 861 1932 τε.
889 1869 914 1951 ¹)

98 1975 195 2056 κομιδῇ
224 1976 289 2056 γόιρ
320 1973 521 2051 σμικρολόγος
552 1974 702 2053 Φκίνεποοι
734 1975 914 2053 τροτόττοιν
947 1981 1005 2040 τῶν
1032 1975 1198 2054 φιλτοίτοον
1221 1975 1276 2048 την

98 2090 210 2157 triers,
235 2084 276 2152 ὡς
299 2080 386 2158 erepit
411 2079 573 2160 Μενάνδρῳ
598 2079 762 2158 Σμικρίνης
787 2081 817 2144 όν
844 2079 1088 2162 Ἐπιτρέπουσιν.
1131 2081 1180 2146 Ex
1203 2099 1278 2146 suae

98 2191 199 2254 aetatis
221 2185 354 2253 modulo
377 2189 500 2251 animos
524 2205 560 2252 aa
583 2190 707 2250 mentes
731 2192 790 2250 τῶν
814 2187 911 2266 ἡρώων
933 2189 1068 2253 metitur
1090 2191 1122 2252 et
1144 2185 1227 2251 nihil
1250 2186 1280 2251 ei

97 2293 237 2360 interesse
260 2292 388 2359 videtur
410 2289 624 2356 Smicrineane
647 2291 796 2376 loquatur
820 2314 860 2358 an
883 2292 983 2358 heros.
1021 2290 1279 2360 Ptolemaeorum

97 2419 180 2466 nemo
209 2418 365 2485 umquam
396 2399 443 2462 ita
472 2398 624 2462 dixisset:
657 2398 767 2482 credo,
798 2398 854 2465 sed
880 2399 957 2484 quid
980 2400 1021 2465 ad
1044 2399 1223 2466 Homerum
1245 2395 1279 2463 id

98 2503 223 2572 attinet?
247 2503 390 2570 Eandem
415 2524 454 2568 ex
478 2509 573 2569 cantu
597 2523 690 2569 avem
713 2523 864 2591 agnosces
886 2504 1000 2593 Odyss.
1025 2517 1058 2572 Β.
1085 2503 1159 2571 133.

341 2608 435 2673 κκκὸν
457 2608 490 2674 δέ
511 2633 551 2687 με
578 2609 670 2674 πόλλ’
695 2610 851 2675 turriam
873 2611 1003 2693 Ἰκαρίῳ.

97 2717 224 2803 simplex
245 2716 360 2781 horum
384 2716 553 2781 verborum
578 2718 735 2781 sententia
757 2717 963 2802 Aristophani
986 2718 1127 2784 indecora
1149 2723 1181 2784 et
1197 2720 1279 2784 into·

97 2821 217 2890 leranda
243 2824 313 2888 visa
344 2825 410 2886 est:
443 2822 469 2884 εί
495 2821 561 2900 περί
587 2823 759 2902 χρημάτων
784 2821 876 2901 ἔλεγε
899 2827 1100 2902 σμικρολόγος
1125 2823 1164 2890 ἂν
1187 2823 1280 2906 ἐφιεί-

99 2951 166 2994 ιετο.
211 2929 322 3014 ltaque
351 2947 390 2992 ne
420 2926 455 2991 id
487 2925 576 2992 lieret
608 2935 808 2994 commentus
839 2935 888 2994 eet
909 2930 1136 3017 Aristophanes
1158 2931 1198 2996 da
1222 2949 1279 2996 sno

98 3034 263 3101 mirificum
286 3032 446 3120 quoddam
471 3039 503 3099 at
525 3035 727 3119 perinaptum
752 3033 943 3113 ὑπέρβπτον,
967 3036 1006 3102 de
1031 3057 1093 3122 quo
1114 3037 1196 3103 inira
1218 3038 1279 3102 erit

99 3139 216 3206 dicendi
233 3140 330 3206 locus.
378 3137 470 3203 Nunc
492 3137 644 3205 Zenodoti
663 3146 830 3225 peccatum
850 3163 889 3207 ex
910 3142 1020 3208 eodem
1041 3143 1126 3210 fonte
1147 3143 1279 3208 ductum

98 3247 305 3331 inspiciamus.
351 3243 443 3310 Iliad.
468 3253 501 3308 Γ.
529 3243 606 3309 422.

224 3351 400 3432 ἀμφίπολοι
425 3350 482 3427 μὲν
504 3350 614 3415 ἓπειτοο
637 3353 708 3420 tote
732 3350 782 3415 est
807 3347 884 3430 ἔργον
907 3351 1074 3433 τράποντο,

226 3458 294 3532 ἧδ’
319 3460 362 3528 είς
386 3456 538 3537 ὑψόροφον
564 3457 704 3534 όοίλοιμον
728 3457 774 3522 κίε
799 3458 849 3522 trs
874 3464 1037 3535 γυναικῶν.

226 3573 265 3645 τῇ
287 3563 314 3628 δ’
337 3561 399 3642 ἄρα
421 3562 525 3642 δίφρον
549 3563 663 3627 laotos
687 3563 896 3645 Φιλομμειδης
921 3563 1088 3644 ’Δφροδίτη

225 3669 306 3737 ἀντί’
330 3667 540 3746 Ἀλεξάνδροιο
564 3668 617 3733 tes
642 3671 792 3743 κοιτέόηκε
815 3669 968 3750 Φέρουσα·

226 3777 295 3842 ίνόοι
319 3773 421 3856 κόόιζ·
444 3776 552 3848 ‘natm
577 3774 665 3855 κούρη
691 3775 763 3847 Διός
788 3776 942 3856 κίγιόχοιο

226 3883 296 3950 όστε
321 3881 419 3947 πόλιν
442 3881 597 3957 euitare,
623 3882 711 3946 πόσιν
737 3881 763 3946 δ’
787 3882 925 3958 ἠνίπαπε
946 3879 1039 3964 teddo.

104 3987 139 4053 ad
164 3989 238 4055 haec
267 3989 467 4055 Aristonicus
499 3989 654 4073 excerpsit
677 4007 716 4053 ex
739 3989 917 4054 Aristarchi
939 3989 1191 4054 commentarils:
1216 3989 1279 4054 ἀπὸ

137 4180 159 4245 t)
174 4181 261 4232 Sumsit
276 4183 334 4232 haee
352 4181 522 4248 Aristophanes
538 4197 566 4232 ex
583 4181 653 4232 llisd.
671 4183 701 4232 n.
720 4187 777 4233 att.

315 4269 417 4334 πατρίδ’
438 4267 497 4332 lusit
515 4268 610 4336 ίίλοχόν
628 4287 659 4322 τι
680 4270 721 4321 καί
739 4268 856 4337 νίίρεριφίς
874 4271 944 4335 μίγα
962 4270 1038 4337 Mun.

108 4351 380 4404 manutenuerunt

353 4447 440 4502 κτητιν
458 4439 516 4504 ipsiu
534 4441 615 4505 taeta
633 4459 664 4494 τι
682 4443 724 4494 sai
742 4441 859 4508 ιίόιριφίς
878 4443 947 4506 μίγα
965 4443 1035 4508 'Sua

115 4533 237 4600 numaque
252 4533 356 4584 ermino
372 4535 481 4592 κνκλικόε
498 4535 538 4586 vid
555 4534 624 4586 Iliad.
645 4535 670 4585 P.
687 4539 747 4586 838.
766 4534 851 4601 Odyu.
869 4533 902 4586 Η.
920 4539 968 4587 225
985 4539 1010 4585 et
1028 4535 1054 4586 P.
1073 4535 1129 4587 tat.
