3358 5200
362 597 518 676 άσιμῶσαι
531 633 573 646 -
585 599 754 675 άσιμάσαι.

361 727 479 784 ΑΙΡΩ.
503 715 585 799 κόρω.
610 720 694 799 αἱρῶ.
719 720 771 800 ε’ρῶ
795 739 870 786 eum
892 722 1087 809 compositis.

361 840 518 919 βούλομαι
532 877 574 888 -
586 837 789 918 βουλεύομαι.

360 958 498 1042 δεκάζειν
510 993 552 1010 -ν
565 956 718 1040 δικάζειν.

361 1079 535 1159 διεωσάμην
548 1119 589 1130 -
602 1082 804 1159 διεσωσάμην.

363 1203 466 1281 δόξαι,
485 1200 635 1294 Ιδεδόρηόοιι
649 1239 691 1252 -
705 1201 823 1288 δεῖξαι,
848 1203 1015 1287 δεδεῖχόαι.

361 1323 518 1402 ἐξάιτησεν
532 1361 574 1372 -
588 1323 745 1404 ἐζήτησεν.

362 1445 496 1517 ἐπέτειος
510 1482 552 1494 -·-
566 1444 713 1519 ἐπαίτιος.

362 1563 416 1641 ἕως
430 1603 472 1617 -
484 1567 572 1662 τέως.

362 1687 441 1765 ἥδιον
453 1725 497 1738 -
509 1687 590 1754 ἴδιον.

361 1808 566 1891 ἠκκλησίαζον
579 1847 621 1860 -
635 1809 862 1892 ἕξεκλησόαζον.

359 1929 522 2012 κολάψαι,
548 1931 903 2012 ἐκκολάψαι-κόψιιι,
929 1932 1071 2013 ἐκκόψαι.

360 2052 486 2129 κομίσαι
500 2089 544 2102 -
556 2061 722 2132 κοσμῆσαι.

359 2173 512 2255 ληχόηναι
526 2211 568 2224 -
581 2175 750 2255 λεχθῆναι,
771 2175 940 2272 δειχθῆναι.

360 2294 471 2374 όμόσοοι
484 2331 529 2344 -
541 2297 743 2373 ὁμολογῆσαι.

360 2415 486 2497 πάτριος
501 2451 543 2464 -
556 2422 716 2497 παπρῶιος.

360 2537 449 2611 πόλις
464 2575 504 2586 -
518 2535 675 2604 πολισεόοο.

360 2658 487 2741 πράσσω
501 2697 542 2708 -
555 2657 757 2739 προστάσσω,
782 2657 897 2725 πάπποι.

357 2783 495 2862 πρᾶγμα
509 2818 550 2828 -
564 2778 769 2861 πρόσταγμα.

357 2905 427 2985 ῥᾷον
440 2937 482 2950 -·
495 2901 605 2982 ῥᾴδιον.

356 3023 463 3106 σΦόσιν
477 3059 520 3070 -
531 3027 637 3102 Φησιν.

356 3144 389 3211 πό
411 3143 514 3208 παόόν
527 3181 569 3192 -
581 3142 613 3208 πό
635 3143 750 3222 μαόάν.

356 3265 443 3341 rivin
457 3265 598 3339 -σηόη

355 3387 476 3469 Φαίνειν
490 3384 650 3468 -φόρειν
675 3392 706 3452 et
732 3389 915 3473 composita.

354 3507 476 3590 φόεόρω.
501 3507 734 3589 περιφόεόρομαι
750 3545 790 3556 -
806 3505 898 3590 φέρω.
923 3508 1137 3591 περιφόρομιιι.

323 3693 326 3700 .
355 3633 697 3712 Φλοιῦρον-Φαῢλον,

308 3751 425 3837 quibus
447 3751 568 3818 similia
591 3749 726 3835 quilibet
750 3771 789 3814 ex
812 3757 965 3835 apparatu
987 3748 1106 3818 Oritieo
1130 3751 1289 3838 Platonis,
1314 3754 1503 3821 Demosthe·

308 3875 358 3936 nie
382 3877 413 3938 et
437 3872 573 3937 aliorum
597 3869 690 3957 plenu
712 3891 811 3936 manu
833 3868 967 3937 ediieere
991 3875 1116 3958 poterit.

352 3991 563 4079 Inspiciamus
596 4015 634 4058 ex
664 3993 714 4058 hie
745 3991 898 4058 nonnulle
934 3991 1040 4079 paullo
1076 3991 1273 4082 diligentius.
1321 4006 1430 4063 ΑΙΡΩ
1464 4005 1503 4064 ut

308 4133 399 4180 besue
430 4119 461 4178 et
490 4115 617 4179 fortune
646 4114 767 4181 ferebat
796 4121 853 4180 eut
884 4107 955 4194 αἴρω
986 4123 1042 4180 aut
1072 4117 1144 4197 σάρῶ
1169 4117 1366 4184 scribebatur
1388 4123 1444 4184 eut
1468 4121 1503 4184 in

310 4235 362 4314 ἐρῶ
390 4235 668 4320 corrumpebatur,
693 4239 788 4301 utin
812 4237 826 4300 ό
850 4236 942 4315 λόγος
968 4237 1030 4317 ἐρεῖ
1050 4257 1106 4322 pro
1130 4238 1219 4317 αἱρεῖ.
1266 4238 1352 4304 Hine
1375 4260 1502 4306 sexcen-

308 4357 368 4420 tiee
392 4356 475 4419 inter
497 4375 530 4419 ee
554 4357 782 4438 permiscentur
805 4357 959 4436 atrectare,
985 4359 1150 4439 αἱρεῖσθαι,
1175 4357 1322 4439 άριοσόαι,
1347 4361 1501 4446 άρεῖσόαι,

307 4475 483 4560 αἰρόμενος,
517 4473 651 4556 ἐρόμενος
682 4481 715 4544 et
744 4479 817 4545 eim.
853 4481 888 4544 in
922 4479 1038 4563 quibus
1073 4479 1223 4546 omuibus
1257 4501 1338 4566 quae
1372 4482 1501 4549 videtur
