3358 5200
767 357 809 432 39

167 559 242 626 οὐδὲ
276 559 339 638 γὰρ
371 560 402 624 ἐν
432 568 503 633 ταῖς
538 558 629 631 ἰδέαις
665 555 774 630 οἰκίαις
810 557 862 640 1οῶ
898 563 957 624 τῶν
988 560 1019 624 ἐν
1054 559 1159 646 ἡλικίην
1194 561 1267 642 πρὸς
1301 559 1371 636 τούς

167 673 506 731 ΠΡΕΟΒΤΤΕΡΟΤΕ
526 663 603 730 οὕτω
619 662 807 740 διακείμενον
818 662 881 729 οὐδ’
895 661 988 737 ούτως
1000 665 1167 745 ύμνύμονα
1180 666 1242 733 οὐδ’
1256 665 1371 733 οῖτοπον

170 779 236 836 τῶν
260 771 350 835 ύντυν
375 769 480 836 σύδέυα
504 768 561 840 cies
585 772 611 834 εῖ
635 771 680 847 μη
704 770 876 845 ποιήσουσιν
898 767 1038 844 ἅπαντες
1061 767 1127 837 ύσον
1148 771 1254 859 (sicS)
1275 773 1369 845 αύτὸς

172 879 212 942 οὐ
235 876 371 958 Φύσκειυ
401 877 534 952 πονήσειν
568 875 650 941 οὐδέν
680 875 741 941 οὐδ’
765 875 871 942 αύτύν.
917 875 965 942 Hi
983 878 1047 964 ipsi
1069 882 1160 956 sunt,
1185 897 1263 964 quos
1286 900 1370 944 com·

170 1003 292 1048 munes
321 985 463 1049 civitatis
494 987 640 1068 parentes
670 982 754 1047 dixit
785 983 963 1048 existimari
995 988 1151 1069 oportere:
1185 983 1372 1056 corrodebat

171 1089 290 1167 γονέας
314 1089 382 1162 τοὺς
408 1097 736 1154 ssPeCBTTePOTC
767 1088 957 1166 σύμπαντας
982 1089 1124 1168 ἧμεῖσύαι
1148 1089 1201 1155 καὶ
1226 1091 1369 1170 προσήκει

172 1193 343 1265 τούτους
376 1195 437 1274 ούχ
468 1189 547 1268 ὅπως
580 1191 617 1260 ὧν
648 1193 779 1270 ηπύλνς
811 1193 928 1260 δίδωσιν
959 1192 1133 1278 οῖφελέσύαι
1156 1218 1204 1274 τι,
1238 1195 1314 1260 αλλ’
1344 1197 1370 1261 ei

175 1301 233 1366 καὶ
255 1297 402 1378 μηδὲυῆν
425 1299 538 1366 τούτων
570 1299 700 1366 οῖλλούεν
730 1308 856 1366 σκοπεῖν
885 1296 964 1372 ύπας
996 1299 1123 1378 μηδενὸς
1152 1299 1236 1374 ύντες
1260 1300 1370 1374 ἐνδεεῖς

175 1406 444 1488 περιοφθήσονται.
491 1405 545 1473 Sic
573 1405 658 1472 clara
679 1406 752 1472 luce
774 1405 941 1493 splendent
963 1409 1087 1472 omnia:
1118 1408 1144 1472 οῖ
1168 1405 1369 1487 πρεσβύτερον

176 1512 235 1578 καὶ
260 1514 285 1577 οῖ
308 1511 529 1584 ἀδυνατοῦντες
551 1513 594 1591 τῷ
618 1513 739 1590 σύματν
768 1511 874 1592 μνσύδν
897 1514 932 1578 έιι
955 1519 1007 1579 τοῦ
1031 1513 1175 1592 δημοσίου
1200 1511 1305 1594 ἔφερον
1327 1513 1369 1577 rib

175 1619 226 1683 δύ’
251 1617 360 1695 ὀβολώ.
396 1617 459 1698 Qui
483 1622 551 1684 erat
575 1620 779 1706 sexagenario
801 1620 904 1684 maior
926 1639 965 1685 ex
984 1621 1104 1686 aerario
1123 1619 1203 1685 duos
1220 1639 1371 1684 nummos

174 1724 355 1809 accipiebat
376 1726 411 1788 in
435 1724 538 1807 diem,
562 1726 742 1809 promiscue
765 1743 875 1790 omnes
894 1725 1011 1791 divites
1027 1745 1251 1811 pauperesque.
1282 1723 1369 1790 Hinc

175 1829 264 1893 dixit
285 1850 358 1918 pag.
382 1828 527 1895 141.15.
551 1829 737 1909 τετρακόσια
759 1830 905 1896 τύλαντα
929 1829 1133 1910 προσέρχεται
1151 1831 1267 1902 οὐδενὸς
1287 1830 1369 1896 ούδὲν

173 1933 377 2014 ζημιουμένου
401 1935 541 2008 τῶντὰς
565 1937 670 2006 ούσῖας
694 1935 826 2018 έχύνταν
851 1936 1016 2001 ἀλλὰκαὶ
1040 1933 1365 2016 προσλαμβανύνταν·

172 2043 201 2106 οῖ
226 2041 289 2120 γὰρ
318 2049 503 2107 G'rl'IOPOI
533 2041 649 2114 πούυτες
683 2039 825 2123 ἔρχονται
854 2041 1031 2120 μεθέξοντες
1056 2042 1162 2107 τούτου
1187 2042 1240 2105 καῖ
1265 2047 1367 2113 καλῶς

171 2151 320 2212 ποιοῦσιν.
366 2147 478 2214 Fuisse
509 2153 611 2214 aetate
640 2148 825 2236 grandiores
847 2151 903 2235 qui
926 2148 1009 2214 οὐδὲν
1032 2152 1186 2217 ποιοῦντες
1210 2147 1368 2211 aerarium

172 2251 381 2318 exhaurirent
423 2255 521 2319 etiam
562 2254 646 2340 apud
687 2274 800 2321 verum
844 2254 1092 2321 Demosthenem
1128 2255 1259 2338 apparet
1290 2270 1366 2337 pag.

176 2355 235 2422 38.
261 2357 314 2423 10.
343 2356 388 2428 ter
414 2381 462 2430 m
481 2361 585 2427 ”eso
611 2361 1022 2439 strenuosissimo
1054 2356 1112 2425 tra
1145 2353 1230 2428 οὗτος
1262 2353 1364 2421 οταν-

170 2487 234 2536 τονς
268 2469 318 2528 νῦν
349 2463 523 2542 λαμβάνων
553 2467 608 2530 orire
638 2468 758 2548 ὠφελεῖ
784 2468 876 2531 ταῦτ’
911 2466 941 2530 έν
971 2465 1021 2548 ἴση
1044 2464 1133 2542 τούξει
1158 2459 1363 2542 λαμβανέτω.

173 2567 316 2636 Omnino
326 2570 455 2636 videtur
476 2591 591 2637 nomen
614 2569 649 2635 ri
674 2573 826 2652 ύεωρνκύν,
850 2573 893 2638 τῖε
917 2570 1052 2656 θεωρικά,
1075 2570 1189 2637 multis
1208 2567 1366 2635 erroribus

170 2695 284 2742 ansam
309 2677 449 2742 dedisse:
474 2675 542 2742 fieri
560 2681 665 2762 potest
683 2683 721 2742 ut
740 2681 917 2764 antiquitus
937 2678 1060 2744 duobus
1076 2675 1178 2743 obolis
1195 2695 1232 2740 ex
1246 2674 1365 2740 aerario

169 2784 312 2867 acceptis
342 2783 450 2848 sedem
482 2783 545 2848 sibi
567 2784 601 2847 in
624 2783 749 2850 theatro
778 2787 928 2862 emerint,
961 2783 1016 2848 sed
1045 2787 1155 2868 postea
1177 2801 1214 2847 eo
1236 2780 1365 2846 nomine

170 2885 335 2972 quaelibet
365 2887 511 2965 διανομαί
540 2887 694 2974 appellari
724 2895 869 2975 coeptae,
899 2891 934 2954 in
964 2909 1099 2975 quarum
1130 2905 1263 2952 numero
1286 2885 1364 2949 haec

169 2990 298 3080 quoque
327 2993 391 3058 fuit
420 2997 458 3059 ut
489 2995 664 3060 senioribus
691 2991 752 3082 (οὓς
776 2993 888 3066 κοινούς
912 2994 960 3061 δεῖ
980 2993 1090 3073 γονέας
1115 2991 1282 3070 συμπάσης
1307 2995 1362 3065 τῆς

169 3097 291 3172 πόλεως
316 3101 471 3182 ἡγεῖσθαι)
496 3097 559 3165 duo
581 3103 709 3166 nummi
731 3103 768 3167 in
791 3102 878 3167 diem
897 3122 936 3166 ex
957 3103 1076 3167 aerario
1095 3099 1359 3168 attribuerentur3

169 3225 270 3290 quam
288 3203 494 3292 largitionem
512 3226 612 3290 quum
624 3206 771 3272 nonnulli
794 3209 909 3273 acriter
931 3206 1195 3293 reprehenderent
1217 3222 1362 3289 persona·

169 3315 225 3376 tus
247 3309 477 3375 Demosthenes
500 3309 581 3376 banc
604 3312 668 3377 sibi
691 3332 820 3379 causam
841 3311 1070 3378 defendendam
1093 3312 1243 3395 suscepit.

216 3415 447 3482 Demosthenes
476 3418 544 3502 ipse
575 3439 703 3484 summa
730 3438 789 3504 ope
813 3419 919 3484 enisus
942 3420 990 3484 est
1011 3423 1050 3483 ut
1071 3415 1241 3483 malesanis
1263 3412 1362 3499 largi·

170 3520 314 3588 tionibus
343 3519 415 3586 finis
442 3525 499 3587 aut
524 3522 640 3589 modus
668 3525 894 3610 imponeretur.
918 3524 975 3588 ubi
996 3524 1108 3589 scribit
1129 3541 1199 3607 pag.
1225 3517 1279 3584 31.
1303 3515 1357 3581 24.

171 3627 256 3694 λύειν
278 3628 349 3699 τοὺς
373 3627 479 3706 νόμους
504 3625 552 3692 δεῖ
578 3627 702 3702 τούτους
722 3629 792 3702 τούς
816 3628 928 3701 αύτούς
953 3627 1057 3706 ούξνοῖιυ
1079 3626 1161 3706 οῖπερ
1186 3625 1238 3690 καῖ
1261 3623 1358 3689 ratel-

172 3757 262 3798 κασνν
299 3732 338 3798 de
374 3731 501 3798 Dubulo
538 3731 633 3812 dicit,
670 3755 767 3820 quem
807 3736 889 3822 legis
920 3739 1082 3800 auctorem
1122 3732 1219 3797 fuisse
1256 3732 1362 3796 sciunt

171 3859 291 3906 omnes.

216 3944 254 4010 ln
276 3943 345 4010 loco
367 3943 609 4023 Demosthenis,
633 3966 696 4032 quo
720 3944 759 4012 de
783 3948 929 4035 agimrm,
953 3944 1024 4012 leve
1046 3943 1199 4009 mendmu
1220 3945 1363 4027 superest

170 4052 205 4115 in
228 4051 335 4117 verbis
366 4049 428 4124 ἑνὸς
458 4051 542 4128 ἡμῶν
571 4049 682 4120 ἐκεῖνον
716 4059 789 4117 Tic
819 4055 865 4120 ἑςι
897 4051 1015 4130 γονεύς.
1063 4047 1222 4116 Graecum
1246 4051 1293 4113 est
1316 4045 1362 4115 ier

170 4179 218 4227 τις
241 4153 367 4234 γονεύς,
401 4175 463 4222 non
498 4163 608 4222 tamen
631 4159 677 4222 sic
699 4156 890 4244 legendum,
914 4155 968 4222 sed
994 4164 1059 4220 610
1083 4149 1151 4241 (εἷς)
1178 4155 1222 4222 ἔτι
1247 4150 1364 4232 γονεύς.

170 4261 332 4347 Frequens
355 4261 433 4328 baec
457 4262 600 4329 confusio
621 4269 680 4330 est.
705 4260 754 4329 Of.
777 4263 855 4328 Noc.
879 4263 973 4328 ‚beot
997 4282 1071 4348 pag.
1093 4257 1170 4325 484.
