3358 5200
874 342 916 408 14

298 530 361 596 εῖτε
381 529 594 609 βοηθησάντων
614 538 777 596 MONON
798 531 879 608 ὑμῶν
897 529 1100 604 offuscato
1112 525 1273 626 ἀκινδύνως
1285 529 1354 608 dcciv
1369 527 1487 611 ῖχοντοι

298 637 341 702 τοὶ
364 635 436 702 οῖκοι
459 635 711 716 προσκαθεδεῖται
738 635 804 723 [aad
830 636 1053 720 προσεδρεύσει]
1076 642 1139 706 τοῖο
1162 633 1486 715 cneocaesaream

297 743 340 824 τῷ
362 741 458 823 χρόνῳ
482 743 541 806 τῶν
565 740 831 822 πολιορκουμένων.
877 741 1025 808 Postulat
1047 742 1133 808 enim
1156 741 1227 824 ipsa
1248 741 1295 805 rei
1317 746 1488 807 naturast

298 850 471 914 mnteutiao
499 847 706 913 conformatio
737 851 774 911 ut
796 845 885 924 μόνον
908 845 1077 932 utrobique
1102 849 1255 930 ponatur,
1280 846 1487 930 quamobrem

298 956 343 1019 sic
368 943 583 1037 supplendum
604 955 670 1016 est:
694 949 756 1016 εῖτε
779 951 843 1032 γὰρ
866 952 947 1029 ὑμῶν
971 939 1145 1016 MO'NON
1168 953 1224 1022 ris
1248 950 1360 1014 ἐκεῖνον
1385 955 1485 1023 κακῶς

298 1055 470 1124 ποιούντων.
517 1055 642 1123 Diserte
670 1059 757 1122 enim
786 1057 847 1122 hoo
877 1055 940 1121 diei
973 1055 1067 1122 debet
1096 1053 1319 1120 Macedoniam
1340 1053 1486 1120 infestari

297 1184 361 1231 non
391 1182 458 1228 osse
479 1178 581 1227 ssuls.
627 1161 750 1246 Metuo,
773 1163 897 1247 inquit,
920 1183 959 1226 ιιο
971 1163 1102 1247 smera
1122 1167 1257 1244 ενιοοορῖο
1277 1159 1319 1225 cit
1340 1159 1487 1243 aposto

297 1268 361 1334 ινόο
383 1267 591 1334 Macedoniam
614 1284 745 1332 usuros
766 1268 842 1333 bello
864 1267 1085 1349 aggrediemur,
1104 1265 1168 1332 eive
1189 1264 1339 1352 optatio
1356 1280 1489 1330 amm

298 1373 448 1438 οιισίῖὶνιοι
460 1375 610 1459 samue.

345 1479 512 1548 Praeterea
534 1478 767 1544 eliminandum
790 1484 838 1544 est
855 1483 949 1544 vetus
969 1477 1129 1565 glossema
1147 1474 1398 1556 προσκαθεδεῖται
1418 1475 1488 1558 [eci

300 1583 538 1672 προσεδρεύσει].
584 1583 678 1650 Nihil
700 1586 787 1650 enim
809 1587 941 1650 interest
958 1604 1061 1669 neque
1078 1583 1175 1650 verbo
1193 1580 1364 1662 ῖσοδννιῖριρ
1385 1579 1497 1668 dupli·¹

300 1694 371 1757 cato
394 1692 494 1756 acrior
516 1695 573 1757 aut
595 1692 780 1756 concitatior
801 1691 869 1756 exit
891 1691 1056 1756 cantantia

345 1944 426 2011 Ibid.
459 1947 533 2034 pag.
567 1944 621 2011 14.
654 1943 706 2011 19.
732 1941 814 2022 ἕσιν,
840 1941 862 2009 d
885 1941 988 2025 ἄνδρες
1014 1945 1187 2022 Ἀθηναῖοι,
1211 1944 1368 2023 χρήμασιν
1394 1941 1487 2020 ὑμῖν,

302 2049 364 2120 ἔτιν
392 2045 451 2116 ὅσοι
481 2049 578 2118 οὐδέσι
609 2057 669 2116 τῶν
693 2047 798 2116 ἄλλων
820 2050 978 2130 ἀνθρώπων
1002 2047 1233 2137 [τροιτιοιτικοῖ].
1280 2047 1383 2114 Miror
1405 2048 1490 2114 unde

300 2160 502 2244 perineptum
524 2162 557 2224 et
579 2179 654 2224 cum
675 2157 739 2225 loci
763 2161 920 2224 sententia
937 2177 1083 2244 pugnans
1101 2154 1291 2236 ςροιτιοτικοῖ
1310 2156 1488 2239 irrepserit:

300 2265 406 2352 magis
439 2267 538 2331 etiam
566 2265 751 2349 mirorque
774 2267 865 2346 pacto
887 2261 1033 2330 Editores
1054 2261 1089 2326 id
1111 2261 1193 2327 serre
1215 2261 1342 2327 temdiu
1365 2271 1396 2324 et
1419 2280 1490 2326 con-

301 2389 433 2455 coquere
470 2371 641 2454 potuerint.
696 2367 795 2432 Erant
838 2369 924 2432 enim
966 2366 1214 2434 Atheniensibus
1254 2363 1312 2432 illo
1347 2369 1490 2450 tempore

302 2473 442 2554 ῖεσρικιῖ,
474 2493 537 2538 non
571 2476 661 2539 eraut
685 2471 883 2552 ςρκτιωτικιῖ.
932 2468 1125 2538 cautissime
1148 2477 1180 2537 ct
1202 2469 1406 2538 formidolose
1428 2468 1490 2534 De

300 2578 482 2644 mosthenee
512 2579 636 2644 civibus
659 2581 770 2643 auctor
792 2581 899 2642 estut
922 2576 1048 2656 ῖεωρικοῖ
1071 2595 1151 2663 quae
1173 2581 1278 2642 essent
1299 2571 1491 2655 ςροτιιοτικοῖ

300 2685 435 2750 fauent:
467 2684 493 2748 εῖ
524 2684 581 2761 μὲν
612 2681 661 2748 οὖν
688 2669 795 2748 τοῦτον
815 2691 878 2754 τοῖς
902 2682 1151 2763 σροιτενσορκένοις
1176 2683 1351 2749 ἀποδώσετε
1376 2679 1491 2769 (idest

301 2789 373 2856 aliis
402 2790 508 2856 verbis
539 2790 564 2854 εῖ
595 2794 702 2854 τοῦτον
732 2789 920 2868 ςροιτιιοτικδο
952 2789 1109 2869 ποιήσετε)
1132 2788 1247 2859 οὐδενὸς
1273 2789 1345 2865 ὑμῖν
1368 2785 1493 2866 προσδεῖ

301 2893 400 2974 πόρον.
447 2893 553 2960 Sentit
584 2899 692 2962 autem
723 2897 757 2960 in
780 2898 898 2980 quanto
920 2894 1062 2980 periculo
1085 2899 1229 2962 versetur
1250 2899 1283 2962 et
1306 2895 1416 2959 statim
1439 2892 1492 2956 ad-

301 3000 367 3065 dit:
399 3000 432 3064 τῖ
462 2997 526 3079 οὖν;
562 2998 615 3082 [ἴον
648 3025 694 3073 τις
727 2999 820 3084 εῖποι]
852 3001 890 3064 σὺ
914 3002 1051 3084 γράφεις
1074 3001 1165 3065 τοῦτ’
1187 2997 1264 3066 εῖνοιι
1288 2995 1492 3080 ςροιτιιοτιιιοῖ;

300 3104 351 3182 μοὶ
374 3103 427 3168 Δί’
453 3105 506 3168 οὐκ
530 3102 654 3182 ἔγωγε,
679 3104 736 3170 ubi
759 3103 798 3170 ἂν
821 3128 868 3178 τις
893 3105 970 3172 εῖποι
995 3106 1125 3191 perinde
1149 3104 1309 3174 soloccum
1333 3109 1365 3172 et
1385 3123 1491 3190 super-

300 3208 404 3274 fluum
434 3214 529 3294 atque
560 3229 655 3296 supro
684 3233 731 3282 τις
763 3209 802 3275 ῖιν
833 3209 911 3276 εῖπιι
943 3211 1041 3277 sciolo
1070 3213 1126 3297 qui
1151 3210 1275 3276 addidit
1296 3207 1491 3278 reddendum

301 3335 420 3388 censeo.
467 3314 511 3379 TI
532 3311 598 3394 οἵοις
622 3316 711 3400 (nem
734 3317 779 3380 sio
802 3316 899 3382 verba
922 3315 1114 3400 disponenda
1136 3317 1224 3400 sunt)
1244 3322 1293 3382 est
1312 3318 1491 3383 obiicientis

302 3424 334 3485 et
358 3419 617 3500 contradicentia,
639 3424 678 3485 ut
701 3419 763 3484 aiu’
784 3420 877 3484 cero?

347 3675 484 3764 Egregie
508 3676 671 3744 Dobreeus
694 3678 828 3742 correxit
849 3675 958 3742 locum
981 3678 1015 3742 in
1038 3678 1157 3743 vicinia
1178 3696 1252 3763 pag.
1280 3675 1332 3742 14.
1354 3675 1407 3744 25.
1429 3677 1491 3754 ἐγὼ

301 3783 358 3862 μὲν
381 3783 443 3862 γὰρ
468 3785 605 3862 ἡγοῦμαι
627 3782 800 3862 §porreiras
825 3781 885 3846 δεῖν
908 3783 1200 3858 κοοτοισκενοισῖῆνοιι
1218 3780 1270 3845 κιιῖ
1296 3777 1490 3868 [τκῦτέῖνοοι

301 3887 488 3971 ςροιτιοντικῖο
518 3887 586 3971 soi]
611 3886 687 3965 μῖκν
711 3887 854 3965 σύντοιξιν
880 3883 955 3952 circs
979 3889 1034 3962 τὴν
1057 3889 1154 3961 odrico
1175 3893 1229 3952 τοῦ
1254 3910 1288 3952 τε
1311 3886 1488 3965 λαμβάνειν

302 3993 354 4058 aa>
389 3996 443 4057 τοῦ
480 4000 575 4058 ποιεῖν
608 3993 652 4057 τοὶ
682 3991 798 4058 δέοντο.
846 3991 949 4060 Verba
980 3993 1073 4058 τοῦτ’
1103 3989 1179 4058 εἶνοιι
1212 3992 1398 4073 τροτιοντικοῖ
1427 4013 1491 4059 nou

299 4101 410 4162 minus
441 4098 575 4163 absurde
605 4103 680 4164 sunt
711 4097 842 4184 reliquis
875 4101 1061 4184 interposita
1090 4117 1127 4166 ac
1149 4101 1178 4164 si
1202 4102 1274 4185 quie
1296 4107 1385 4178 μιῑνιν
1408 4097 1491 4166 οῖειδε

302 4203 356 4267 teci
387 4202 501 4267 addere
528 4202 689 4268 voluisset.
748 4203 839 4268 Unde
869 4206 972 4290 igitur
1001 4201 1217 4290 irrepserunt?
1248 4203 1376 4271 Scribae
1412 4205 1492 4272 alias

301 4328 351 4373 res
375 4309 499 4394 agentis
522 4307 605 4372 oculi
629 4308 813 4374 aberrarunt
836 4309 877 4374 ad
899 4329 936 4373 ea
958 4328 1038 4393 quae
1059 4312 1206 4395 proxime
1225 4310 1435 4400 praecedunt:
1459 4312 1492 4376 τι’

301 4411 362 4492 οὖν;
395 4414 432 4478 σὺ
455 4415 589 4494 γράφεις
613 4417 705 4478 τοῦτ’
729 4409 806 4480 εἷνοιι
829 4413 1035 4495 τροιτιοντικοῖ;
1059 4414 1173 4482 deiude
1196 4415 1315 4484 obtime
1338 4422 1386 4482 ast
1408 4415 1495 4484 male
