3208 5158
665 348 727 422 rot

109 549 199 609 tuere.
249 543 418 607 θυαιίσυίον
452 547 537 608 enim
571 549 603 609 et
637 545 738 610 Attici
766 551 799 610 et
832 546 857 609 οί
893 543 1101 624 θττιιιίζοντες
1140 537 1286 610 dicebant

110 651 220 725 τίθημι,
251 652 354 724 τιθείς,
386 649 521 724 τίθησιν,
554 655 587 713 et
616 653 649 714 in
681 650 865 735 imperfecto
896 651 1009 726 ἐτίθην,
1036 651 1158 722 ἐτίθεις,
1183 651 1282 714 ἐτίθει.

108 753 155 818 Sic
180 761 212 818 at
242 757 275 818 in
303 753 387 831 ίημι,
420 755 556 834 ἀφίημι,
584 756 705 830 συνίημι
738 775 801 819 non
825 756 918 820 aliter
941 777 1036 839 quam
1060 757 1134 840 ίείς,
1158 757 1282 834 ἀφιείς,

107 869 207 934 συνιεῖς
230 869 261 926 et
283 860 354 942 ίεις,
378 857 434 935 ίει,
458 861 582 938 ἀφίετο,
607 862 716 932 συνίεις
737 865 858 926 etaim.
883 863 934 926 Ad
952 861 1083 926 eandem
1103 861 1283 948 analogiam

107 985 207 1030 omnes
237 972 413 1031 constanter
436 967 607 1030 utebantur
629 966 740 1032 formis
764 967 890 1043 ἐδίδουν,
916 967 1043 1042 ἐδίδους,
1069 967 1173 1030 ἐδίδου.
1209 967 1285 1031 Pas·

107 1073 163 1134 sim
184 1073 279 1138 huius
301 1074 346 1136 rei
369 1075 404 1135 in
426 1070 597 1136 Oodicibus
620 1071 769 1136 omnibus
791 1073 961 1138 manifesta
982 1073 1100 1137 indicia
1122 1079 1178 1138 aut
1201 1079 1285 1139 certa

107 1178 236 1264 vestigia
258 1183 436 1242 cernuntur.
472 1176 534 1242 Pro
558 1177 678 1252 συνίης,
702 1179 817 1257 deinc,
842 1179 1001 1257 προστίθης
1021 1181 1172 1262 apparent
1190 1181 1285 1264 scrip·

106 1287 188 1347 turae
210 1284 317 1354 συνιείς
343 1319 363 1332 -
387 1289 516 1359 συνιείς,
541 1284 648 1363 θφιείς
673 1317 693 1331 -
716 1285 847 1361 α’Φιεῑς,
870 1283 1037 1362 προστιθείς
1059 1319 1080 1332 -
1099 1286 1284 1363 προστιθείς,

106 1387 192 1474 idque
216 1392 388 1455 sexcenties
411 1391 508 1454 etiam
532 1390 617 1474 apud
639 1389 823 1478 libanium
835 1387 902 1454 lieri
924 1389 1058 1454 videbis.

575 1629 802 1706 Διερευνοῖσθαι.

147 1808 293 1874 libanius
322 1807 363 1872 ll.
398 1805 451 1871 61.
477 1805 507 1872 7.
532 1806 598 1886 ὄψει
623 1807 692 1877 τοὺς
717 1807 828 1879 αὐτοὺς
852 1807 1024 1886 ςροιτιθτοις
1048 1807 1282 1886 Ἐρεννιυριίνονς

107 1913 156 1984 την
184 1913 256 1988 ὕλην
287 1914 340 1977 καὶ
372 1912 415 1976 τοὶ
443 1910 550 1991 ἄντρα.
593 1912 770 1976 Barbarum
801 1920 849 1977 est
879 1914 1053 1990 ἐρευνᾶσθαι
1084 1935 1140 1998 pro
1163 1915 1283 1992 ἐρευνᾶν

107 2021 255 2100 positum,
278 2025 315 2082 ut
338 2019 489 2098 χαίρομαι
513 2038 570 2103 pro
593 2017 702 2097 χαίροι.
738 2017 841 2082 Periit
858 2021 1048 2102 praepositio
1069 2025 1100 2082 et
1119 2027 1284 2098 Δίερευνυ-

107 2123 203 2196 ρένους
236 2125 446 2189 scribendum.
482 2123 640 2207 Frequens
671 2123 844 2186 admodum
875 2128 907 2189 et
934 2123 1017 2206 apud
1042 2123 1120 2188 alios
1144 2129 1175 2188 et
1199 2124 1283 2208 apud

106 2225 267 2292 libanium
298 2235 346 2292 est
378 2231 608 2306 ΔΙερευνῖοσθοιι.
649 2226 720 2293 Hoc
749 2228 868 2293 habent
896 2229 992 2292 verba
1023 2249 1059 2292 eo
1089 2249 1182 2292 sensu
1208 2249 1284 2294 cum

106 2331 150 2394 διιί
170 2338 358 2419 composita,
379 2340 416 2398 ut
434 2356 472 2398 ex
492 2333 594 2398 torma
612 2337 717 2398 activa
736 2336 769 2397 in
789 2333 914 2396 medium
930 2339 1166 2410 convertantur,
1179 2334 1283 2410 λέγειν

106 2435 310 2516 διαλέγεσθαι,
339 2439 419 2515 βοᾶν
449 2439 651 2515 διαβοᾶσθαι,
686 2438 818 2514 τοξεύειν
846 2436 1089 2517 διατοξεύεσθαι,
1117 2440 1282 2521 ἀκοντίζειν

106 2541 353 2628 διακονπίζεσθαι,
386 2550 568 2629 caeteraque
596 2545 631 2608 id
660 2566 761 2631 genus
789 2545 897 2610 omnis
919 2551 1042 2629 praeter
1065 2545 1159 2610 πίνειν
1183 2546 1283 2612 διαπί-

108 2669 166 2711 νειν.
199 2648 253 2714 Sic
275 2653 324 2738 igi
339 2672 379 2714 ur
401 2651 520 2730 iprensis
545 2671 668 2735 quoque
690 2650 787 2715 habet
809 2651 1025 2730 tessauriciate.

491 2899 630 2954 AlMOC
656 2925 675 2938 -
700 2899 880 2954 ΛΟΙΜΟΟΙ

147 3067 295 3134 Libanius
323 3068 364 3133 ll.
398 3067 450 3132 53.
486 3068 536 3132 12.
567 3069 688 3144 λιμὸς
717 3071 748 3132 ἐν
780 3074 917 3148 Δελφοῖς
952 3065 984 3141 ἦν
1019 3074 1050 3134 et
1074 3092 1147 3158 pag.
1173 3070 1226 3135 54.
1251 3072 1283 3136 2.

108 3173 175 3237 ἀλλ’
194 3170 272 3250 ὅμως
295 3177 312 3250 η
334 3175 422 3245 πίλις
447 3175 665 3251 ἐλίμυτπε.
690 3173 767 3261 Lag.
788 3175 912 3250 λΟΙμθς
935 3181 966 3240 et
986 3176 1183 3252 ἕλΟΙμωττε.
1209 3176 1283 3241 Per·

109 3277 244 3364 frequens
267 3283 301 3345 in
324 3280 415 3345 libris
437 3279 515 3346 hacc
539 3279 679 3344 confirsio
703 3286 766 3357 ast,
791 3285 828 3344 ut
849 3281 927 3344 olim
953 3283 987 3343 in
1009 3287 1084 3346 noto
1104 3281 1245 3346 oraculo:

213 3383 274 3460 ἥξει
300 3386 456 3465 Δωριακθς
480 3383 616 3462 πθλεριυς
640 3384 693 3449 καί
718 3387 809 3464 λιμὸς
833 3384 963 3470 (λοιμὸς)
986 3384 1044 3464 ἅμ’
1069 3387 1162 3466 αὐτῷ.

523 3633 616 3690 noc
640 3641 701 3698 ouo
724 3623 859 3690 arnmot

150 3803 295 3871 Libanius
318 3804 371 3870 IV.
399 3802 473 3868 139.
499 3804 552 3869 21.
576 3804 700 3869 inducit
719 3805 943 3870 mulierculam
962 3805 1127 3889 loquacem
1148 3807 1194 3870 ita
1215 3827 1285 3893 gar·

111 3909 252 3976 rientem:
282 3917 344 3981 πῶς
368 3907 428 3989 ἄρα
452 3908 629 3988 πεπροίιιασι
654 3912 689 3974 τὸ
713 3910 841 3987 τήμερον
865 3911 898 3972 αἱ
923 3909 1128 3987 οίνοπιίλιδες;
1153 3909 1284 3988 λέγεται

112 4035 151 4084 τις
174 4013 282 4094 βλοίβη
308 4021 370 4086 τοῖς
395 4017 631 4088 ε’λαιοκαπιίλοις
657 4015 833 4092 συμβῆναι.
859 4012 993 4090 βελτίων
1017 4017 1034 4089 ἡ
1058 4017 1286 4095 προβατεντιιιίρ

113 4119 218 4199 τέχνη.
249 4121 312 4192 δέος
337 4123 381 4196 μη
405 4121 448 4184 τοὶ
472 4121 622 4201 oporam
646 4122 717 4190 τοὺς
741 4119 930 4198 οὶρτοπίπονς
955 4122 1092 4199 ἑπιλίπη.
1117 4122 1167 4185 Ab
1190 4123 1287 4188 Athe-

111 4224 262 4291 iriensibus
285 4228 402 4290 sumsit
426 4233 485 4297 πῶς
511 4246 568 4311 pro
590 4226 713 4310 quanti,
738 4247 793 4308 quo
807 4230 917 4307 pretio.
943 4222 1147 4290 Ostendimus
1165 4228 1199 4289 in
1216 4227 1242 4292 V
1241 4251 1286 4292 or.

113 4325 196 4394 θυσιί.
219 4353 291 4418 pag.
318 4329 393 4395 llo.
418 4353 456 4395 ex
479 4331 689 4415 Aristophane
712 4331 891 4398 afferentes:
914 4336 976 4404 πῶς
997 4332 1011 4396 θ
1031 4339 1113 4404 σῖτος
1125 4333 1205 4405 ὤνιος
1212 4353 1222 4411 ,·
1237 4337 1287 4398 at:

373 4443 435 4510 πῶς
459 4431 508 4502 οὖν
532 4439 547 4500 o'
570 4435 654 4516 τυρθς
680 4437 709 4500 ἒν
733 4445 869 4508 Βοιωτοῖς
893 4435 985 4516 θνιος;
