3410 5180
928 363 993 436 482

366 559 510 648 [κελεθω]
550 559 624 626 δέκα
658 557 806 638 πρέσβεις
839 560 905 626 ari.
952 557 1051 626 Scioli
1081 558 1250 640 antiquum
1283 554 1447 619 obtinent:
1482 555 1559 638 quia

365 664 450 747 Φημὶ
485 664 545 732 δεῖν
576 672 609 731 et
638 671 847 745 χειροτονῆσαι
879 663 955 730 δέκα
986 663 1131 746 πρέσβεις
1160 665 1210 725 tot
1231 659 1338 726 verbis
1360 661 1557 744 interpositis

367 769 505 838 diremta
534 777 609 838 eunt
639 769 772 837 solitum
801 770 941 836 fidorum
972 769 1087 836 κελεύω
1118 771 1367 852 supposuerunt,
1399 784 1463 850 quo
1492 783 1556 830 non

366 879 500 944 utimur.

411 1087 493 1175 Peg.
527 1085 604 1152 292.
629 1086 661 1152 8.
687 1086 790 1161 ἐπειδὴ
814 1088 842 1152 θ’
865 1087 898 1150 οὐ
921 1083 1012 1161 σίνε,
1037 1080 1126 1148 ἄλλα
1149 1085 1200 1145 νῦν
1223 1078 1318 1156 δεῖξον
1348 1077 1443 1165 [ciri]
1466 1079 1513 1152 τίς
1538 1081 1555 1156 ἢ

366 1191 477 1273 λόγος,
498 1187 588 1257 ὅντιν’
609 1194 702 1274 ἐχρῆν
721 1193 828 1275 εὑρεῖν,
851 1194 868 1268 ἢ
889 1191 990 1271 καιρὸς
1009 1185 1172 1269 συμφέρων
1193 1185 1244 1250 ὑπ’
1265 1185 1341 1262 ἐμοῦ
1361 1185 1556 1266 παρελείφθη

369 1299 423 1381 [τῇ
446 1296 565 1384 added.
613 1297 720 1385 Vulgo
741 1297 880 1384 legitur:
906 1335 947 1346 —
972 1295 1079 1372 δεῖξον.
1106 1293 1172 1357 sieri
1195 1293 1242 1364 τίς
1267 1291 1330 1355 xri.
1375 1289 1439 1356 Sed
1461 1291 1557 1370 δεῖξον

368 1404 483 1468 vitiose
514 1403 560 1468 eie
590 1401 734 1469 absolute
763 1405 910 1488 ponitur,
934 1407 967 1467 et
988 1404 1073 1466 inter
1094 1397 1190 1476 δεῖξον
1212 1403 1246 1463 et
1266 1395 1334 1462 εἶσί
1357 1396 1441 1462 nihil
1463 1397 1556 1483 plane

368 1510 509 1574 interest.
555 1507 689 1574 Reeecto
721 1507 913 1574 emblemate
942 1510 1063 1593 optime
1093 1505 1212 1571 habent
1241 1506 1366 1570 omnia:
1392 1506 1481 1569 ἄλλα
1504 1509 1556 1568 νῦν

368 1612 465 1690 δεῖξον
494 1615 542 1686 σίς
569 1612 661 1693 λόγος
687 1617 704 1691 ἢ
727 1613 827 1695 καιρὸς
853 1613 1057 1694 παρελείφθη.
1103 1610 1206 1678 Verba
1228 1620 1267 1693 τῇ
1289 1609 1378 1676 σθλει
1402 1608 1471 1676 loeo
1493 1631 1556 1677 non

369 1739 427 1786 cuo
448 1721 554 1807 posita
575 1725 607 1785 et
630 1739 758 1805 prorsus
780 1739 1013 1804 supervacanee
1035 1715 1123 1783 tolle.

412 1925 493 2014 Peg.
514 1924 592 1992 295.
614 1925 668 1993 17.
691 1926 738 1998 τίς
764 1924 827 2006 γὰρ
847 1928 902 1993 οὐκ
920 1921 998 1992 οἶδεν
1022 1963 1063 1974 -
1085 1923 1132 1992 ὅτι
1152 1925 1205 1991 καί
1224 1925 1311 2006 παρὰ
1332 1924 1481 2005 Θηβαίων
1501 1923 1554 1989 καί

369 2032 456 2115 παρὰ
486 2038 546 2097 σῶν
576 2029 621 2097 ἔτι
652 2029 766 2096 τούτων
796 2031 936 2112 σρίσερον
960 2031 1091 2113 ἰσχυρῶν
1113 2031 1283 2110 γενομένων
1305 2031 1557 2107 Λακεδαιμονίων

369 2137 422 2202 καί
454 2136 541 2218 νεαροὶ
571 2141 626 2203 σοῦ
657 2139 779 2218 Περσῶν
809 2136 965 2216 βασιλέως
997 2139 1083 2214 μετὰ
1113 2145 1232 2213 πολλῆς
1259 2136 1388 2220 χοίρισος
1410 2139 1494 2200 τοῦτ’
1518 2135 1558 2201 θον

373 2241 540 2331 [οίσμίνως]
565 2243 648 2316 {econ
673 2253 711 2326 σῇ
736 2241 842 2319 σθλει,
867 2239 935 2307 ίσι
959 2242 1111 2322 βούλεται
1135 2240 1279 2324 λαβούσῃ
1301 2243 1353 2306 καί
1377 2241 1420 2306 σοὶ
1440 2233 1557 2317 -ἓαυσῆς

369 2349 483 2432 ἐχούσῃ
514 2348 550 2414 σθ
581 2348 778 2427 κελευόμενον
812 2356 907 2414 ποιεῖν
939 2349 991 2413 καί
1016 2350 1068 2413 ίαν
1092 2345 1189 2430 ἕτερον
1213 2351 1272 2414 σῶν
1295 2351 1451 2423 Ἑλλήνων
1471 2371 1558 2428 προε-

368 2459 472 2527 σοίναι.
504 2456 581 2521 αλλ’
614 2459 668 2522 οὐκ
699 2453 734 2530 ἦν
760 2455 848 2521 ταῦθ’
867 2457 906 2528 είς
930 2452 1006 2520 ἔοικε
1029 2463 1092 2530 τοῖς
1118 2453 1216 2542 [σθσε]
1243 2453 1412 2530 Ἀθηναίοις
1437 2453 1557 2534 πάτρια

367 2564 433 2629 mi.
491 2561 649 2650 Expunge
682 2559 753 2626 τθσε
788 2582 827 2626 ex
860 2561 1068 2627 deterioribus
1101 2559 1193 2627 libris
1226 2562 1383 2626 insertum
1418 2565 1451 2626 et
1484 2559 1559 2627 vide

368 2688 466 2755 quam
485 2671 527 2734 eit
546 2666 767 2735 vehementior
785 2672 818 2733 et
837 2665 996 2732 ardentior
1017 2667 1187 2732 verborum
1205 2667 1372 2732 sententia.
1393 2666 1419 2731 οί
1436 2673 1559 2732 ΤΟΤΕ

371 2774 524 2848 Ἀθηναῖοι
556 2772 674 2838 dicitur
704 2772 743 2838 de
767 2778 852 2839 certo
875 2777 907 2837 et
930 2771 1059 2838 definito
1082 2779 1225 2857 tempore
1248 2778 1366 2838 etune
1389 2773 1559 2839 hominum

369 2884 488 2956 aetate,
521 2877 577 2943 aed
606 2879 641 2942 in
670 2879 713 2944 iis
742 2898 822 2962 quae
852 2878 1044 2963 praecedunt
1075 2883 1139 2944 tres
1169 2885 1289 2945 aetates
1312 2885 1557 2944 enumerantur:

368 2983 492 3052 beilum
521 2982 705 3061 Persicum,
737 2986 912 3069 imperium
946 2981 1194 3068 Spartanorum,
1229 2983 1453 3050 Thebanorum
1487 2991 1559 3072 post

367 3092 536 3160 victoriam
559 3074 759 3156 Leuctricam
782 3091 934 3174 potentia.

412 3195 524 3280 Itaque
546 3194 598 3260 vel
620 3195 681 3261 hae
704 3194 743 3260 de
766 3213 860 3260 cama
882 3196 1104 3280 importunum
1126 3193 1199 3260 τότε
1222 3195 1428 3262 resecandum
1452 3199 1523 3262 erit.

411 3300 450 3368 In
478 3299 739 3385 praecedentibus
768 3300 853 3377 μετὰ
884 3307 1004 3374 πολλῆς
1036 3299 1165 3380 χοίρισοο
1194 3306 1227 3367 et
1249 3301 1390 3379 ἁσμένως
1413 3323 1559 3388 perverse

366 3405 573 3493 copulentur,
605 3406 681 3490 quia
708 3405 769 3470 hoc
799 3407 882 3470 inest
910 3406 946 3470 in
974 3403 1042 3470 ilio.
1078 3403 1199 3472 Redeat
1228 3407 1332 3494 igitur
1360 3407 1501 3486 ἁσμένως
1524 3411 1557 3473 in

366 3513 559 3600 marginem.

413 3719 493 3808 Peg.
524 3715 601 3784 296.
635 3717 666 3784 5.
698 3719 746 3790 σίς
777 3717 840 3800 γαρ
865 3720 920 3785 οὐκ
943 3717 982 3784 dv
1004 3720 1207 3798 οίγοίΟΑΙΤΟ
1228 3726 1287 3787 σῶν
1306 3721 1418 3802 ἀνδρῶν
1440 3723 1557 3788 ἐκείνων

367 3831 422 3899 σῆς
446 3827 577 3906 οὶρεσῆςς
603 3829 636 3890 et
658 3829 730 3910 poet
751 3843 853 3909 pauca
871 3824 1020 3906 Κυρσίλον
1042 3829 1422 3899 καταλιθώσαντες.
1455 3827 1557 3894 Num·

367 3951 465 4017 quam
488 3929 598 3997 audivi
617 3931 804 4014 scriptorem
825 3932 973 3996 Atticum
992 3929 1177 4010 ἐρείσασθαι
1206 3931 1365 3999 dicentem
1393 3954 1449 4020 pro
1474 3936 1558 4013 ἄρα·

368 4039 494 4114 σθῆναι,
525 4056 627 4120 neque
656 4055 812 4121 umquem
843 4056 954 4102 eorum
985 4039 1155 4123 quisquam
1186 4041 1373 4105 κασαλιθοῦν
1395 4041 1479 4106 dixit
1500 4061 1558 4126 pro

367 4142 574 4220 καταλεύειν,
598 4147 637 4207 ut
657 4142 693 4206 in
714 4140 774 4207 hac
797 4143 866 4228 ipsa
889 4142 1023 4208 historia
1045 4143 1157 4208 scribit
1179 4142 1361 4211 Herodotus
1384 4145 1444 4212 IX.
1467 4147 1497 4212 5.
1526 4154 1559 4213 et

369 4249 515 4313 omnium
537 4261 690 4333 perpetua
713 4246 907 4313 consuetudo
930 4257 987 4314 eet.
1031 4247 1182 4335 Suspicor
1203 4251 1307 4337 igitur
1330 4250 1452 4336 aliquid
1474 4252 1559 4318 frau-

367 4353 417 4418 dis
446 4354 573 4418 subesse
594 4360 626 4418 et
650 4357 772 4418 veteres
795 4351 925 4419 lacunas
948 4353 1112 4421 vocabulis
1132 4375 1195 4420 non
1218 4358 1335 4421 Atticis
1356 4357 1435 4423 oiim
1459 4358 1559 4426 fuisse

364 4456 515 4544 expletae.
549 4457 644 4542 Εεεθ,
668 4459 795 4541 opinor,
819 4461 1059 4525 APAC****
1081 4465 1114 4525 et
1136 4462 1351 4527 KATAA**
1372 4471 1559 4552 CANTec,
