3372 5192
926 367 991 436 580

365 556 516 625 orationis
539 561 700 624 auotorem
718 557 969 624 Demosthenem
989 576 1055 622 esso
1074 553 1191 620 credat.
1227 551 1425 630 Δημοσθένης
1448 553 1481 619 δὲ
1500 551 1554 616 καὶ

365 667 541 742 Λυκοῦργος
566 663 632 744 περὶ
656 667 710 728 τοῦ
732 663 855 730 δικαίαν
882 662 899 738 ἢ
923 665 967 740 μη
992 661 1178 741 γεγενῆσθαι
1202 660 1257 734 την
1281 659 1449 740 ἐγγραφὲν
1472 661 1555 725 aidis

364 765 517 845 λέγουσιν.
582 768 821 835 Commemorat
854 767 1000 855 Dionysii
1034 766 1141 831 Halia.
1176 766 1333 832 iudicium
1368 787 1471 850 neque
1505 763 1557 828 illi

367 873 542 958 quidquam
571 875 687 940 tribuit
715 895 772 940 noe
795 873 932 958 reliquos
955 871 1097 938 multum
1119 873 1259 936 tribuere
1282 871 1431 938 ostendit.
1481 871 1556 935 Per·

367 978 503 1066 vulgata
537 985 604 1046 erat
639 980 804 1045 dootomm
838 981 964 1065 opinio,
997 999 1094 1064 quam
1124 979 1159 1041 in
1189 975 1249 1042 fino
1279 979 1387 1062 ponit,
1417 977 1556 1054 ’τὸνμὲν

367 1082 509 1165 πρότερον
539 1083 633 1163 λόγον
667 1084 873 1161 Δημοσθένους
902 1081 996 1162 εἶναι,
1020 1084 1072 1149 τὸν
1096 1084 1127 1150 a
1150 1082 1286 1164 δεύτερον
1308 1082 1449 1160 οὐδαμῶς
1473 1082 1557 1148 οὐδὲν

365 1185 451 1266 άξιον
474 1189 590 1272 ἔχοντα
613 1195 668 1255 τοῦ
688 1191 816 1272 ῥήτορος.

414 1295 572 1382 Expedita
601 1302 684 1362 esset
708 1299 812 1362 omnis
835 1297 1047 1362 oontroraraia
1069 1301 1102 1360 et
1123 1297 1228 1361 omnis
1251 1295 1410 1360 dubitatio
1434 1301 1557 1362 remota
1659 1307 1660 1318 ¹

368 1401 397 1466 si
420 1422 495 1467 vara
517 1408 659 1468 narraret
681 1402 816 1468 Photius
839 1403 874 1467 in
896 1403 1027 1488 Myrtoi.
1050 1422 1124 1488 pag.
1150 1400 1226 1466 491.
1250 1421 1278 1466 a.
1304 1399 1356 1465 35.
1381 1401 1439 1464 ubi
1466 1403 1558 1465 testis

369 1507 554 1592 producitur
572 1506 664 1578 αὐτὸς
685 1507 698 1571 ὅ
720 1507 932 1588 ’Λριςογείτων
954 1509 1148 1585 ιὶνομολογῶν
1169 1506 1360 1584 Δημοσθένην
1379 1507 1448 1570 καθ’
1461 1506 1557 1570 αὐτοῦ
1659 1545 1660 1548 =

370 1611 577 1694 γεγραφέναι.
625 1613 775 1679 Habebat
797 1617 881 1679 enim
905 1617 939 1678 in
959 1615 1108 1679 manibus
1131 1614 1305 1678 orationem
1328 1613 1558 1698 Aristogitonis

370 1719 557 1804 inscriptam
580 1719 738 1796 άπολογάα
762 1719 833 1800 πρὸς
857 1720 913 1794 τὴν
936 1716 1057 1795 ἔνδειξιν
1076 1718 1254 1798 Λυκούργου
1274 1718 1325 1782 καὶ
1347 1716 1558 1795 Δημοσθένους

372 1827 404 1888 et
427 1826 472 1890 sio
493 1824 642 1913 Dionysii
665 1827 877 1910 suspicionem
900 1825 1052 1890 confutat.
1090 1824 1162 1890 Non
1182 1825 1336 1911 cogitavit
1353 1824 1457 1889 bonus
1475 1822 1558 1888 Pho·

370 1930 436 1996 tius
459 1933 634 1998 orationem
655 1932 738 1996 hano
762 1936 832 2012 post
854 1931 1002 2018 Dionysii
1024 1936 1162 1996 mortem
1185 1951 1251 1996 esse
1273 1931 1495 2014 compositam.

413 2035 523 2102 litiam
553 2059 636 2102 nuno
669 2040 756 2103 enim
782 2035 932 2122 Sophista
955 2035 1162 2102 declamitans
1184 2036 1368 2101 hominibus
1390 2035 1482 2100 bonis
1503 2037 1559 2100 sed

368 2162 430 2207 non
462 2144 540 2208 satis
568 2145 670 2208 sontis
692 2144 845 2228 imposuit
869 2148 902 2206 et
923 2141 1078 2207 Photium
1101 2141 1250 2228 theologo
1273 2161 1370 2226 quam
1393 2141 1559 2230 philologo

370 2247 560 2314 similiorem
583 2248 746 2314 hominem
770 2250 804 2312 in
827 2247 972 2313 fraudem
995 2252 1027 2312 et
1050 2267 1187 2314 errorem
1210 2248 1346 2313 induxit.

708 2492 805 2556 KAT'
829 2495 1216 2556 'AelcTorelToNoc

738 2604 883 2661 AOI'OC
906 2602 1189 2661 'Ahecnouoo

415 2781 501 2862 Quin
530 2781 573 2844 sit
603 2779 711 2864 spuria
741 2781 773 2842 et
803 2776 1010 2844 Demostheni
1042 2779 1205 2862 supposita
1232 2779 1360 2842 seeundo
1392 2778 1493 2842 oratio
1525 2778 1558 2840 in

369 2888 621 2973 Aristogitonem
652 2882 741 2949 nulla
770 2903 925 2968 umquam
956 2883 1019 2948 fuit
1049 2903 1151 2968 neque
1185 2883 1269 2968 apud
1303 2888 1426 2948 veteres
1456 2903 1558 2966 neque

369 2999 479 3080 postea
514 2991 682 3057 dubitatio.
729 2988 788 3054 Est
821 2987 903 3054 levis
936 2987 1041 3074 opella
1074 2987 1156 3054 οὐδὲν
1190 2987 1291 3053 ιιιιινὸν
1325 2988 1393 3054 οὐδὲ
1424 2989 1560 3053 ποικίλον

369 3099 488 3180 ἔχοντα
519 3101 552 3164 et
584 3095 727 3182 quolibet
749 3093 802 3160 val
827 3094 980 3160 mediocri
1004 3098 1125 3160 oratore
1148 3093 1291 3182 indigna.
1337 3093 1428 3160 Nihil
1452 3101 1559 3159 tamen

369 3209 404 3271 in
427 3206 567 3271 oratione
591 3208 623 3267 et
646 3201 720 3266 stilo
745 3202 845 3266 inesse
869 3199 962 3266 video
985 3200 1069 3285 quod
1093 3199 1132 3265 ab
1153 3201 1262 3265 Attica
1285 3200 1409 3266 dicendi
1432 3220 1559 3266 consue

371 3312 482 3378 tudine
525 3309 680 3374 deflectat.
741 3306 852 3372 Nitide
887 3307 995 3371 omnia
1028 3311 1060 3370 et
1094 3304 1231 3374 άττιιιιςί
1264 3307 1432 3371 enunciata
1465 3311 1559 3390 sunt,

371 3417 578 3505 quamobrem
608 3413 882 3500 operaepretium
906 3433 959 3476 me
980 3410 1140 3476 facturum
1165 3409 1315 3488 arbitror,
1342 3413 1470 3496 siquos
1494 3432 1559 3476 ora

371 3525 468 3591 tionis
491 3521 577 3588 locos
600 3541 683 3586 nuno
706 3517 791 3584 male
813 3517 939 3584 habitos
961 3519 996 3582 in
1018 3518 1183 3604 integrum
1205 3519 1372 3582 restituere
1394 3521 1512 3602 potero.

415 3731 495 3819 Pag.
520 3728 597 3795 801.
623 3728 675 3793 ll.
700 3724 799 3806 ὥσπερ
823 3724 1114 3806 persultavere
1139 3724 1244 3789 ναυσὶν
1264 3721 1502 3803 ἁμαρτημάτων
1516 3762 1557 3774 -
1659 3751 1660 3788 ;

372 3835 446 3904 ὅταν
476 3837 534 3916 μὲν
563 3841 622 3900 τῶν
651 3839 766 3899 ναυτῶν
789 3856 836 3903 τις
860 3829 986 3913 άμάρτη
1004 3868 1061 3908 -,
1087 3824 1161 3895 ὅταν
1186 3829 1213 3894 δ’
1239 3831 1253 3895 d
1277 3830 1463 3911 κυβερνήτης
1483 3833 1559 3896 άτι-

371 3953 482 4029 spatii
520 3943 582 4008 ιιτὲ.
629 3939 733 4006 Verba
768 3945 826 4004 τῶν
861 3939 1098 4019 ἁμαρτημάτων
1132 3956 1282 4022 suspensa
1312 3941 1386 4000 sunt
1414 3957 1472 4001 neo
1497 3958 1557 4022 quo
1659 3927 1660 3978 ἕ

371 4053 548 4119 referantur
577 4047 705 4113 hahent.
752 4046 855 4113 Periit
884 4045 1074 4131 praepositio
1103 4044 1136 4107 in
1158 4041 1381 4108 huiuscemodi
1403 4047 1557 4108 sententia

371 4161 447 4245 poni
472 4156 583 4223 solita:
608 4149 707 4234 άονιερ
731 4153 794 4232 γάρ
817 4151 898 4218 ἘΠΙ
922 4157 980 4216 τῶν
1004 4151 1035 4215 ἓν
1056 4157 1128 4222 ταῖς
1152 4147 1258 4212 νανοὶν
1282 4146 1526 4228 ἁμαρτημάτων.

415 4363 661 4451 interpolatione
692 4361 868 4447 impeditus
889 4359 979 4425 locus
1001 4363 1050 4425 est
1072 4379 1147 4446 pag.
1172 4356 1250 4423 802.
1277 4355 1328 4422 13.
1353 4359 1378 4422 oi
1404 4358 1556 4424 τονιτεοὸ-

362 4493 454 4556 ’μενοι
484 4469 617 4545 πάντες,
650 4469 685 4532 ἐκ
715 4473 772 4533 τῶν
804 4471 946 4532 παλαιῶν
979 4467 1019 4552 [εἰ
1052 4464 1216 4550 βούλεσθε]
1248 4462 1413 4544 ἀρξάμενοι
1445 4464 1557 4545 χρόνον
1659 4497 1660 4562 j
