3372 5192
868 281 934 354 sae
1034 261 1036 266 ’

301 481 355 548 Sia
385 480 500 566 optimi
531 499 641 545 omnes
664 475 727 543 τίδ’
750 473 826 543 εἶναι
850 479 918 543 sine
942 497 1044 544 sensu.
1092 475 1209 542 Veram
1231 475 1403 541 lectionem
1426 471 1497 538 feli-

300 589 427 654 cissime
460 587 576 672 reperit
608 587 712 651 neseio
743 586 816 670 quis
840 582 980 651 Graecus
1003 587 1178 660 corrector,
1201 602 1316 667 nempe
1340 579 1376 646 σθ
1399 581 1493 646 δεῖνα.

300 695 443 779 Antiqua
467 693 624 776 scriptura
645 699 844 756 TonelNA
872 692 990 755 scribas
1012 688 1177 754 fefellerat.

346 798 596 882 Nonnumquam
618 798 663 860 sio
688 817 728 861 ex
749 797 841 862 libris
865 795 1074 862 deterioribus
1096 796 1236 880 optimae
1256 780 1408 858 lectiones
1427 813 1497 878 pro-

302 903 401 969 deunt
424 903 463 968 ab
485 907 579 967 acuto
601 901 720 967 leotore
743 903 912 988 profectae.

349 1113 430 1201 Pag.
464 1111 540 1177 613.
572 1110 603 1175 2.
636 1106 689 1174 εἶθ’
715 1106 793 1175 οὗτοι
813 1149 853 1160 -
874 1112 916 1176 σοὶ
940 1119 995 1187 τῆς
1019 1119 1075 1184 σῆς
1099 1107 1301 1183 ἀναισθησίας
1325 1113 1378 1174 καί
1402 1133 1494 1183 πονη-

302 1218 369 1299 ρίας
400 1216 478 1299 ἔργα
510 1217 561 1298 ἐφ’
583 1216 709 1290 ἑαυτοὺς
734 1216 960 1296 &vallicuarum
986 1215 1117 1301 Saepius
1141 1215 1225 1300 apud
1246 1214 1496 1281 Demosthenem

303 1325 507 1404 αἰσχύνεσθαι
530 1329 563 1389 et
587 1322 784 1388 αίσθθνεσθοιι
809 1323 938 1389 oonfusa
961 1327 1053 1399 sunt,
1077 1327 1116 1386 ut
1138 1320 1202 1386 alio
1225 1319 1294 1386 loeo
1317 1321 1494 1386 ostendam.

303 1431 394 1506 Idem
422 1449 663 1514 nonnumquam
696 1429 818 1494 factum
853 1435 902 1494 ast
937 1431 971 1493 in
1007 1426 1190 1494 nominibus
1220 1426 1430 1506 ἀναισχυντία
1465 1433 1498 1493 et

303 1536 499 1610 ἀναισθησία.
546 1533 604 1599 sat
634 1538 743 1600 tamen
776 1533 899 1620 aliquid
929 1536 1014 1599 inter
1044 1533 1255 1616 impudentiam
1279 1537 1311 1598 et
1333 1539 1499 1623 stuporem,

305 1649 344 1706 ut
373 1641 466 1707 facile
497 1661 537 1706 ex
567 1642 720 1724 cuiusque
750 1640 814 1706 looi
844 1643 1003 1706 sententia
1037 1641 1185 1724 appareat
1218 1640 1292 1700 utra
1325 1638 1369 1700 sit
1402 1636 1498 1704 leotio

305 1749 418 1815 verior.
448 1745 560 1831 Itaque
583 1746 616 1811 h.
630 1745 653 1810 l.
678 1747 735 1812 ubi
758 1745 834 1812 libri
857 1749 981 1813 variant
1003 1747 1038 1810 in
1056 1742 1257 1818 ἀναισθησίας
1277 1747 1310 1806 et
1328 1742 1498 1825 οθναισχνν-

304 1853 376 1927 τίας
401 1855 548 1918 contexta
571 1853 672 1917 oratio
695 1851 789 1918 faoile
812 1852 1008 1918 demonstrat
1030 1851 1089 1917 hoo
1113 1852 1204 1914 unice
1228 1867 1295 1915 esse
1319 1870 1444 1915 verum.

349 2062 429 2150 Peg.
462 2060 538 2127 613.
571 2059 605 2130 8.
641 2060 744 2142 σιθζειν
776 2063 848 2138 ὑμῖν
880 2060 950 2132 τοὺς
977 2060 1128 2132 τοιοθσονς
1154 2059 1372 2138 προσήκεικαὶ
1396 2069 1500 2138 μισεῖν

303 2169 375 2242 τοὺς
408 2163 548 2248 οίΟΟσερ
579 2165 675 2240 οὗτος.
722 2167 803 2233 Boni
835 2166 912 2232 libri
946 2165 1092 2246 οἵουσπερ.
1138 2165 1231 2231 Hane
1265 2187 1331 2232 esse
1364 2188 1501 2232 manum

305 2274 527 2342 Demosthenis
561 2279 594 2340 et
616 2294 697 2359 quae
720 2276 764 2338 sit
786 2272 883 2337 huius
907 2274 1105 2339 attractionis
1128 2293 1205 2337 usus
1227 2277 1259 2337 et
1282 2275 1362 2338 ratio
1385 2273 1501 2339 multis

306 2381 502 2448 ostendimus
524 2380 559 2444 in
589 2379 661 2446 θον.
688 2379 782 2445 Leott.
805 2399 880 2466 pag.
908 2376 985 2443 500.

349 2588 430 2675 Pag.
463 2585 540 2652 614.
573 2583 627 2652 18.
659 2586 734 2664 θμοῦ
765 2587 941 2665 μεσοίιιονο,
975 2587 1153 2661 Ἀθηναίους
1189 2595 1315 2653 ΔΕΩΝ
1351 2585 1499 2665 doninus.

304 2692 515 2758 Sadbendum
534 2713 572 2758 ex
591 2697 744 2777 perpetuo
763 2693 1010 2759 Atheniensium
1030 2715 1091 2758 usu
1112 2692 1168 2757 δῶν
1188 2713 1251 2759 non
1268 2693 1350 2760 δίων.
1383 2693 1500 2759 Dieam

305 2799 344 2865 de
370 2799 422 2863 his
444 2799 555 2864 formis
579 2796 642 2863 alio
665 2796 745 2865 loeo.

349 3007 431 3095 Peg.
464 3004 540 3071 614.
573 3003 630 3074 28.
662 3007 752 3072 ettad
784 3007 817 3080 νίν
848 3008 912 3074 Δία
941 3013 1047 3073 ταῦτα
1077 3019 1173 3074 ΜΕΝ
1198 3009 1330 3081 τοιοῦτός
1355 3009 1435 3086 ε’ςιν,
1455 3047 1501 3058 -

307 3111 395 3178 ἄλλα
425 3113 450 3178 θ’
482 3109 544 3177 ἔσθ’
577 3103 600 3178 ἃ
631 3118 735 3186 καλῶς
767 3111 917 3193 διῴκηκεν.
951 3115 1041 3186 ἀλλὰ
1075 3111 1170 3180 τᾶλλ’
1191 3115 1266 3181 οὕτω
1292 3116 1502 3198 προσελήλυθε

305 3217 412 3284 σοίνσα
436 3223 507 3300 πρὸς
533 3221 615 3298 ὑμᾶς
635 3218 692 3289 ὦσε
714 3219 808 3298 bursa
829 3223 897 3286 ἘΝ
918 3217 960 3293 οίς
980 3221 1137 3295 denudare
1158 3221 1242 3300 θξιθς
1262 3225 1308 3292 tor
1329 3224 1498 3300 μισεῖσθαι.

350 3327 479 3393 Habent
497 3327 558 3393 hoo
573 3333 711 3392 oratores
731 3327 846 3404 Attici,
868 3332 906 3392 ut
926 3331 954 3392 si
966 3329 1043 3414 quid
1055 3333 1137 3394 esset
1149 3333 1242 3394 antea
1253 3349 1272 3395 a
1283 3349 1316 3394 se
1328 3335 1499 3409 (nonnum-

306 3454 403 3519 quam
421 3439 453 3498 et
468 3433 507 3498 ab
520 3432 604 3518 aliis)
617 3434 695 3498 suite
708 3437 741 3498 et
753 3433 915 3520 eleganter
927 3433 1049 3500 dietum
1062 3439 1119 3500 aut
1131 3433 1266 3500 selieiter
1277 3437 1498 3518 enuntiatum,

307 3544 363 3604 aut
380 3538 545 3624 quodlibet
564 3537 689 3605 dicendi
709 3537 910 3618 κατόρθωμα.
937 3560 999 3624 quo
1023 3540 1223 3605 audientium
1246 3542 1347 3622 animi
1366 3542 1499 3627 gratim

306 3648 581 3711 commoverentur
605 3650 636 3709 et
660 3644 919 3729 impellerentur,
943 3646 1090 3712 lubenter
1111 3645 1209 3712 semel
1232 3647 1400 3712 etiterum
1419 3645 1500 3711 alias

306 3757 401 3836 atque
424 3750 503 3816 alias
523 3753 682 3815 iterarent.
729 3750 802 3816 Non
828 3750 958 3837 illepide
981 3751 1064 3816 dixit
1087 3751 1238 3818 leocrates
1264 3773 1337 3839 pag.
1365 3750 1439 3816 101.
1465 3770 1498 3816 a.

305 3856 402 3935 μωρὸς
427 3855 465 3921 θον
490 3853 523 3930 ἦν
543 3855 627 3918 -εί
659 3853 728 3927 σοὺς
760 3853 876 3928 ἄλλους
910 3856 979 3935 θοῶν
1010 3865 1073 3928 τοῖς
1102 3859 1186 3934 ἐμοῖς
1210 3857 1384 3938 χρωμένους
1403 3856 1500 3930 αὐτὸς

305 3971 463 4029 MONOC
485 3960 663 4042 ἀπειχθμην
683 3966 741 4026 τῶν
763 3963 814 4027 ὑπ’
836 3962 910 4038 ἐμοῦ
923 3963 1062 4044 πρότερον
1075 3963 1245 4043 είρημίνων.
1270 3961 1502 4028 Demosthenes

306 4090 430 4155 quoque
450 4071 575 4152 saepius
594 4088 647 4145 ea,
669 4088 749 4152 quae
767 4067 918 4153 plausum
939 4069 1108 4154 aliquando
1128 4069 1277 4134 tulissent
1293 4073 1324 4133 et
1339 4067 1502 4133 iudicibus

306 4180 338 4240 et
361 4194 491 4239 coronae
512 4173 756 4240 admirationem
780 4176 973 4252 movissent,
999 4179 1139 4260 repetere
1162 4174 1244 4240 solet
1266 4172 1382 4239 iisdem
1408 4173 1502 4258 plane

306 4279 411 4346 verbis
440 4283 496 4344 aut
526 4279 672 4344 nonnihil
702 4284 831 4345 tantum
866 4283 1011 4346 mutatis.
1059 4278 1150 4360 Quod
1185 4282 1257 4346 κατ’
1294 4277 1501 4360 Ἀνδροτίωνος

306 4385 428 4454 dixerat
450 4404 524 4470 pag.
551 4381 630 4452 595.
657 4382 710 4451 15.
734 4387 768 4451 οθ
792 4386 856 4466 γὰρ
879 4385 909 4451 εί
931 4410 961 4451 σι
986 4385 1109 4452 adrosa
1133 4388 1178 4466 μὴ
1199 4386 1284 4452 κατὰ
1303 4387 1374 4459 τοὺς
1392 4385 1502 4464 νθμονς
1575 4389 1581 4400 ’
