3392 5186
748 359 814 433 409

183 559 291 621 torum
320 556 374 622 sed
405 550 540 620 Vulcani
570 557 676 644 gratia
706 555 824 620 Thetin
857 555 1021 620 induxisse
1055 555 1224 621 dicentem.
1285 555 1376 636 Quod

184 667 251 727 crat
275 661 360 726 dieto
382 681 460 745 opus
484 660 600 726 diserte
625 661 749 728 dictum
773 667 838 738 est,
862 665 900 726 ut
923 662 1126 727 Aristarchus
1149 661 1297 727 ostendit.

229 766 396 854 Legrmtur
426 768 647 833 huiuscemodi
679 767 972 847 ἀνακεφαλαιώοεις
1006 772 1038 833 et
1069 768 1165 846 alibi,
1190 770 1244 834 sed
1268 788 1377 833 omnes

184 873 388 938 Aristarchus
423 876 546 958 spurias
581 878 613 938 et
649 873 706 939 ὑτδ
740 881 799 938 τῶν
834 874 1043 942 διασκεναςῶν
1077 877 1208 960 antiquo
1243 875 1377 940 carmini

184 981 286 1046 serius
308 979 443 1044 insertas
469 999 536 1044 esse
561 981 678 1045 docuit.
725 980 776 1046 Ad
799 979 892 1046 iliad.
917 991 955 1047 Α.
982 979 1058 1046 365.

366 1086 483 1150 sciria·
509 1085 541 1150 rt
563 1081 581 1160 ἦ
604 1109 649 1151 τοι
673 1089 779 1151 ταῦτα
803 1085 895 1168 τιδνίρ
918 1086 1014 1154 στάντ’
1039 1087 1192 1172 ἀγορεύοις

184 1192 361 1256 rectissime
391 1191 529 1257 iudicat:
554 1189 600 1258 ὅτι
624 1201 833 1272 ταοιιλλονεῖν
856 1195 1045 1276 ταρῄτνρτοιι.
1071 1192 1227 1275 ἀλλότριοι
1252 1191 1329 1276 ἄρα
1351 1195 1377 1260 οἱ

185 1295 397 1378 ἐπιφερόμενοι
428 1297 513 1377 ςίχοι
546 1296 655 1364 εἴκοσιν
687 1300 780 1364 ἑπτά.
828 1299 900 1365 Non
928 1300 1042 1365 desunt
1065 1303 1120 1385 qui
1144 1300 1378 1385 contradicant,

185 1422 321 1486 quorum
353 1423 453 1481 unus,
484 1403 631 1489 lepidum
661 1409 773 1491 ceput,
805 1405 955 1488 inrepitete
988 1404 1042 1482 ὢν,
1067 1407 1190 1490 inquit,
1213 1406 1227 1470 δ
1251 1407 1378 1482 τοιντδς

185 1507 239 1572 καὶ
262 1509 372 1589 τρόπον
398 1510 702 1589 οξνοοκεφαλαιώοειις
726 1509 913 1589 βουλόμενος
939 1509 1059 1587 διδάξαι
1073 1495 1177 1601 ἡμᾶς
1192 1512 1298 1577 ταύτοδ
1319 1510 1380 1577 τοι·

183 1628 231 1679 λιν
264 1614 299 1692 ἐξ
331 1617 432 1695 ἀρχῆς
465 1612 614 1690 διέξεισιν.
661 1618 823 1704 Agnosces
846 1618 984 1684 cundem
1006 1619 1172 1684 bominem
1193 1618 1233 1684 ad
1256 1616 1316 1683 Od.
1339 1623 1377 1699 ψ.

185 1717 263 1785 310.
294 1720 447 1801 ῥητορικὴν
476 1728 610 1787 ποιεῖται
634 1723 910 1804 ἀνακεφαλαίωσιν
934 1731 990 1799 τῆς
1014 1723 1181 1798 ὑποδέσεως
1204 1721 1258 1788 καὶ
1278 1725 1379 1788 terrac·

183 1826 245 1904 μὴν
276 1834 331 1900 τῆς
360 1823 555 1898 Ὀδυσσείας.
584 1830 687 1900 καλῶς
710 1830 791 1908 (imo
814 1849 889 1896 vero
913 1834 1033 1905 κακῶς,
1058 1834 1096 1894 ut
1119 1850 1215 1914 supra
1238 1829 1379 1894 diximus

184 1935 216 1998 et
245 1932 451 1998 manifestum
482 1934 543 2017 cst)
566 1928 615 1997 οὖν
640 1933 782 2008 sitirem
805 1936 989 2015 Ἀρίταρχος
1014 1934 1085 2006 τοὺς
1109 1934 1274 2016 τριάκοντα
1297 1943 1378 2017 τρεῖς

186 2036 329 2126 (ςιχονο).
376 2038 460 2103 Nata
483 2044 558 2103 sunt
581 2042 689 2105 omnia
710 2040 933 2105 huiuscemodi
956 2040 1175 2107 additamenta
1198 2063 1299 2127 quum
1324 2061 1377 2107 an·

183 2146 274 2229 tiqua
303 2143 410 2210 Ionica
440 2147 581 2210 carmina
611 2147 747 2230 carptim
779 2151 811 2211 et
843 2145 997 2224 στοροέδνν
1027 2145 1207 2213 volitabant
1237 2169 1294 2234 por
1324 2168 1379 2214 ora

183 2252 338 2318 virorum.
396 2249 610 2336 Posteaquam
645 2254 679 2316 in
713 2273 815 2316 unum
851 2251 982 2318 collecta
1017 2255 1049 2316 et
1082 2251 1192 2318 ordine
1226 2252 1380 2339 disposita

184 2362 260 2421 sunt
293 2357 392 2422 otiosa
414 2356 492 2422 baec
513 2361 545 2422 et
566 2377 798 2443 supervacanea
820 2357 976 2422 debebant
998 2356 1116 2441 rideri,
1135 2358 1207 2435 sed,
1232 2363 1270 2423 ut
1293 2361 1379 2424 Aris·

184 2462 313 2528 tarehus
342 2460 486 2547 loquitur
516 2465 550 2527 in
580 2465 752 2530 Aristonici
783 2464 995 2548 praefatione,
1025 2464 1069 2528 τοὶ
1099 2464 1262 2542 ποιήματα
1285 2465 1316 2529 ἐν
1339 2475 1377 2548 τῇ

184 2565 273 2643 τάξει
306 2566 514 2648 διημάρτηται
521 2616 529 2647 ,
562 2575 594 2635 et
625 2571 680 2654 qui
712 2590 748 2634 ca
777 2571 920 2654 primum
950 2561 984 2633 in
1016 2563 1118 2634 unum
1139 2569 1243 2636 veluti
1267 2592 1379 2658 corpus

184 2673 375 2762 redegerunt
402 2677 581 2759 promiscue
613 2677 720 2742 omnia
750 2676 880 2760 antiqua
907 2679 939 2740 et
963 2677 1153 2752 recentiora,
1179 2679 1320 2764 genuina
1346 2682 1379 2743 et

186 2779 337 2846 additicia
366 2778 473 2845 σαντα
504 2780 562 2846 ὑπὸ
592 2780 669 2858 μίαν
692 2779 831 2846 Μύκονον
853 2783 1128 2866 consarcinarunt,
1155 2781 1252 2848 donec
1279 2784 1296 2858 ἦ
1320 2790 1379 2848 τῶν

186 2885 327 2966 ἀρχαίαν
357 2883 459 2964 λόγων
484 2886 579 2966 κρίσις
602 2887 733 2951 ἐλθοῦσα
756 2887 864 2952 πάντα
888 2885 1109 2965 brendonum*
1146 2886 1225 2968 Quis
1247 2889 1379 2977 negabit

187 2987 321 3057 Oriticos
350 2998 493 3077 veteres,
528 2995 626 3058 etiam
651 2994 798 3058 omnium
820 2993 1014 3078 principem,
1040 2993 1070 3056 ἕν
1095 3002 1158 3064 τοῖς
1181 2994 1268 3059 κατὰ
1291 2995 1379 3074 μέρος

186 3116 426 3181 nonnumquam
456 3094 595 3164 errasse?
638 3097 710 3163 Non
736 3097 886 3183 equidem
908 3097 1032 3182 hercle;
1056 3119 1157 3184 nequo
1181 3102 1226 3164 sio
1248 3099 1379 3165 illorum

187 3203 313 3287 scriptis
343 3203 499 3269 utendum
530 3203 666 3269 arbitror
689 3205 782 3268 utin
804 3202 937 3268 illorum
959 3203 1056 3269 verba
1079 3205 1223 3268 iuremus
1249 3213 1281 3269 et
1309 3203 1381 3270 iilo-

187 3329 260 3374 rum
285 3310 486 3394 opinionibus
513 3309 663 3375 omnibus
686 3311 787 3394 inepti
817 3309 1070 3393 subscribamus,
1103 3309 1159 3375 sed
1189 3308 1381 3374 utiliorum

188 3414 372 3502 exemplum
406 3417 574 3481 imitemur
609 3419 642 3480 et
674 3414 757 3500 quod
785 3415 824 3480 ab
851 3415 918 3480 illie
945 3414 1103 3500 praeclare
1124 3421 1172 3481 est
1194 3415 1381 3484 inchoatum

188 3524 346 3604 quantum
368 3520 498 3606 quidem
522 3520 591 3588 fiori
615 3526 720 3608 potest
742 3542 799 3587 nos
821 3518 1035 3606 perficiemus.
1159 3564 1162 3570 -

695 3728 873 3797 LXXXVI.

654 3918 793 3996 Σειρῆνες
819 3929 915 3980 DUAE.

394 4159 468 4217 τοῖιν
491 4151 516 4217 δ’
540 4151 617 4232 ἔγνω
641 4152 767 4235 speses
792 4157 917 4230 Ὀϊλῆος
937 4154 1042 4237 ταχὺς
1068 4152 1160 4232 Αἴας.

235 4257 451 4324 Aristonicus:
485 4259 501 4332 ἦ
533 4257 627 4334 διπλῆ
660 4261 733 4340 τρδς
764 4260 799 4326 rt
833 4260 932 4326 δνῖιιὸν
963 4270 1096 4344 σχῆμα,
1129 4267 1147 4341 ἡ
1178 4265 1210 4331 δὲ
1237 4267 1382 4352 οὶναφοροὶ

191 4362 262 4444 τρδς
287 4363 330 4429 τοὶ
354 4361 421 4444 περὶ
446 4367 505 4428 τῶν
530 4367 675 4446 Σειρήνων
699 4365 795 4441 νιροέιον
820 4369 996 4450 Σειρήνοιιν,
1021 4365 1066 4436 ὅτι
1091 4371 1105 4435 ὂ
1130 4369 1221 4452 λόγος
1246 4375 1284 4448 ὣς
1314 4375 1382 4457 περὶ

191 4469 253 4538 δύο.
293 4469 449 4536 Mundum
475 4471 509 4536 in
527 4471 579 4538 his
599 4471 716 4539 subest.
739 4472 921 4542 Dindorfius
945 4476 984 4543 de
1007 4475 1204 4544 Lachmanni
1226 4485 1383 4548 sententia
