3208 5158
866 363 935 434 228·

306 551 414 622 τούτου
442 551 495 630 ἕως
526 559 580 621 τοῦ
607 551 699 634 ,ἔνίιο
722 551 823 637 κάθιζ’
846 553 972 631 Ἑλένη”
995 554 1096 637 τίχοις
1120 553 1266 637 τέτταρσι
1290 553 1491 637 παράκεινται

307 663 422 729 διπλάί
441 659 671 743 reptacester
695 660 741 728 dri
767 659 927 737 Ζηνίδοτος
952 663 1106 740 μετετίθει
1126 663 1182 738 τὴν
1201 661 1365 729 τυνέπειοιν
1385 660 1491 734 οὕτως·

465 772 641 848 άμφίτολοι
664 770 721 846 μὲν
744 765 855 832 ἔπειτα
881 769 949 838 toris
973 769 1023 833 ἐπὶ
1048 767 1127 848 ἔρροι
1148 769 1315 848 τράποντο,

466 879 545 951 αὐτὴ
569 875 596 940 δ’
620 877 721 941 άντίον
744 874 809 956 ίζεν
832 873 1044 955 Ἀλεξάνδροιο
1068 874 1202 947 άνοικτος

467 980 537 1048 durs
562 981 658 1048 πάλιν
681 982 833 1066 κλίνοιτοι,
857 981 946 1046 πότον
970 983 996 1047 δ’
1020 983 1156 1058 ἠνίπαπε
1177 980 1273 1061 μύθῳ.

353 1091 558 1155 'Anrenec
588 1088 651 1169 peip
682 1088 767 1168 αὐτῷ
799 1088 945 1168 ἐφαίνετο
975 1087 1011 1152 ri
1038 1098 1077 1170 τῇ
1102 1087 1210 1170 Ἑλένη
1233 1087 1288 1161 τὴν
1311 1085 1493 1166 Ἀφροδίτην

307 1195 411 1276 δίφροι
434 1193 600 1276 βοςάζειν.
646 1193 822 1258 Ιιιάιοοτιιοι
844 1199 910 1272 est,
933 1197 962 1260 si
985 1194 1063 1280 quid
1086 1194 1191 1272 aliud,
1216 1192 1375 1259 Venerem
1397 1192 1494 1258 1111-

308 1323 377 1369 eere
408 1301 492 1387 quod
522 1301 758 1388 Aegyptiorum
793 1303 921 1388 regina,
947 1299 1108 1367 ‘Zenodoti
1138 1301 1284 1377 domine,
1319 1319 1495 1385 numquam

308 1409 410 1475 faeere
440 1407 656 1473 sustinuisset!
688 1406 786 1491 idque
817 1409 847 1472 si
878 1409 961 1471 tanti
990 1407 1139 1492 ponderis
1169 1426 1236 1471 essa
1258 1406 1368 1470 visum
1393 1409 1495 1471 estut

309 1516 466 1582 eximium
498 1515 622 1598 antiqui
640 1514 724 1578 vatis
744 1509 852 1578 lorum
875 1514 996 1600 insigni
1018 1511 1259 1598 interpolatione
1281 1511 1415 1577 auderet
1436 1530 1494 1576 eor·

308 1641 474 1706 rumpere,
500 1625 532 1684 et
555 1621 693 1706 vestigia
717 1621 824 1684 omnia
845 1625 901 1691 τῆς
925 1625 985 1683 τῶν
1008 1624 1153 1683 πιιλοιιῶν
1176 1617 1332 1698 άφελείοιο
1356 1616 1496 1682 {unditus

310 1726 425 1793 delere.
471 1724 552 1790 Vide
578 1729 687 1790 autem
710 1726 787 1811 quid
807 1724 994 1812 respoudeat
1015 1725 1234 1791 Aristarchus:
1259 1722 1446 1799 ἐπιλέλητιιι
1469 1723 1495 1786 δὲ

309 1830 356 1898 ὅτι
387 1829 466 1912 γραῒ
492 1830 616 1899 alescat
647 1831 701 1895 ιοοίι
723 1831 826 1912 τούτη
847 1841 887 1913 τῇ
910 1836 1016 1912 μορφῇ
1039 1831 1081 1894 τά
1103 1831 1293 1912 προτιίιιοντοι
1316 1829 1496 1905 ἐπιτηδεύει.

309 1938 440 2024 Reperit
469 1939 594 2003 οοίοττοι
616 1936 771 2021 aliquem.
794 1942 832 2002 ut
855 1939 1001 2023 antiquos
1022 1957 1134 2004 versus
1157 1958 1282 2004 servare
1304 1957 1342 2003 ao
1365 1939 1496 2002 retinere

308 2047 431 2132 posset,
466 2063 530 2108 non
562 2045 668 2128 ipsam
702 2062 832 2108 eausam
866 2045 900 2107 τδ
932 2049 991 2109 τῶν
1022 2050 1165 2109 ποιλοιιῶν
1196 2043 1262 2124 περί
1293 2043 1337 2107 τά
1369 2048 1496 2108 τοιοῦτον

311 2145 459 2216 άτλοῖκίν
478 2152 649 2236 perspexit.
695 2148 829 2214 Necesse
852 2154 900 2215 est
922 2151 956 2214 in
980 2151 1184 2235 antiquarum
1204 2149 1390 2215 litterarum
1408 2152 1497 2213 inter-

310 2257 486 2344 pretatione
512 2260 550 2320 ut
574 2256 635 2321 tibi
659 2257 785 2321 animus
808 2256 948 2341 οοιίριιιιε
971 2254 1027 2321 fiat
1050 2262 1083 2322 et
1105 2258 1153 2321 ita
1175 2259 1291 2322 sentias
1313 2261 1352 2320 ut
1376 2255 1428 2320 illi
1448 2275 1498 2320 ve·

310 2367 393 2429 teres
416 2361 607 2446 sentiebant,
632 2381 729 2447 quem
749 2381 878 2426 sensum
898 2361 1122 2428 Alexandrinis
1142 2359 1272 2429 Oritieis
1292 2382 1357 2428 non
1386 2364 1496 2437 inesse,

309 2475 367 2536 eut
396 2467 513 2534 saltem
543 2487 606 2533 non
635 2469 713 2532 satis
744 2487 849 2532 aeram
877 2469 912 2532 in
942 2469 984 2533 iis
1015 2473 1071 2533 aut
1094 2473 1225 2534 acutum
1248 2468 1363 2546 111111,
1390 2467 1498 2534 multis

310 2577 378 2642 iam
412 2572 568 2659 exemplis
602 2573 797 2639 ostendimus
832 2577 865 2638 et
899 2593 975 2639 mox
1009 2572 1155 2659 pluribus
1189 2572 1405 2639 ostendemus.
1453 2571 1499 2638 11

309 2681 446 2747 eundem
476 2678 594 2746 iliados
616 2678 723 2745 loeum
747 2688 782 2744 Γ.
808 2677 874 2744 424
898 2682 1063 2746 annotarit
1085 2679 1168 2746 alius
1191 2681 1297 2746 neseio
1320 2682 1395 2764 quis
1418 2679 1499 2745 Aris·

310 2787 412 2852 tarehi
442 2785 714 2852 animadversione
744 2803 840 2851 usus:
872 2787 923 2850 τὸν
953 2785 985 2850 δὲ
1016 2785 1120 2868 δίφροι
1150 2787 1177 2852 εί
1208 2794 1303 2851 ΜΘΝ
1335 2789 1376 2859 οἱς
1406 2789 1499 2866 γραῦς

311 2891 427 2966 τίίηοιν
445 2892 499 2958 οὐκ
518 2889 646 2970 άτοπον,
669 2893 693 2956 εἰ
715 2899 772 2956 ΔΕ
791 2894 829 2962 ὥς
848 2891 1032 2973 Ἀφροδίτη,
1054 2891 1106 2956 sal
1128 2893 1241 2966 Ἀίηνῖι
1261 2891 1378 2972 λύχνον
1398 2891 1499 2976 φοίνει

311 2998 467 3064 Ὀδυσσεῖ.
515 2997 659 3085 Respicit
681 2997 789 3064 locum
811 2999 846 3062 in
869 2996 1012 3084 Odyssea
1036 3006 1076 3063 T.
1103 2996 1157 3063 34.

788 3101 910 3183 πάροιίε
934 3103 965 3168 δὲ
990 3102 1124 3176 Παλλάς
1150 3102 1261 3178 Ἀίιίνη

445 3207 574 3292 χρύσεον
597 3207 711 3288 λύχνον
735 3206 854 3288 ἔχοντο
878 3209 959 3290 φοίοο
981 3209 1166 3288 περικαλλὲς
1190 3210 1294 3274 ἐποίει.

309 3341 374 3387 non
404 3315 595 3384 offenderant
625 3314 702 3380 haee
728 3319 876 3380 veterum
895 3317 1035 3392 animos,
1059 3317 1116 3401 qui
1138 3314 1221 3380 nihil
1245 3315 1283 3381 11
1305 3336 1425 3403 genere
1446 3316 1503 3381 hor

310 3424 525 3492 mirabantur:
558 3420 632 3485 deos
653 3422 738 3484 inter
758 3421 905 3487 homines
927 3423 1047 3487 versari
1070 3425 1102 3486 et
1125 3421 1274 3486 omnibus
1296 3423 1406 3488 modis
1428 3441 1502 3509 quos

311 3551 398 3598 caros
420 3527 580 3594 habebant
601 3526 771 3602 adiuvare,
796 3525 941 3612 nihilque
964 3526 1041 3592 adeo
1064 3526 1148 3610 quod
1172 3526 1353 3592 humanum
1377 3535 1460 3595 esset
1486 3547 1503 3592 a

312 3638 384 3705 Diis
409 3634 550 3701 alienum
573 3632 738 3718 putabant.
786 3630 849 3697 Sed
872 3639 1122 3719 supervenerunt
1139 3631 1288 3720 theologi
1312 3639 1344 3701 et
1367 3635 1504 3721 pbiloso-

310 3745 385 3830 phi,
417 3743 474 3828 qui
504 3738 660 3826 quidquid
691 3759 730 3804 ex
760 3758 836 3804 suae
864 3741 978 3805 aetatis
1007 3761 1100 3804 sensu
1130 3745 1162 3804 et
1193 3741 1398 3825 opinionibus
1424 3744 1504 3806 esset

311 3848 467 3931 άπρεπὲς,
497 3848 532 3911 in
562 3843 703 3911 Homero
733 3849 791 3910 aut
821 3845 931 3911 soerbe
961 3845 1114 3912 notabant
1144 3845 1306 3932 indignati
1332 3845 1422 3916 Deos
1445 3849 1504 3911 im-

311 3953 464 4023 mortales

450 4062 613 4136 κλέπτειν,
638 4054 797 4136 μοιχεύειν
819 4081 855 4121 τε
879 4056 932 4122 arti
956 4057 1114 4132 ἀλλήλους
1137 4056 1345 4123 άποιτιίλλειν.

309 4173 366 4236 aut
402 4165 564 4231 malesana
601 4162 780 4228 subtilitate
811 4166 867 4228 aut
894 4162 1046 4235 ὑπονοίαις
1078 4161 1266 4250 (allegoriis)
1299 4163 1501 4251 perabsurdis

312 4292 460 4340 excusare
491 4275 548 4336 aut
578 4269 744 4335 defendere
773 4269 968 4356 satagebant.
1017 4268 1121 4349 Quem
1144 4267 1263 4334 vellem
1286 4269 1372 4334 nihil
1396 4271 1504 4335 huius·

311 4377 402 4446 modi
423 4376 625 4462 opinionibus
648 4374 834 4440 tribuissent
858 4371 1051 4440 Oritieorum
1074 4373 1365 4440 Alexandrinorum
1389 4377 1503 4462 prinei-

310 4503 377 4571 pes.
423 4480 487 4550 Sed
516 4479 569 4546 illi
598 4499 722 4566 quoque
752 4480 1032 4548 stomachabantur
1053 4479 1237 4549 Minervam
1259 4480 1373 4550 servili
1394 4483 1503 4548 minis·
