3208 5158
699 369 764 438 231

135 559 305 626 suaserint.
352 555 415 622 Sed
447 558 524 643 quid
554 558 632 624 haec
662 563 770 624 omnia
795 559 945 624 adversus
968 561 1133 642 antiquam
1154 561 1189 624 in
1212 560 1272 626 tali
1294 583 1327 627 re

134 664 308 740 παρρησίαν
331 687 367 728 τε
391 663 443 726 καί
465 661 739 743 εὐίνρρνμοσιίνννί
762 663 806 729 Ut
826 663 1009 751 cogitabant
1029 666 1076 728 ita
1094 671 1201 748 aperte
1220 665 1327 752 loque·

133 770 270 843 bantur,
303 778 336 834 et
367 788 429 855 quo
458 777 572 833 natura
603 769 738 836 ducebat
761 770 846 835 ultro
869 769 1079 854 sequebantur
1101 769 1183 834 nihil
1202 778 1326 854 praeter

132 877 236 940 ammi
255 895 383 940 sensum
403 875 604 952 οξιιιιιζόμενοι.
637 875 757 941 Deinde
778 879 901 938 πάντων
921 875 1185 954 ἀσυμφορώτατον
1206 877 1239 940 id
1259 897 1326 942 esse

132 980 321 1046 bominibus
343 981 412 1047 rita
434 979 528 1054 molli
553 988 585 1046 et
608 980 744 1048 delicata
765 988 796 1048 et
817 979 980 1046 luxuriosa
999 982 1157 1045 enervatis
1175 980 1328 1049 facillime

130 1106 217 1151 nune
242 1084 459 1172 intelligimus
481 1089 514 1151 et
536 1087 714 1163 credimus,
740 1087 794 1152 sed
819 1086 896 1172 quid
917 1085 1062 1151 homines
1082 1079 1132 1152 οίοι
1154 1092 1204 1151 νῦν
1222 1089 1327 1166 βροτοί

132 1191 223 1266 τίσιν,
243 1196 275 1256 et
298 1189 408 1276 quales
428 1195 504 1256 viro
523 1191 709 1258 Aristarcho
729 1197 819 1258 erant
837 1195 871 1257 in
890 1192 1055 1278 Aegypto,
1075 1211 1149 1276 prae
1171 1193 1238 1258 illis
1260 1193 1326 1262 Ho

130 1299 214 1361 meri
246 1293 412 1361 heroibus?
446 1294 538 1361 Nihil
568 1316 705 1381 prorsus.
754 1296 832 1377 Quis
862 1304 970 1362 autem
1002 1297 1160 1364 Achillem
1183 1303 1325 1388 cogitare

130 1408 236 1488 potent
278 1403 381 1466 nimia
422 1401 539 1467 Venere
572 1402 764 1489 languidum
798 1409 831 1468 et
865 1404 1071 1489 quantumvis
1107 1406 1172 1468 acri
1205 1403 1324 1490 proelio

129 1506 254 1572 lassum
279 1512 312 1571 et
334 1504 509 1590 imparem?
544 1507 602 1572 llst
620 1508 680 1574 hoo
700 1509 917 1574 diversissima
936 1515 1078 1593 tempora
1095 1529 1131 1574 ac
1150 1531 1255 1576 mores
1277 1517 1321 1576 te·

128 1633 219 1678 mere
250 1611 472 1677 confundentis
528 1611 590 1678 Sed
621 1615 655 1676 in
689 1613 868 1679 Ptolemaei
897 1617 987 1701 regia
1017 1615 1115 1679 etiam
1149 1613 1321 1682 fastidiosis

127 1717 345 1784 foeminarum
375 1718 505 1784 auribus
531 1724 599 1785 erat
621 1718 860 1784 consulendum.
906 1717 992 1785 Hinc
1016 1721 1050 1784 in
1073 1718 1231 1807 Odysseae
1253 1741 1322 1787 ver-

128 1823 232 1890 siculo
258 1833 299 1888 0.
324 1821 401 1888 373.

315 1933 372 1992 τῶν
396 1927 519 2008 έφιτγίν
541 1931 571 1993 τ’
594 1926 677 1994 έπιίν
701 1953 736 1994 τε
762 1930 813 1995 καί
840 1929 992 1995 αἰδοίοισιν
1016 1927 1129 2009 ἔδωκα,

126 2056 168 2100 ne
190 2032 404 2100 mulierculae
422 2032 651 2100 offenderentur
670 2038 844 2101 commenti
863 2042 939 2100 sunt
957 2037 1164 2122 grammatici
1182 2035 1319 2123 aliquid,

128 2141 214 2226 qnod
239 2138 370 2205 difficile
393 2147 442 2205 est
465 2141 533 2205 eine
554 2143 622 2205 risu
643 2141 763 2207 audire.
810 2140 933 2226 Nempe
957 2141 1110 2206 αἰδοίοισιν
1133 2139 1232 2206 έδιικα
1253 2162 1320 2208 esse

125 2245 248 2316 ἱκέταις
274 2247 326 2310 καί
350 2245 451 2316 αἰδοῦς
476 2242 704 2318 ἀξίοιςέδωκοι.
732 2246 802 2313 vide
824 2245 952 2312 Scholia
975 2247 1015 2312 ad
1039 2244 1151 2334 Odyss.
1178 2255 1216 2312 Ο.
1242 2245 1318 2314 373.

126 2358 159 2418 et
191 2351 288 2418 Iliad.
322 2362 358 2416 Χ.
393 2349 467 2414 124.
500 2359 532 2415 et
562 2361 608 2417 Ω.
638 2350 716 2417 208.
761 2350 892 2418 Poterat
914 2351 1075 2418 Eumaeus
1098 2361 1235 2434 πτωχοῖς
1258 2354 1318 2419 τισί

127 2461 179 2524 καί
205 2459 341 2532 οίλνίταιτ
366 2456 488 2540 aliquid
513 2457 653 2540 dedisse,
678 2464 711 2522 et
733 2458 833 2522 ίκέτιιι
857 2459 962 2523 αι’δοῖοι
981 2459 1098 2524 usitate
1117 2458 1318 2545 dicebantur,

125 2571 164 2630 ut
188 2562 305 2650 Odyas.
330 2572 367 2628 ll.
394 2560 468 2625 165.
494 2562 626 2642 ἱκέτρσιν
651 2560 710 2642 ἅμ’
735 2565 886 2630 αἰδοίοισιν
910 2561 1034 2641 ὀπηδεῖ,
1056 2563 1191 2630 sednon
1213 2563 1319 2634 αἰδοῖοι

125 2690 183 2755 per
214 2689 249 2735 se
280 2669 428 2752 supplices
451 2665 660 2756 significabat.
707 2667 770 2734 Sed
791 2670 891 2735 honos
913 2675 981 2734 erat
1003 2669 1166 2735 habendus
1189 2672 1319 2737 auribus

124 2781 362 2850 matronarum,
387 2777 421 2837 in
445 2793 579 2858 quarum
601 2777 740 2861 gratiam
761 2776 795 2839 in
814 2773 926 2860 Odyss.
952 2783 990 2838 Θ.
1011 2773 1190 2842 tte-342
1208 2778 1317 2842 decem

124 2902 239 2948 versus
261 2882 295 2945 in
317 2880 408 2945 libris
431 2878 622 2964 quibusdam
643 2880 890 2946 omittebantur:
912 2881 942 2942 ἐν
964 2880 1047 2952 ἐνίοις
1069 2881 1272 2964 ἀντιγράφοις
1292 2883 1318 2946 οί

125 2987 203 3054 δέκα
227 2988 312 3067 ςίχοι
333 2989 365 3052 οὐ
385 2984 530 3062 φέρονται
552 2982 603 3048 διδ
622 2988 656 3049 τὸ
678 2984 935 3050 ἈΗΡΕΗΕΙΑΝ
958 2985 1134 3066 ἐμφαίνειν,
1155 2987 1211 3052 sed
1226 3009 1318 3053 num·

125 3115 225 3180 quam
259 3096 322 3158 ista
353 3088 486 3156 artificia
516 3088 606 3154 bonis
636 3090 780 3155 moribus
803 3090 978 3176 quidquam
1002 3091 1187 3174 profuerunt
1209 3099 1242 3157 et
1265 3094 1317 3160 de·

124 3199 320 3284 sperandum
339 3197 382 3285 ‘de
406 3216 460 3279 eo,
485 3197 537 3260 cui
560 3216 670 3260 versus
688 3194 854 3260 Homerici
871 3196 1020 3261 libidines
1039 3216 1168 3261 movere
1186 3202 1317 3286 possint,

124 3303 221 3371 Plato
244 3303 303 3368 illo
327 3313 468 3387 tempore
492 3303 584 3366 anxie
607 3300 833 3366 reformidabat
855 3323 895 3367 ne
918 3303 979 3367 loci
1001 3301 1132 3386 quidam
1152 3301 1318 3370 Homerici

124 3413 329 3476 iuventutem
362 3409 396 3471 in
423 3409 544 3472 vitium
572 3406 746 3483 flecterent,
779 3427 878 3492 quum
908 3408 1051 3472 moribus
1074 3407 1196 3473 dudum
1221 3409 1317 3474 disso-

123 3513 205 3582 lutis
227 3535 264 3580 ac
288 3513 424 3600 perditis
446 3511 535 3577 nulla
555 3511 694 3597 amplius
712 3512 852 3576 remedia
871 3514 1015 3598 prodesse
1035 3520 1169 3598 possent.
1207 3513 1318 3599 ltaque

123 3619 329 3687 Aristarchea
351 3619 493 3693 δίοτήσει
517 3605 612 3684 nunc¹
625 3618 756 3704 quidem
778 3638 842 3683 non
864 3621 1108 3704 acquiescemus.
1152 3619 1224 3685 Non
1247 3641 1317 3686 mu·

123 3725 332 3792 liercnlarum
353 3745 447 3790 causa
469 3722 548 3789 olim
571 3724 649 3789 baec
672 3723 894 3805 cantabantur,
915 3722 1003 3786 ἀλλὰ
1022 3727 1078 3796 τῆς
1099 3722 1317 3818 οὶνδροινίτιδοον

123 3833 183 3898 ubi
204 3853 274 3898 rem
297 3850 354 3896 suo
376 3832 505 3896 nomine
529 3828 687 3914 appellare
711 3837 778 3894 erat
801 3833 999 3893 consuetum.

169 3937 372 4004 Ennmerabo
401 3957 485 4002 nunc
518 3935 628 4002 ordine
659 3932 838 4020 complures
871 3931 949 3998 alios
978 3931 1112 3998 Homeri
1134 3932 1235 4012 locos,
1260 3936 1318 4002 nbi

123 4043 234 4110 doctos
257 4039 392 4108 Criticos
414 4041 538 4107 videbis
561 4041 678 4106 chorda
701 4039 881 4105 oberrantes
905 4038 1026 4103 eadem.
1063 4037 1152 4104 Iliad.
1179 4051 1218 4104 Δ.
1237 4041 1314 4107 345.

121 4149 179 4212 ubi
203 4151 425 4236 Agamemnon
444 4145 667 4212 Menesthcum
690 4153 723 4211 et
746 4143 904 4230 Ulyssem.
918 4146 1082 4229 increpans
1106 4146 1236 4228 „prim
1262 4170 1312 4213 νοι

123 4254 167 4318 ad
189 4255 293 4338 epulae
316 4254 393 4317 ινίιο
418 4251 545 4328 οοσσνσ”,
574 4253 689 4336 inquit.

309 4358 380 4424 ένία
402 4359 473 4440 φίλ’
497 4357 640 4421 ὀπταλέα
665 4357 738 4436 κρέα
763 4354 886 4432 ἔδμεναι
912 4355 961 4430 ἠδέ
985 4353 1132 4422 κύπελλα

306 4463 381 4530 οίνοιι
402 4465 561 4543 πινέμεναι
585 4461 761 4540 μελιηδέος,
789 4459 857 4543 ὄφρ’
882 4461 1030 4535 ε’ίέλιιτον.
