<?xml version="1.0" encoding="UTF-8"?>
<!DOCTYPE html PUBLIC "-//W3C//DTD XHTML 1.0 Transitional//EN"
    "http://www.w3.org/TR/xhtml1/DTD/xhtml1-transitional.dtd">
<html xmlns="http://www.w3.org/1999/xhtml" xml:lang="en" lang="en">
 <head>
  <title>
</title>
<meta http-equiv="Content-Type" content="text/html;charset=utf-8" />
  <meta name='ocr-system' content='tesseract 3.04.00' />
  <meta name='ocr-capabilities' content='ocr_page ocr_carea ocr_par ocr_line ocrx_word'/>
</head>
<body>
  <div class='ocr_page' id='page_1' title='image "./miscellaneacrit01cobegoog_0399.png"; bbox 0 0 3392 5186; ppageno 0'>
   <div class='ocr_carea' id='block_1_1' title="bbox 876 339 941 409">
    <p class='ocr_par' dir='ltr' id='par_1_1' title="bbox 876 339 941 409">
     <span class='ocr_line' id='line_1_1' title="bbox 876 339 941 409; baseline 0 -2"><span class='ocrx_word' id='word_1_1' title='bbox 876 339 941 409; x_wconf 80' lang='lat'><strong>374</strong></span> 
     </span>
    </p>
   </div>
   <div class='ocr_carea' id='block_1_2' title="bbox 310 529 1507 2316">
    <p class='ocr_par' dir='ltr' id='par_1_2' title="bbox 310 529 1507 2316">
     <span class='ocr_line' id='line_1_2' title="bbox 627 529 1168 612; baseline 0.006 -18"><span class='ocrx_word' id='word_1_2' title='bbox 627 537 781 610; x_wconf 77' lang='grc' dir='ltr'><strong><em>χαλεπῶς</em></strong></span> <span class='ocrx_word' id='word_1_3' title='bbox 804 530 835 596; x_wconf 77' lang='grc' dir='ltr'><strong>δὲ</strong></span> <span class='ocrx_word' id='word_1_4' title='bbox 857 530 984 597; x_wconf 67' lang='lat' dir='ltr'><strong>strom</strong></span> <span class='ocrx_word' id='word_1_5' title='bbox 1007 530 1043 597; x_wconf 74' lang='grc' dir='ltr'><strong>τὸ</strong></span> <span class='ocrx_word' id='word_1_6' title='bbox 1065 529 1168 612; x_wconf 75' lang='grc' dir='ltr'><strong><em>ῥέξειν.</em></strong></span> 
     </span>
     <span class='ocr_line' id='line_1_3' title="bbox 313 635 508 702; baseline 0 -2"><span class='ocrx_word' id='word_1_7' title='bbox 313 641 345 700; x_wconf 91' lang='lat' dir='ltr'><strong>et</strong></span> <span class='ocrx_word' id='word_1_8' title='bbox 372 645 407 702; x_wconf 86' lang='grc' dir='ltr'><strong>Φ.</strong></span> <span class='ocrx_word' id='word_1_9' title='bbox 433 635 508 702; x_wconf 80' lang='lat'><strong>583.</strong></span> 
     </span>
     <span class='ocr_line' id='line_1_4' title="bbox 516 736 1259 825; baseline 0.005 -19"><span class='ocrx_word' id='word_1_10' title='bbox 516 736 535 816; x_wconf 78' lang='grc' dir='ltr'><em>ἦ</em></span> <span class='ocrx_word' id='word_1_11' title='bbox 556 742 592 819; x_wconf 76' lang='grc' dir='ltr'><strong>δύ</strong></span> <span class='ocrx_word' id='word_1_12' title='bbox 617 765 675 807; x_wconf 83' lang='grc' dir='ltr'><strong>πον</strong></span> <span class='ocrx_word' id='word_1_13' title='bbox 697 742 779 820; x_wconf 85' lang='grc' dir='ltr'><strong><em>μάλ’</em></strong></span> <span class='ocrx_word' id='word_1_14' title='bbox 802 740 932 816; x_wconf 66' lang='lat' dir='ltr'><strong>dromas</strong></span> <span class='ocrx_word' id='word_1_15' title='bbox 954 780 995 792; x_wconf 91' lang='lat'>—</span> <span class='ocrx_word' id='word_1_16' title='bbox 1015 743 1106 808; x_wconf 85' lang='grc' dir='ltr'><strong><em>πάλιν</em></strong></span> <span class='ocrx_word' id='word_1_17' title='bbox 1129 743 1259 825; x_wconf 74' lang='grc' dir='ltr'><strong><em>πέρσειν.</em></strong></span> 
     </span>
     <span class='ocr_line' id='line_1_5' title="bbox 310 848 923 936; baseline 0.002 -23"><span class='ocrx_word' id='word_1_18' title='bbox 310 851 451 915; x_wconf 75' lang='lat' dir='ltr'><strong>revocari</strong></span> <span class='ocrx_word' id='word_1_19' title='bbox 472 853 590 936; x_wconf 88' lang='lat' dir='ltr'><strong>poterit</strong></span> <span class='ocrx_word' id='word_1_20' title='bbox 612 849 715 916; x_wconf 82' lang='lat' dir='ltr'><strong>formo</strong></span> <span class='ocrx_word' id='word_1_21' title='bbox 735 848 923 917; x_wconf 85' lang='lat' dir='ltr'><strong>Homerica:</strong></span> 
     </span>
     <span class='ocr_line' id='line_1_6' title="bbox 679 952 1101 1034; baseline -0.009 -12"><span class='ocrx_word' id='word_1_22' title='bbox 679 952 697 1031; x_wconf 74' lang='lat' dir='ltr'><strong>tl</strong></span> <span class='ocrx_word' id='word_1_23' title='bbox 719 955 814 1034; x_wconf 80' lang='grc' dir='ltr'><strong><em>μάλα</em></strong></span> <span class='ocrx_word' id='word_1_24' title='bbox 834 956 870 1030; x_wconf 70' lang='grc' dir='ltr'><strong>δή</strong></span> <span class='ocrx_word' id='word_1_25' title='bbox 894 979 923 1020; x_wconf 84' lang='lat' dir='ltr'><strong>rr</strong></span> <span class='ocrx_word' id='word_1_26' title='bbox 948 955 1101 1026; x_wconf 78' lang='grc' dir='ltr'><strong><em>εέσσλπας.</em></strong></span> 
     </span>
     <span class='ocr_line' id='line_1_7' title="bbox 357 1061 1500 1146; baseline 0 -18"><span class='ocrx_word' id='word_1_27' title='bbox 357 1061 494 1129; x_wconf 85' lang='lat' dir='ltr'><strong>Omnem</strong></span> <span class='ocrx_word' id='word_1_28' title='bbox 524 1062 745 1128; x_wconf 85' lang='lat' dir='ltr'><strong>huiuscemodi</strong></span> <span class='ocrx_word' id='word_1_29' title='bbox 773 1065 996 1129; x_wconf 75' lang='lat' dir='ltr'><strong>correctionem</strong></span> <span class='ocrx_word' id='word_1_30' title='bbox 1018 1063 1140 1146; x_wconf 80' lang='lat' dir='ltr'><strong>respuit</strong></span> <span class='ocrx_word' id='word_1_31' title='bbox 1162 1061 1339 1128; x_wconf 81' lang='lat' dir='ltr'><strong>versiculus</strong></span> <span class='ocrx_word' id='word_1_32' title='bbox 1363 1087 1393 1126; x_wconf 85' lang='grc' dir='ltr'><strong>ω.</strong></span> <span class='ocrx_word' id='word_1_33' title='bbox 1419 1061 1500 1129; x_wconf 84' lang='grc'>313.</span> 
     </span>
     <span class='ocr_line' id='line_1_8' title="bbox 493 1165 1313 1249; baseline -0.001 -16"><span class='ocrx_word' id='word_1_34' title='bbox 493 1169 584 1246; x_wconf 80' lang='grc' dir='ltr'><strong><em>ύνμὸι</em></strong></span> <span class='ocrx_word' id='word_1_35' title='bbox 609 1168 633 1234; x_wconf 80' lang='grc' dir='ltr'><strong>δ’</strong></span> <span class='ocrx_word' id='word_1_36' title='bbox 656 1166 700 1233; x_wconf 74' lang='grc' dir='ltr'><strong>ἔπι</strong></span> <span class='ocrx_word' id='word_1_37' title='bbox 725 1175 811 1233; x_wconf 74' lang='lat' dir='ltr'><strong>com</strong></span> <span class='ocrx_word' id='word_1_38' title='bbox 835 1169 970 1234; x_wconf 75' lang='grc' dir='ltr'><strong><em>ἒἙύλπει</em></strong></span> <span class='ocrx_word' id='word_1_39' title='bbox 991 1205 1033 1216; x_wconf 89' lang='grc'>-</span> <span class='ocrx_word' id='word_1_40' title='bbox 1053 1165 1197 1245; x_wconf 71' lang='grc' dir='ltr'><strong><em>μίξεσθαι</em></strong></span> <span class='ocrx_word' id='word_1_41' title='bbox 1222 1166 1313 1249; x_wconf 61' lang='grc' dir='ltr'><strong><em>ξενίῃ.</em></strong></span> 
     </span>
     <span class='ocr_line' id='line_1_9' title="bbox 312 1273 1503 1360; baseline 0 -20"><span class='ocrx_word' id='word_1_42' title='bbox 312 1273 367 1340; x_wconf 88' lang='lat' dir='ltr'><strong>sed</strong></span> <span class='ocrx_word' id='word_1_43' title='bbox 397 1295 435 1340; x_wconf 82' lang='lat' dir='ltr'><strong>es</strong></span> <span class='ocrx_word' id='word_1_44' title='bbox 463 1294 538 1360; x_wconf 86' lang='lat' dir='ltr'><strong>pers</strong></span> <span class='ocrx_word' id='word_1_45' title='bbox 568 1277 718 1340; x_wconf 77' lang='lat' dir='ltr'><strong>carminis</strong></span> <span class='ocrx_word' id='word_1_46' title='bbox 749 1273 882 1340; x_wconf 86' lang='lat' dir='ltr'><strong>conflata</strong></span> <span class='ocrx_word' id='word_1_47' title='bbox 905 1277 953 1339; x_wconf 91' lang='lat' dir='ltr'><strong>est</strong></span> <span class='ocrx_word' id='word_1_48' title='bbox 976 1293 1012 1338; x_wconf 89' lang='lat' dir='ltr'><strong>eo</strong></span> <span class='ocrx_word' id='word_1_49' title='bbox 1032 1277 1175 1357; x_wconf 92' lang='lat' dir='ltr'><strong>tempore</strong></span> <span class='ocrx_word' id='word_1_50' title='bbox 1197 1294 1299 1358; x_wconf 90' lang='lat' dir='ltr'><strong>quum</strong></span> <span class='ocrx_word' id='word_1_51' title='bbox 1320 1277 1424 1340; x_wconf 88' lang='lat' dir='ltr'><strong>omnis</strong></span> <span class='ocrx_word' id='word_1_52' title='bbox 1447 1281 1503 1340; x_wconf 83' lang='grc' dir='ltr'><strong>τσῦ</strong></span> 
     </span>
     <span class='ocr_line' id='line_1_10' title="bbox 313 1378 1445 1465; baseline 0 -21"><span class='ocrx_word' id='word_1_53' title='bbox 313 1380 466 1459; x_wconf 58' lang='lat' dir='ltr'><strong>strapas</strong></span> <span class='ocrx_word' id='word_1_54' title='bbox 489 1385 522 1446; x_wconf 91' lang='lat' dir='ltr'><strong>et</strong></span> <span class='ocrx_word' id='word_1_55' title='bbox 545 1401 621 1446; x_wconf 87' lang='lat' dir='ltr'><strong>usus</strong></span> <span class='ocrx_word' id='word_1_56' title='bbox 643 1387 675 1446; x_wconf 90' lang='lat' dir='ltr'><strong>et</strong></span> <span class='ocrx_word' id='word_1_57' title='bbox 697 1382 853 1446; x_wconf 87' lang='lat' dir='ltr'><strong>memoria</strong></span> <span class='ocrx_word' id='word_1_58' title='bbox 876 1379 969 1465; x_wconf 85' lang='lat' dir='ltr'><strong>plane</strong></span> <span class='ocrx_word' id='word_1_59' title='bbox 993 1383 1075 1444; x_wconf 86' lang='lat' dir='ltr'><strong>esset</strong></span> <span class='ocrx_word' id='word_1_60' title='bbox 1096 1378 1237 1444; x_wconf 86' lang='lat' dir='ltr'><strong>obsoleto</strong></span> <span class='ocrx_word' id='word_1_61' title='bbox 1260 1385 1292 1444; x_wconf 86' lang='lat' dir='ltr'><strong>et</strong></span> <span class='ocrx_word' id='word_1_62' title='bbox 1314 1378 1445 1444; x_wconf 75' lang='lat' dir='ltr'><strong>abolita.</strong></span> 
     </span>
     <span class='ocr_line' id='line_1_11' title="bbox 358 1483 1410 1571; baseline -0.002 -19"><span class='ocrx_word' id='word_1_63' title='bbox 358 1487 444 1554; x_wconf 80' lang='lat' dir='ltr'><strong>Leve</strong></span> <span class='ocrx_word' id='word_1_64' title='bbox 467 1487 621 1552; x_wconf 90' lang='lat' dir='ltr'><strong>mendum</strong></span> <span class='ocrx_word' id='word_1_65' title='bbox 643 1488 765 1552; x_wconf 89' lang='lat' dir='ltr'><strong>ineuris</strong></span> <span class='ocrx_word' id='word_1_66' title='bbox 788 1506 808 1551; x_wconf 88' lang='lat' dir='ltr'><strong>a</strong></span> <span class='ocrx_word' id='word_1_67' title='bbox 828 1485 974 1551; x_wconf 85' lang='lat' dir='ltr'><strong>Belrkero</strong></span> <span class='ocrx_word' id='word_1_68' title='bbox 996 1485 1180 1571; x_wconf 81' lang='lat' dir='ltr'><strong>neglectum</strong></span> <span class='ocrx_word' id='word_1_69' title='bbox 1200 1491 1249 1550; x_wconf 89' lang='lat' dir='ltr'><strong>est</strong></span> <span class='ocrx_word' id='word_1_70' title='bbox 1271 1494 1309 1550; x_wconf 87' lang='lat' dir='ltr'><strong>H.</strong></span> <span class='ocrx_word' id='word_1_71' title='bbox 1335 1483 1410 1550; x_wconf 83' lang='lat'>310.</span> 
     </span>
     <span class='ocr_line' id='line_1_12' title="bbox 700 1586 1105 1657; baseline 0 0"><span class='ocrx_word' id='word_1_72' title='bbox 700 1591 904 1657; x_wconf 76' lang='grc' dir='ltr'><strong><em>άελπτέινπει</em></strong></span> <span class='ocrx_word' id='word_1_73' title='bbox 928 1589 994 1656; x_wconf 85' lang='grc' dir='ltr'><strong><em>σύσν</em></strong></span> <span class='ocrx_word' id='word_1_74' title='bbox 1017 1586 1105 1657; x_wconf 81' lang='grc' dir='ltr'><strong><em>εἶναι.</em></strong></span> 
     </span>
     <span class='ocr_line' id='line_1_13' title="bbox 314 1695 1507 1787; baseline -0.002 -21"><span class='ocrx_word' id='word_1_75' title='bbox 314 1721 371 1787; x_wconf 91' lang='lat' dir='ltr'><strong>pro</strong></span> <span class='ocrx_word' id='word_1_76' title='bbox 394 1696 635 1772; x_wconf 73' lang='grc' dir='ltr'><strong><em>άἘελππὲοντες.</em></strong></span> <span class='ocrx_word' id='word_1_77' title='bbox 682 1697 733 1763; x_wconf 81' lang='lat' dir='ltr'><strong>Ex</strong></span> <span class='ocrx_word' id='word_1_78' title='bbox 761 1701 864 1784; x_wconf 86' lang='lat' dir='ltr'><strong>prisco</strong></span> <span class='ocrx_word' id='word_1_79' title='bbox 890 1697 1054 1774; x_wconf 73' lang='grc' dir='ltr'><strong><em>Ἐέλπιμαι</em></strong></span> <span class='ocrx_word' id='word_1_80' title='bbox 1077 1702 1189 1764; x_wconf 86' lang='lat' dir='ltr'><strong>natum</strong></span> <span class='ocrx_word' id='word_1_81' title='bbox 1214 1695 1507 1770; x_wconf 69' lang='grc' dir='ltr'>111άξελππιιθ1</span> 
     </span>
     <span class='ocr_line' id='line_1_14' title="bbox 314 1802 1507 1890; baseline -0.003 -15"><span class='ocrx_word' id='word_1_82' title='bbox 314 1804 495 1874; x_wconf 72' lang='grc' dir='ltr'><strong><em>άἙελπτέω.</em></strong></span> <span class='ocrx_word' id='word_1_83' title='bbox 544 1806 769 1890; x_wconf 84' lang='lat' dir='ltr'><strong>Antiquissimi</strong></span> <span class='ocrx_word' id='word_1_84' title='bbox 799 1810 870 1890; x_wconf 91' lang='lat' dir='ltr'><strong>post</strong></span> <span class='ocrx_word' id='word_1_85' title='bbox 899 1802 1079 1870; x_wconf 88' lang='lat' dir='ltr'><strong>Homerum</strong></span> <span class='ocrx_word' id='word_1_86' title='bbox 1102 1805 1195 1870; x_wconf 89' lang='lat' dir='ltr'><strong>Iones</strong></span> <span class='ocrx_word' id='word_1_87' title='bbox 1217 1805 1365 1870; x_wconf 86' lang='lat' dir='ltr'><strong>dicebant</strong></span> <span class='ocrx_word' id='word_1_88' title='bbox 1387 1810 1424 1870; x_wconf 90' lang='lat' dir='ltr'><strong>ut</strong></span> <span class='ocrx_word' id='word_1_89' title='bbox 1445 1805 1507 1871; x_wconf 91' lang='lat' dir='ltr'><strong>Ar-</strong></span> 
     </span>
     <span class='ocr_line' id='line_1_15' title="bbox 315 1907 1506 1994; baseline -0.003 -14"><span class='ocrx_word' id='word_1_90' title='bbox 315 1913 496 1980; x_wconf 83' lang='lat' dir='ltr'><strong>chilochus:</strong></span> <span class='ocrx_word' id='word_1_91' title='bbox 529 1911 700 1992; x_wconf 79' lang='grc' dir='ltr'><strong><em>χρνιμάτων</em></strong></span> <span class='ocrx_word' id='word_1_92' title='bbox 730 1907 867 1975; x_wconf 77' lang='grc' dir='ltr'><strong><em>άελππσν</em></strong></span> <span class='ocrx_word' id='word_1_93' title='bbox 900 1908 993 1975; x_wconf 75' lang='grc' dir='ltr'><strong><em>οὐδέν.</em></strong></span> <span class='ocrx_word' id='word_1_94' title='bbox 1025 1915 1058 1975; x_wconf 84' lang='lat' dir='ltr'><strong>et</strong></span> <span class='ocrx_word' id='word_1_95' title='bbox 1088 1907 1123 1986; x_wconf 76' lang='grc' dir='ltr'><strong>ἐξ</strong></span> <span class='ocrx_word' id='word_1_96' title='bbox 1151 1911 1303 1985; x_wconf 64' lang='lat' dir='ltr'><strong>tisserius</strong></span> <span class='ocrx_word' id='word_1_97' title='bbox 1329 1911 1448 1994; x_wconf 75' lang='grc' dir='ltr'><em>Φόβος,</em></span> <span class='ocrx_word' id='word_1_98' title='bbox 1473 1915 1506 1976; x_wconf 81' lang='lat' dir='ltr'><strong>et</strong></span> 
     </span>
     <span class='ocr_line' id='line_1_16' title="bbox 315 2009 1503 2097; baseline -0.002 -13"><span class='ocrx_word' id='word_1_99' title='bbox 315 2019 497 2084; x_wconf 85' lang='lat' dir='ltr'><strong>Herodotus</strong></span> <span class='ocrx_word' id='word_1_100' title='bbox 527 2015 596 2081; x_wconf 85' lang='lat' dir='ltr'><strong>VII.</strong></span> <span class='ocrx_word' id='word_1_101' title='bbox 623 2015 698 2080; x_wconf 84' lang='lat'><strong>168.</strong></span> <span class='ocrx_word' id='word_1_102' title='bbox 729 2016 937 2089; x_wconf 68' lang='grc' dir='ltr'><strong>ἀελπτέοντες</strong></span> <span class='ocrx_word' id='word_1_103' title='bbox 969 2014 1039 2087; x_wconf 77' lang='grc' dir='ltr'><strong>τοὺς</strong></span> <span class='ocrx_word' id='word_1_104' title='bbox 1060 2012 1220 2091; x_wconf 75' lang='grc' dir='ltr'><strong><em>Ἕλληνας</em></strong></span> <span class='ocrx_word' id='word_1_105' title='bbox 1244 2009 1503 2097; x_wconf 71' lang='grc' dir='ltr'><strong><em>ὑπερβαλέεσθαι.</em></strong></span> 
     </span>
     <span class='ocr_line' id='line_1_17' title="bbox 315 2121 1507 2211; baseline 0 -22"><span class='ocrx_word' id='word_1_106' title='bbox 315 2124 352 2189; x_wconf 89' lang='lat' dir='ltr'><strong>ln</strong></span> <span class='ocrx_word' id='word_1_107' title='bbox 374 2123 511 2189; x_wconf 86' lang='lat' dir='ltr'><strong>Homeri</strong></span> <span class='ocrx_word' id='word_1_108' title='bbox 532 2121 623 2187; x_wconf 88' lang='lat' dir='ltr'><strong>libris</strong></span> <span class='ocrx_word' id='word_1_109' title='bbox 645 2122 886 2189; x_wconf 86' lang='lat' dir='ltr'><strong>mendosissime</strong></span> <span class='ocrx_word' id='word_1_110' title='bbox 909 2122 1030 2211; x_wconf 76' lang='lat' dir='ltr'><strong>legitur</strong></span> <span class='ocrx_word' id='word_1_111' title='bbox 1053 2122 1250 2196; x_wconf 71' lang='grc' dir='ltr'><strong><em>άελπέωντες.</em></strong></span> <span class='ocrx_word' id='word_1_112' title='bbox 1297 2121 1385 2189; x_wconf 91' lang='lat' dir='ltr'><strong>Olim</strong></span> <span class='ocrx_word' id='word_1_113' title='bbox 1406 2124 1507 2210; x_wconf 79' lang='lat' dir='ltr'><strong>probs</strong></span> 
     </span>
     <span class='ocr_line' id='line_1_18' title="bbox 316 2226 1336 2316; baseline -0.001 -20"><span class='ocrx_word' id='word_1_114' title='bbox 316 2232 420 2298; x_wconf 78' lang='lat' dir='ltr'><strong>forma</strong></span> <span class='ocrx_word' id='word_1_115' title='bbox 440 2230 578 2316; x_wconf 75' lang='lat' dir='ltr'><strong>reposita</strong></span> <span class='ocrx_word' id='word_1_116' title='bbox 600 2229 724 2294; x_wconf 83' lang='lat' dir='ltr'><strong>estred</strong></span> <span class='ocrx_word' id='word_1_117' title='bbox 747 2228 885 2293; x_wconf 86' lang='lat' dir='ltr'><strong>habebat</strong></span> <span class='ocrx_word' id='word_1_118' title='bbox 906 2229 1073 2316; x_wconf 79' lang='lat' dir='ltr'><strong>digamma</strong></span> <span class='ocrx_word' id='word_1_119' title='bbox 1095 2226 1336 2304; x_wconf 70' lang='grc' dir='ltr'><strong><em>άἘελπτὲονπες.</em></strong></span> 
     </span>
    </p>
   </div>
   <div class='ocr_carea' id='block_1_3' title="bbox 878 2537 948 2606">
    <p class='ocr_par' dir='ltr' id='par_1_3' title="bbox 878 2537 948 2606">
     <span class='ocr_line' id='line_1_19' title="bbox 878 2537 948 2606; baseline 0.029 -2"><span class='ocrx_word' id='word_1_120' title='bbox 878 2537 948 2606; x_wconf 82' lang='lat' dir='ltr'><strong>LX.</strong></span> 
     </span>
    </p>
   </div>
   <div class='ocr_carea' id='block_1_4' title="bbox 317 2745 1510 4538">
    <p class='ocr_par' dir='ltr' id='par_1_4' title="bbox 317 2745 1510 3142">
     <span class='ocr_line' id='line_1_20' title="bbox 362 2745 1510 2835; baseline 0.002 -18"><span class='ocrx_word' id='word_1_121' title='bbox 362 2752 401 2818; x_wconf 90' lang='lat' dir='ltr'><strong>ln</strong></span> <span class='ocrx_word' id='word_1_122' title='bbox 428 2747 497 2815; x_wconf 92' lang='lat' dir='ltr'><strong>looo</strong></span> <span class='ocrx_word' id='word_1_123' title='bbox 526 2746 644 2814; x_wconf 83' lang='lat' dir='ltr'><strong>Iliedos</strong></span> <span class='ocrx_word' id='word_1_124' title='bbox 676 2753 714 2813; x_wconf 92' lang='lat'><strong>0.</strong></span> <span class='ocrx_word' id='word_1_125' title='bbox 749 2745 818 2826; x_wconf 64' lang='lat'><strong>69„</strong></span> <span class='ocrx_word' id='word_1_126' title='bbox 851 2769 948 2834; x_wconf 92' lang='lat' dir='ltr'><strong>quem</strong></span> <span class='ocrx_word' id='word_1_127' title='bbox 980 2747 1183 2816; x_wconf 76' lang='lat' dir='ltr'><strong>Aristarchus</strong></span> <span class='ocrx_word' id='word_1_128' title='bbox 1212 2751 1359 2835; x_wconf 89' lang='lat' dir='ltr'><strong>spurium</strong></span> <span class='ocrx_word' id='word_1_129' title='bbox 1382 2772 1450 2818; x_wconf 89' lang='lat' dir='ltr'><strong>esse</strong></span> <span class='ocrx_word' id='word_1_130' title='bbox 1474 2758 1510 2819; x_wconf 89' lang='lat' dir='ltr'><strong>et</strong></span> 
     </span>
     <span class='ocr_line' id='line_1_21' title="bbox 318 2854 1510 2943; baseline 0.003 -23"><span class='ocrx_word' id='word_1_131' title='bbox 318 2854 623 2941; x_wconf 65' lang='grc' dir='ltr'><strong><em>παρεμβεβλημὲνσν</em></strong></span> <span class='ocrx_word' id='word_1_132' title='bbox 645 2855 776 2920; x_wconf 83' lang='lat' dir='ltr'><strong>invictis</strong></span> <span class='ocrx_word' id='word_1_133' title='bbox 799 2857 999 2943; x_wconf 79' lang='lat' dir='ltr'><strong>argumentis</strong></span> <span class='ocrx_word' id='word_1_134' title='bbox 1021 2856 1268 2934; x_wconf 83' lang='lat' dir='ltr'><strong>demonstravit,</strong></span> <span class='ocrx_word' id='word_1_135' title='bbox 1292 2858 1355 2923; x_wconf 92' lang='lat' dir='ltr'><strong>duo</strong></span> <span class='ocrx_word' id='word_1_136' title='bbox 1377 2857 1510 2925; x_wconf 84' lang='lat' dir='ltr'><strong>latitant</strong></span> 
     </span>
     <span class='ocr_line' id='line_1_22' title="bbox 318 2959 1510 3048; baseline -0.003 -14"><span class='ocrx_word' id='word_1_137' title='bbox 318 2963 436 3034; x_wconf 85' lang='lat' dir='ltr'><strong>menda</strong></span> <span class='ocrx_word' id='word_1_138' title='bbox 465 2980 528 3028; x_wconf 89' lang='lat' dir='ltr'><strong>non</strong></span> <span class='ocrx_word' id='word_1_139' title='bbox 558 2960 597 3026; x_wconf 88' lang='lat' dir='ltr'><strong>ab</strong></span> <span class='ocrx_word' id='word_1_140' title='bbox 626 2959 851 3046; x_wconf 77' lang='lat' dir='ltr'><strong>interpolatore</strong></span> <span class='ocrx_word' id='word_1_141' title='bbox 879 2961 934 3028; x_wconf 86' lang='lat' dir='ltr'><strong>sed</strong></span> <span class='ocrx_word' id='word_1_142' title='bbox 965 2981 984 3026; x_wconf 85' lang='lat' dir='ltr'><strong>s</strong></span> <span class='ocrx_word' id='word_1_143' title='bbox 1013 2962 1126 3027; x_wconf 87' lang='lat' dir='ltr'><strong>scribis</strong></span> <span class='ocrx_word' id='word_1_144' title='bbox 1156 2962 1306 3048; x_wconf 83' lang='lat' dir='ltr'><strong>profecta.</strong></span> <span class='ocrx_word' id='word_1_145' title='bbox 1353 2963 1448 3030; x_wconf 90' lang='lat' dir='ltr'><strong>Prius</strong></span> <span class='ocrx_word' id='word_1_146' title='bbox 1472 2968 1510 3032; x_wconf 93' lang='lat' dir='ltr'><strong>in</strong></span> 
     </span>
     <span class='ocr_line' id='line_1_23' title="bbox 317 3069 445 3142; baseline -0.055 0"><span class='ocrx_word' id='word_1_147' title='bbox 317 3092 366 3142; x_wconf 84' lang='lat' dir='ltr'><strong>vs.</strong></span> <span class='ocrx_word' id='word_1_148' title='bbox 390 3069 445 3136; x_wconf 85' lang='grc'><strong>69.</strong></span> 
     </span>
    </p>

    <p class='ocr_par' dir='ltr' id='par_1_5' title="bbox 318 3170 1374 3673">
     <span class='ocr_line' id='line_1_24' title="bbox 499 3170 1306 3253; baseline 0.001 -15"><span class='ocrx_word' id='word_1_149' title='bbox 499 3173 535 3238; x_wconf 73' lang='grc' dir='ltr'><strong>ἐκ</strong></span> <span class='ocrx_word' id='word_1_150' title='bbox 556 3176 610 3238; x_wconf 81' lang='grc' dir='ltr'><strong>ποῦ</strong></span> <span class='ocrx_word' id='word_1_151' title='bbox 634 3172 659 3238; x_wconf 80' lang='grc' dir='ltr'><strong>δ’</strong></span> <span class='ocrx_word' id='word_1_152' title='bbox 681 3170 720 3237; x_wconf 89' lang='grc' dir='ltr'><strong>άν</strong></span> <span class='ocrx_word' id='word_1_153' title='bbox 742 3196 788 3238; x_wconf 82' lang='grc' dir='ltr'><strong>ποι</strong></span> <span class='ocrx_word' id='word_1_154' title='bbox 812 3170 921 3238; x_wconf 79' lang='grc' dir='ltr'><strong><em>ἔπειτα</em></strong></span> <span class='ocrx_word' id='word_1_155' title='bbox 944 3170 1094 3249; x_wconf 72' lang='grc' dir='ltr'><strong><em>παλίωξιν</em></strong></span> <span class='ocrx_word' id='word_1_156' title='bbox 1119 3173 1207 3253; x_wconf 75' lang='grc' dir='ltr'><strong><em>παρά</em></strong></span> <span class='ocrx_word' id='word_1_157' title='bbox 1231 3180 1306 3250; x_wconf 76' lang='grc' dir='ltr'><strong><em>νηῶν</em></strong></span> 
     </span>
     <span class='ocr_line' id='line_1_25' title="bbox 500 3276 1013 3360; baseline 0.002 -17"><span class='ocrx_word' id='word_1_158' title='bbox 500 3279 564 3343; x_wconf 73' lang='grc' dir='ltr'><strong><em>αἰὲν</em></strong></span> <span class='ocrx_word' id='word_1_159' title='bbox 584 3279 645 3356; x_wconf 76' lang='grc' dir='ltr'><strong>ἐγὼ</strong></span> <span class='ocrx_word' id='word_1_160' title='bbox 668 3276 814 3360; x_wconf 77' lang='grc' dir='ltr'><strong><em>τεύχοιμι</em></strong></span> <span class='ocrx_word' id='word_1_161' title='bbox 835 3279 1013 3360; x_wconf 74' lang='grc' dir='ltr'><strong><em>διαμπερές.</em></strong></span> 
     </span>
     <span class='ocr_line' id='line_1_26' title="bbox 318 3381 659 3457; baseline -0.029 0"><span class='ocrx_word' id='word_1_162' title='bbox 318 3391 455 3457; x_wconf 85' lang='lat' dir='ltr'><strong>alterum</strong></span> <span class='ocrx_word' id='word_1_163' title='bbox 477 3389 511 3452; x_wconf 93' lang='lat' dir='ltr'><strong>in</strong></span> <span class='ocrx_word' id='word_1_164' title='bbox 534 3405 582 3453; x_wconf 84' lang='lat' dir='ltr'><strong>vs.</strong></span> <span class='ocrx_word' id='word_1_165' title='bbox 607 3381 659 3453; x_wconf 82' lang='lat'><strong>72.</strong></span> 
     </span>
     <span class='ocr_line' id='line_1_27' title="bbox 431 3481 1374 3573; baseline -0.004 -14"><span class='ocrx_word' id='word_1_166' title='bbox 431 3493 466 3559; x_wconf 76' lang='grc' dir='ltr'><strong>πὸ</strong></span> <span class='ocrx_word' id='word_1_167' title='bbox 490 3491 558 3573; x_wconf 78' lang='grc' dir='ltr'><strong><em>πρὶν</em></strong></span> <span class='ocrx_word' id='word_1_168' title='bbox 582 3490 610 3555; x_wconf 73' lang='grc' dir='ltr'><strong>δ’</strong></span> <span class='ocrx_word' id='word_1_169' title='bbox 633 3489 696 3556; x_wconf 58' lang='lat' dir='ltr'><strong>erl?</strong></span> <span class='ocrx_word' id='word_1_170' title='bbox 718 3485 766 3570; x_wconf 80' lang='grc' dir='ltr'><strong>άρ’</strong></span> <span class='ocrx_word' id='word_1_171' title='bbox 791 3489 851 3568; x_wconf 74' lang='grc' dir='ltr'><strong>ἐγὼ</strong></span> <span class='ocrx_word' id='word_1_172' title='bbox 873 3481 973 3554; x_wconf 81' lang='grc' dir='ltr'><strong><em>παύω“</em></strong></span> <span class='ocrx_word' id='word_1_173' title='bbox 987 3487 1081 3570; x_wconf 78' lang='grc' dir='ltr'><strong><em>χάλιν</em></strong></span> <span class='ocrx_word' id='word_1_174' title='bbox 1105 3489 1175 3556; x_wconf 76' lang='lat' dir='ltr'><strong>orire</strong></span> <span class='ocrx_word' id='word_1_175' title='bbox 1198 3493 1254 3555; x_wconf 79' lang='grc' dir='ltr'><strong><em>τιν’</em></strong></span> <span class='ocrx_word' id='word_1_176' title='bbox 1277 3488 1374 3557; x_wconf 79' lang='grc' dir='ltr'><strong><em>άλλον</em></strong></span> 
     </span>
     <span class='ocr_line' id='line_1_28' title="bbox 433 3593 1204 3673; baseline -0.003 -8"><span class='ocrx_word' id='word_1_177' title='bbox 433 3597 595 3665; x_wconf 85' lang='grc' dir='ltr'><strong><em>άύανάπων</em></strong></span> <span class='ocrx_word' id='word_1_178' title='bbox 618 3604 784 3664; x_wconf 79' lang='grc' dir='ltr'><strong><em>Δαναοῖσιν</em></strong></span> <span class='ocrx_word' id='word_1_179' title='bbox 807 3594 964 3673; x_wconf 73' lang='grc' dir='ltr'><strong><em>ἀμυνέμεν</em></strong></span> <span class='ocrx_word' id='word_1_180' title='bbox 988 3593 1086 3660; x_wconf 74' lang='grc' dir='ltr'><strong><em>ἐνθάδ’</em></strong></span> <span class='ocrx_word' id='word_1_181' title='bbox 1109 3593 1204 3663; x_wconf 72' lang='grc' dir='ltr'><strong><em>ἐάσω.</em></strong></span> 
     </span>
    </p>

    <p class='ocr_par' dir='ltr' id='par_1_6' title="bbox 318 3699 1510 4538">
     <span class='ocr_line' id='line_1_29' title="bbox 363 3699 1510 3793; baseline -0.003 -19"><span class='ocrx_word' id='word_1_182' title='bbox 363 3707 490 3793; x_wconf 86' lang='lat' dir='ltr'><strong>Jupiter</strong></span> <span class='ocrx_word' id='word_1_183' title='bbox 519 3702 699 3768; x_wconf 83' lang='lat' dir='ltr'><strong>futurarum</strong></span> <span class='ocrx_word' id='word_1_184' title='bbox 732 3722 839 3768; x_wconf 84' lang='lat' dir='ltr'><strong>rerum</strong></span> <span class='ocrx_word' id='word_1_185' title='bbox 861 3703 986 3766; x_wconf 86' lang='lat' dir='ltr'><strong>exitum</strong></span> <span class='ocrx_word' id='word_1_186' title='bbox 1007 3699 1138 3787; x_wconf 77' lang='lat' dir='ltr'><strong>pandit:</strong></span> <span class='ocrx_word' id='word_1_187' title='bbox 1163 3721 1219 3766; x_wconf 89' lang='lat' dir='ltr'><strong>cur</strong></span> <span class='ocrx_word' id='word_1_188' title='bbox 1242 3723 1318 3790; x_wconf 76' lang='lat' dir='ltr'><strong>ergo</strong></span> <span class='ocrx_word' id='word_1_189' title='bbox 1340 3723 1403 3770; x_wconf 92' lang='lat' dir='ltr'><strong>non</strong></span> <span class='ocrx_word' id='word_1_190' title='bbox 1423 3703 1510 3770; x_wconf 85' lang='lat' dir='ltr'><strong>dixit</strong></span> 
     </span>
     <span class='ocr_line' id='line_1_30' title="bbox 319 3805 1508 3893; baseline -0.003 -15"><span class='ocrx_word' id='word_1_191' title='bbox 319 3813 435 3882; x_wconf 69' lang='grc' dir='ltr'><strong><em>παύοω</em></strong></span> <span class='ocrx_word' id='word_1_192' title='bbox 462 3805 579 3890; x_wconf 67' lang='grc' dir='ltr'><strong><em>χύλωῩ</em></strong></span> <span class='ocrx_word' id='word_1_193' title='bbox 612 3807 739 3874; x_wconf 86' lang='lat' dir='ltr'><strong>Diserte</strong></span> <span class='ocrx_word' id='word_1_194' title='bbox 772 3806 948 3873; x_wconf 72' lang='lat' dir='ltr'><strong>Aristarchi</strong></span> <span class='ocrx_word' id='word_1_195' title='bbox 977 3808 1162 3872; x_wconf 90' lang='lat' dir='ltr'><strong>testimonio</strong></span> <span class='ocrx_word' id='word_1_196' title='bbox 1188 3808 1381 3893; x_wconf 87' lang='lat' dir='ltr'><strong>retinemur,</strong></span> <span class='ocrx_word' id='word_1_197' title='bbox 1412 3808 1508 3883; x_wconf 75' lang='grc' dir='ltr'><strong><em>οὕτως</em></strong></span> 
     </span>
     <span class='ocr_line' id='line_1_31' title="bbox 318 3910 1508 4003; baseline -0.003 -20"><span class='ocrx_word' id='word_1_198' title='bbox 318 3919 503 4003; x_wconf 72' lang='grc' dir='ltr'><strong><em>’Λρίςαρχοι</em></strong></span> <span class='ocrx_word' id='word_1_199' title='bbox 531 3915 625 3996; x_wconf 74' lang='grc' dir='ltr'><strong><em>χωρὶς</em></strong></span> <span class='ocrx_word' id='word_1_200' title='bbox 656 3919 709 3980; x_wconf 78' lang='grc' dir='ltr'><strong>τοῦ</strong></span> <span class='ocrx_word' id='word_1_201' title='bbox 735 3923 758 3979; x_wconf 89' lang='lat' dir='ltr'>C</span> <span class='ocrx_word' id='word_1_202' title='bbox 787 3911 909 3978; x_wconf 88' lang='grc' dir='ltr'><strong><em>πιιύω.</em></strong></span> <span class='ocrx_word' id='word_1_203' title='bbox 957 3910 1021 3978; x_wconf 78' lang='lat' dir='ltr'><strong>Sed</strong></span> <span class='ocrx_word' id='word_1_204' title='bbox 1043 3917 1152 3978; x_wconf 89' lang='lat' dir='ltr'><strong>tamen</strong></span> <span class='ocrx_word' id='word_1_205' title='bbox 1175 3916 1347 3993; x_wconf 88' lang='lat' dir='ltr'><strong>sententie,</strong></span> <span class='ocrx_word' id='word_1_206' title='bbox 1371 3913 1508 4000; x_wconf 83' lang='lat' dir='ltr'><strong>dixeris,</strong></span> 
     </span>
     <span class='ocr_line' id='line_1_32' title="bbox 319 4017 1510 4109; baseline -0.006 -16"><span class='ocrx_word' id='word_1_207' title='bbox 319 4029 464 4094; x_wconf 90' lang='lat' dir='ltr'><strong>futurum</strong></span> <span class='ocrx_word' id='word_1_208' title='bbox 487 4021 628 4109; x_wconf 86' lang='lat' dir='ltr'><strong>postulat</strong></span> <span class='ocrx_word' id='word_1_209' title='bbox 646 4027 684 4086; x_wconf 89' lang='grc'><strong>11</strong></span> <span class='ocrx_word' id='word_1_210' title='bbox 706 4022 817 4086; x_wconf 88' lang='lat' dir='ltr'><strong>statim</strong></span> <span class='ocrx_word' id='word_1_211' title='bbox 836 4017 905 4085; x_wconf 83' lang='grc' dir='ltr'><strong><em>οὔτε</em></strong></span> <span class='ocrx_word' id='word_1_212' title='bbox 926 4017 1017 4084; x_wconf 78' lang='grc' dir='ltr'><strong><em>ἐάσω.</em></strong></span> <span class='ocrx_word' id='word_1_213' title='bbox 1048 4017 1208 4086; x_wconf 87' lang='lat' dir='ltr'><strong>Memores</strong></span> <span class='ocrx_word' id='word_1_214' title='bbox 1228 4019 1416 4088; x_wconf 81' lang='lat' dir='ltr'><strong>Homericae</strong></span> <span class='ocrx_word' id='word_1_215' title='bbox 1434 4041 1510 4088; x_wconf 92' lang='lat' dir='ltr'><strong>con-</strong></span> 
     </span>
     <span class='ocr_line' id='line_1_33' title="bbox 321 4123 1509 4220; baseline -0.008 -21"><span class='ocrx_word' id='word_1_216' title='bbox 321 4132 498 4220; x_wconf 85' lang='lat' dir='ltr'><strong>suetudinis</strong></span> <span class='ocrx_word' id='word_1_217' title='bbox 530 4128 755 4194; x_wconf 87' lang='lat' dir='ltr'><strong>rescribemus:</strong></span> <span class='ocrx_word' id='word_1_218' title='bbox 787 4127 851 4193; x_wconf 80' lang='lat' dir='ltr'><strong>edr&#39;</strong></span> <span class='ocrx_word' id='word_1_219' title='bbox 873 4124 947 4194; x_wconf 71' lang='lat' dir='ltr'><strong>*AN</strong></span> <span class='ocrx_word' id='word_1_220' title='bbox 974 4127 1035 4204; x_wconf 73' lang='grc' dir='ltr'><strong>ἐγὼ</strong></span> <span class='ocrx_word' id='word_1_221' title='bbox 1060 4124 1150 4192; x_wconf 83' lang='grc' dir='ltr'><strong><em>παύω</em></strong></span> <span class='ocrx_word' id='word_1_222' title='bbox 1174 4123 1286 4211; x_wconf 75' lang='grc' dir='ltr'><strong><em>χόλον,</em></strong></span> <span class='ocrx_word' id='word_1_223' title='bbox 1308 4147 1446 4213; x_wconf 89' lang='lat' dir='ltr'><strong>namque</strong></span> <span class='ocrx_word' id='word_1_224' title='bbox 1469 4124 1509 4192; x_wconf 78' lang='grc' dir='ltr'><strong>άν</strong></span> 
     </span>
     <span class='ocr_line' id='line_1_34' title="bbox 323 4227 1510 4315; baseline -0.006 -10"><span class='ocrx_word' id='word_1_225' title='bbox 323 4239 411 4306; x_wconf 83' lang='grc' dir='ltr'><strong><em>παύω</em></strong></span> <span class='ocrx_word' id='word_1_226' title='bbox 444 4239 492 4302; x_wconf 85' lang='lat' dir='ltr'><strong>est</strong></span> <span class='ocrx_word' id='word_1_227' title='bbox 521 4235 649 4312; x_wconf 89' lang='grc' dir='ltr'><strong><em>παύσω,</em></strong></span> <span class='ocrx_word' id='word_1_228' title='bbox 674 4239 712 4298; x_wconf 90' lang='lat' dir='ltr'><strong>ut</strong></span> <span class='ocrx_word' id='word_1_229' title='bbox 735 4233 797 4312; x_wconf 76' lang='grc' dir='ltr'><strong>ἐγὼ</strong></span> <span class='ocrx_word' id='word_1_230' title='bbox 818 4229 851 4299; x_wconf 73' lang='grc' dir='ltr'><strong>δέ</strong></span> <span class='ocrx_word' id='word_1_231' title='bbox 874 4229 904 4297; x_wconf 87' lang='grc' dir='ltr'><strong>κ’</strong></span> <span class='ocrx_word' id='word_1_232' title='bbox 929 4230 998 4309; x_wconf 68' lang='lat' dir='ltr'><strong>atys</strong></span> <span class='ocrx_word' id='word_1_233' title='bbox 1024 4238 1073 4298; x_wconf 85' lang='lat' dir='ltr'><strong>est</strong></span> <span class='ocrx_word' id='word_1_234' title='bbox 1094 4231 1155 4309; x_wconf 67' lang='lat' dir='ltr'><strong>lys</strong></span> <span class='ocrx_word' id='word_1_235' title='bbox 1179 4230 1205 4295; x_wconf 76' lang='grc' dir='ltr'><strong>δ’</strong></span> <span class='ocrx_word' id='word_1_236' title='bbox 1229 4227 1312 4315; x_wconf 90' lang='grc' dir='ltr'><strong><em>άξω,</em></strong></span> <span class='ocrx_word' id='word_1_237' title='bbox 1335 4239 1368 4300; x_wconf 84' lang='lat' dir='ltr'><strong>et</strong></span> <span class='ocrx_word' id='word_1_238' title='bbox 1392 4233 1453 4312; x_wconf 75' lang='grc' dir='ltr'><strong>ἐγὼ</strong></span> <span class='ocrx_word' id='word_1_239' title='bbox 1476 4231 1510 4298; x_wconf 72' lang='grc' dir='ltr'><strong>δέ</strong></span> 
     </span>
     <span class='ocr_line' id='line_1_35' title="bbox 323 4337 1510 4423; baseline -0.006 -10"><span class='ocrx_word' id='word_1_240' title='bbox 323 4348 356 4413; x_wconf 78' lang='grc' dir='ltr'><strong>κέ</strong></span> <span class='ocrx_word' id='word_1_241' title='bbox 380 4367 425 4410; x_wconf 82' lang='grc' dir='ltr'><strong>ποι</strong></span> <span class='ocrx_word' id='word_1_242' title='bbox 447 4342 527 4410; x_wconf 78' lang='grc' dir='ltr'><strong><em>ειδέω</em></strong></span> <span class='ocrx_word' id='word_1_243' title='bbox 550 4340 643 4421; x_wconf 77' lang='grc' dir='ltr'><strong><em>χάριν</em></strong></span> <span class='ocrx_word' id='word_1_244' title='bbox 668 4343 716 4406; x_wconf 87' lang='lat' dir='ltr'><strong>est</strong></span> <span class='ocrx_word' id='word_1_245' title='bbox 739 4340 799 4418; x_wconf 70' lang='grc' dir='ltr'><strong>ἐγὼ</strong></span> <span class='ocrx_word' id='word_1_246' title='bbox 822 4338 855 4404; x_wconf 71' lang='lat' dir='ltr'><strong>st</strong></span> <span class='ocrx_word' id='word_1_247' title='bbox 877 4360 922 4402; x_wconf 86' lang='grc' dir='ltr'><strong>σιι</strong></span> <span class='ocrx_word' id='word_1_248' title='bbox 945 4337 1039 4418; x_wconf 76' lang='grc' dir='ltr'><strong><em>χάριν</em></strong></span> <span class='ocrx_word' id='word_1_249' title='bbox 1061 4337 1203 4414; x_wconf 78' lang='grc' dir='ltr'><strong><em>εἴσομαι,</em></strong></span> <span class='ocrx_word' id='word_1_250' title='bbox 1228 4342 1261 4402; x_wconf 82' lang='lat' dir='ltr'><strong>st</strong></span> <span class='ocrx_word' id='word_1_251' title='bbox 1285 4342 1403 4423; x_wconf 86' lang='lat' dir='ltr'><strong>passim</strong></span> <span class='ocrx_word' id='word_1_252' title='bbox 1427 4341 1510 4407; x_wconf 86' lang='lat' dir='ltr'><strong>eius-</strong></span> 
     </span>
     <span class='ocr_line' id='line_1_36' title="bbox 322 4444 943 4538; baseline -0.018 -19"><span class='ocrx_word' id='word_1_253' title='bbox 322 4454 396 4520; x_wconf 92' lang='lat' dir='ltr'><strong>dem</strong></span> <span class='ocrx_word' id='word_1_254' title='bbox 419 4453 588 4538; x_wconf 81' lang='lat' dir='ltr'><strong>syntaxeos</strong></span> <span class='ocrx_word' id='word_1_255' title='bbox 610 4444 757 4530; x_wconf 87' lang='lat' dir='ltr'><strong>exemple</strong></span> <span class='ocrx_word' id='word_1_256' title='bbox 778 4444 943 4532; x_wconf 77' lang='lat' dir='ltr'><strong>leguntur.</strong></span> 
     </span>
    </p>
   </div>
   <div class='ocr_carea' id='block_1_5' title="bbox 0 0 1714 5186">
    <p class='ocr_par' dir='ltr' id='par_1_7' title="bbox 0 0 1714 5186">
     <span class='ocr_line' id='line_1_37' title="bbox 0 0 1714 5186; baseline 0 0"><span class='ocrx_word' id='word_1_257' title='bbox 0 0 1714 5186; x_wconf 95' lang='lat' dir='ltr'><strong> </strong></span> 
     </span>
    </p>
   </div>
  </div>
 </body>
</html>
