3232 5176
740 393 781 462 97

156 585 253 648 inest
275 585 309 648 in
332 584 453 648 verbis:
485 581 758 659 ἀπολαμβάνοντα
789 583 872 656 ἐντὸς
904 582 946 648 τοὶ
970 584 1043 660 πρὸς
1066 592 1104 662 τῇ
1127 583 1356 665 Πελοποννήσῳ.

158 689 345 772 Interpres:
375 689 477 764 „intra
499 694 608 752 coercet
620 697 724 772 partes
744 708 785 754 sn
809 706 1058 754 rruoeounasmr
1076 687 1176 752 οἱονεί
1207 688 1359 756 Fideliter

159 797 270 858 vertit
292 791 426 870 Graeca;
459 793 493 858 id
522 796 628 878 ipsum
654 795 739 858 enim
763 793 921 882 significat
945 797 988 858 rab
1012 803 1120 860 ssPOc
1144 803 1183 872 τῇ
1207 804 1359 858 Πελοπον-

161 900 269 982 νήσῳ,
299 899 353 965 sed
384 919 510 984 prorsus
539 899 573 964 id
603 899 743 964 alienum
773 907 821 964 est
851 920 870 964 a
902 898 1064 966 Strabonis
1095 901 1266 974 sententia,
1303 901 1358 984 qui

161 1009 296 1074 dixerat
317 1005 368 1070 τῶν
392 1004 496 1078 ίοίμίν
523 1009 628 1068 τοῦτον
657 1007 690 1069 in
721 1025 754 1069 se
784 1007 942 1071 continere
975 1011 1089 1070 tertiam
1119 1004 1358 1090 paeninsulam,

159 1113 202 1178 id
231 1119 281 1177 est
310 1109 578 1193 Peloponnesum.
610 1109 825 1196 Megaridem,
858 1112 1015 1178 Atticam.
1049 1109 1227 1176 Bouomau.
1275 1109 1359 1190 Quid

159 1213 292 1303 igitur?
326 1213 481 1300 Exporge
516 1215 594 1279 duas
631 1214 775 1278 litorales
811 1220 843 1280 et
885 1219 992 1281 omnia
1026 1215 1188 1280 habebunt
1222 1217 1355 1300 optime.

160 1321 284 1388 Deleto
311 1319 444 1386 arficulo
471 1318 514 1382 τοὶ
544 1320 762 1384 scribendum:
799 1319 1072 1396 οὲπολαμβίνοντα
1097 1319 1179 1390 ἐντὸς
1210 1320 1282 1396 mode
1317 1329 1357 1401 τῇ

161 1428 387 1504 Πελοποννήσῳ
410 1427 464 1496 τήν
493 1448 526 1487 τε
553 1424 718 1502 Μεγαρίδα
743 1425 794 1488 καὶ
819 1426 873 1498 τὴν
904 1425 1068 1499 Ἀττικήν,
1094 1425 1128 1488 id
1151 1431 1216 1490 est:
1243 1442 1358 1501 „PRAE-

160 1552 232 1599 'rua
262 1532 491 1614 Peloponnesum
522 1553 624 1613 aprum
655 1531 858 1611 Μοραοοαοονα
885 1552 998 1616 qaoque
1028 1537 1057 1594 ct
1086 1528 1260 1595 Atticam.”
1305 1527 1358 1594 Sic

159 1639 273 1704 omnis
296 1642 343 1700 est
365 1636 491 1701 sublata
513 1635 692 1700 difficultas.

214 1742 365 1828 Superest
391 1739 521 1816 lacuna,
553 1760 650 1824 quam
681 1739 769 1807 nullo
791 1742 919 1827 negotio
943 1745 1028 1806 certo
1051 1739 1272 1826 supplemento
1295 1759 1359 1808 sar·

159 1851 232 1914 circ
255 1848 354 1932 possis
376 1848 536 1930 optimum
558 1845 689 1920 ducem,
714 1844 902 1911 Strabonem
923 1849 1049 1930 ipsum,
1074 1850 1210 1910 secutus.
1244 1844 1358 1912 Strabo

159 1957 253 2018 enim
275 1950 543 2036 quemadmodum
567 1970 640 2038 pag.
667 1949 741 2016 595.
768 1950 893 2016 scribit:
923 1951 1062 2030 πρότερον
1086 1951 1116 2016 δὲ
1142 1950 1357 2029 ὑπογραοοοὲον

158 2061 238 2128 τοὺς
263 2061 373 2128 τόπους
398 2058 460 2120 art
485 2063 538 2130 τῆς
564 2058 721 2133 παραλίας
748 2055 935 2136 ἀρξομένους
966 2059 1025 2137 αφ’
1056 2053 1151 2134 ἧσπερ
1172 2056 1357 2133 ’Salaecam

158 2167 212 2230 sic
235 2163 269 2227 h.
291 2163 314 2228 l.
347 2162 491 2228 dederat:
520 2161 750 2247 αναλα(βίντος
783 2159 947 2239 αρξοίμενοο
982 2161 1043 2224 ἀπὸ
1075 2169 1132 2236 τῆς
1162 2163 1354 2242 π)αραλίας,

159 2270 228 2346 ἀφ’
253 2265 346 2344 ἧσπερ
377 2268 614 2342 ’anselmum
648 2287 729 2351 quae
754 2265 880 2331 litterae
909 2267 1108 2332 exactissime
1135 2264 1267 2331 leemas
1289 2285 1359 2351 spa·

158 2377 251 2439 tium
273 2371 419 2459 implent.
454 2371 574 2438 Eadem
598 2391 691 2456 opera
713 2371 770 2436 illo
793 2369 862 2436 loco
882 2374 1031 2436 restitue:
1055 2372 1115 2450 ἀφ’
1140 2367 1233 2448 irrep
1252 2371 1355 2436 'Ans-

158 2479 317 2556 λίπομεν,
344 2476 427 2564 quod
450 2484 498 2544 est
521 2497 557 2544 eo
580 2497 674 2542 sensu
697 2478 928 2552 necessarium,
952 2496 1014 2544 non
1038 2475 1195 2553 ἐλίπομεν.

209 2688 304 2754 Nunc
336 2688 441 2753 locum
475 2687 679 2752 emendatum
712 2685 882 2774 diligenter
907 2689 1120 2772 inspiciamus.
1170 2687 1239 2768 Quo
1261 2688 1355 2755 refer·

159 2803 235 2860 tur:
256 2793 327 2869 ὅπερ
343 2789 427 2858 εἶπον
444 2795 475 2857 ἕν
491 2800 554 2864 τοῖς
571 2789 716 2870 epictec?
737 2791 808 2857 Non
828 2792 867 2856 ad
887 2791 1005 2857 librum
1018 2789 1103 2858 VIII.
1123 2794 1263 2882 ubipag.
1276 2791 1352 2859 334.

159 2902 262 2966 tertia
292 2895 505 2965 Chersonesus
535 2918 601 2962 esse
632 2897 749 2962 dicitur
779 2899 796 2970 ἡ
821 2897 874 2961 καί
907 2898 1023 2971 ταύτην
1050 2895 1247 2982 (secundam)
1271 2922 1353 2978 περι·

160 3007 301 3086 έχουοα.
333 3000 366 3078 ἧς
398 3005 502 3074 istrata
536 3003 598 3066 ciart
629 3008 681 3065 τοῦ
713 3007 817 3080 μυχοῦ
853 3007 905 3066 τοῦ
937 3003 1079 3076 Κρισαίου
1111 3001 1225 3066 κόλπον
1257 3003 1352 3085 μίχρν

160 3115 389 3190 Θερμοπυλῶν.
413 3107 467 3173 sed
490 3129 529 3172 nc
551 3108 648 3182 verbo
671 3107 799 3192 quidem
823 3111 981 3172 memorat
1004 3106 1109 3182 ίοίμδν
1131 3107 1272 3183 rectator
1296 3109 1352 3181 ria

159 3215 309 3282 Βοιωτίαν
344 3215 589 3293 οἱμΦνίοίλοιττον
620 3209 712 3278 οὖσαν
778 3210 840 3276 Sed
876 3212 998 3276 dixerat
1034 3212 1094 3277 hoc
1130 3214 1163 3277 in
1197 3211 1272 3278 libri
1304 3212 1352 3279 IX

158 3323 275 3390 initio.
299 3339 394 3404 quem
417 3319 523 3383 locum
546 3339 665 3405 magna
687 3316 801 3382 lacuna
823 3317 978 3382 absorbsit
999 3318 1034 3390 1).

209 3425 280 3506 Quo
292 3425 441 3489 refertur:
455 3421 618 3500 οἱρξοίμενον
630 3424 693 3487 atat
706 3431 760 3496 τῆς
774 3421 944 3496 παραλίας,
954 3419 1016 3502 ἀφ’
1030 3419 1125 3498 ἧσπερ
1137 3421 1352 3494 οὶπελίπομενί

161 3531 240 3598 Sine
272 3531 482 3595 controversia
513 3529 553 3594 ad
580 3529 820 3612 descriptionem
843 3547 915 3591 orae
934 3529 1133 3610 maritimae,
1157 3547 1237 3612 qnae
1259 3529 1352 3593 initio

159 3639 239 3704 libri
255 3648 327 3721 post
345 3637 614 3699 enumerationem
633 3632 890 3718 paeninsularnm
907 3633 1010 3698 fuerat
1024 3635 1173 3698 instituta
1192 3641 1224 3696 et
1239 3631 1351 3698 deinde

159 3745 349 3826 interrupta
398 3739 589 3804 Pervenerat
610 3743 644 3802 in
667 3760 703 3804 ea
727 3739 933 3820 descriptione
956 3759 1055 3822 usquc
1078 3737 1118 3802 ad
1143 3744 1350 3814 Κρομμυῶνος

160 3850 271 3930 itaque
293 3847 508 3910 intemrissam
532 3846 742 3908 narrationem
766 3845 811 3907 sic
835 3842 1030 3907 redorditur:
1056 3842 1141 3918 μετὰ
1167 3851 1223 3906 ΔΗ
1250 3851 1349 3919 Κρομ-

161 3957 268 4028 μυῶνα
292 3951 356 4014 xri.
404 3947 453 4014 Ex
482 3949 542 4013 hac
569 3951 638 4033 ipsa
660 3947 823 4033 deperdita
845 3967 917 4012 orae
940 3948 1121 4011 maritimae
1143 3947 1350 4034 descriptione

163 4058 268 4122 tenuis
291 4054 448 4140 particula
470 4062 593 4120 servata
616 4061 664 4120 est
693 4054 788 4122 haec:
813 4049 870 4120 ῶςε
894 4053 945 4117 τὸν
970 4057 1160 4132 Κρομμυῶνα
1180 4052 1351 4132 Μεγαρέων

199 4283 225 4347 1)
252 4284 308 4333 Nou
326 4285 389 4339 iunii
406 4283 430 4332 id
447 4282 626 4341 cuntorum,
644 4283 684 4348 qui
701 4283 730 4332 cd
746 4280 802 4345 ίοοορ
822 4279 887 4332 εἶπον
905 4277 930 4332 ὒν
948 4281 1000 4337 τοῖς
1018 4280 1118 4342 τρίοδον
1132 4283 1269 4344 ιιουοίιοίίο
1293 4281 1353 4332 vti?

163 4367 219 4416 Nora
236 4367 297 4414 nia
314 4383 342 4416 eo
357 4371 409 4416 ίοοο
426 4366 466 4416 ιίί
482 4366 566 4414 do'airr't
588 4365 711 4415 Graeciam
728 4365 753 4413 iar
768 4367 915 4429 peninsula.
942 4365 1004 4414 Naar
1021 4364 1055 4412 tou·
1070 4367 1138 4427 ίονιρο
1153 4363 1224 4412 aliter
1240 4364 1354 4413 describo·

163 4447 234 4496 mar
249 4447 315 4495 ίὶοοια
331 4447 437 4495 indm
455 4447 525 4494 heim
541 4448 625 4494 tertias
640 4449 778 4509 peninsula
796 4447 905 4510 efficiens.
939 4445 1002 4494 Sanc
1018 4445 1041 4493 ον’
1056 4445 1101 4495 loce
1116 4460 1190 4508 upra
1206 4444 1293 4496 dictu
1306 4445 1357 4508 sarit

165 4539 246 4578 tecua
264 4539 344 4577 soora
360 4527 566 4579 nerrormrur’'.

1199 4607 1212 4654 7
