3208 5158
802 366 867 442 246

240 567 412 632 necessario
440 567 489 628 est
519 563 750 629 eliminandum
782 571 815 630 et
845 586 964 654 magna
994 563 1120 632 Bhieno
1150 565 1294 632 habende
1323 553 1428 654 gratia

241 676 306 756 est,
331 690 427 756 quem
450 673 572 734 constat
595 670 630 733 in
652 667 793 756 Odyssea
816 681 855 739 A.
879 672 965 738 huno
987 691 1115 738 versum
1139 673 1174 736 in
1196 691 1288 738 suem
1315 669 1427 736 editio·

240 798 315 848 nem
345 795 408 842 non
438 777 600 860 recepisse.
647 774 767 842 Utrum
789 779 823 842 in
847 781 913 844 suis
935 776 1027 843 libris
1049 797 1111 843 non
1134 781 1347 865 repereritis
1370 795 1428 842 auo

241 882 361 950 iudicio
387 901 465 946 usus
499 882 687 966 expunxerit
721 903 845 968 semper
877 883 1090 972 ignorabitur,
1125 885 1200 968 quia
1232 884 1292 950 hoo
1326 901 1428 946 unum

241 991 378 1056 seimus:
403 982 488 1058 οὗτος
512 985 526 1050 ὑ
550 987 638 1068 ςίχσς
663 985 695 1051 έν
718 997 757 1070 τῇ
781 989 866 1055 naret
889 989 1003 1054 Ῥιωνίν
1026 989 1080 1055 οὑκ
1102 985 1147 1065 ἦν.

285 1095 335 1162 Ne
357 1093 417 1158 boe
440 1090 571 1177 quidem
593 1091 787 1158 dubitationi
805 1095 979 1160 obnoxium
996 1099 1044 1160 est
1062 1097 1140 1180 quin
1159 1097 1257 1160 etiem
1276 1097 1311 1159 in
1328 1092 1429 1159 altero

241 1200 310 1268 loco
341 1211 374 1266 Β.
407 1196 483 1264 195.
513 1218 580 1282 sqq.
604 1197 661 1263 ubi
685 1198 775 1264 iidem
798 1220 909 1266 versus
931 1209 1134 1286 repetuntur,
1157 1203 1193 1265 in
1214 1199 1333 1266 Rhiani
1356 1198 1427 1280 δωρ·

240 1311 326 1374 ίιίσει
350 1307 486 1372 omissus
508 1303 605 1370 fuerit
626 1323 674 1372 vs.
699 1300 774 1369 197.

378 1409 484 1477 πολλοὶ
507 1406 588 1486 μέλ’
610 1404 689 1474 ῖσσσν
713 1408 790 1475 έοικε
812 1410 909 1491 Φίλοις
933 1412 983 1476 έσῖ
1005 1412 1113 1486 τσιιδὺς
1136 1409 1275 1477 έτεσῖωι.

242 1539 338 1607 quom
366 1519 423 1603 qui
453 1517 619 1601 supposuit
650 1513 854 1592 διωσκενωσιίς
887 1517 925 1582 de
955 1517 1023 1582 dote
1053 1519 1196 1605 cogitans
1226 1516 1430 1586 adumbravit

241 1625 340 1693 verba
361 1622 629 1709 Agamemnonis:

379 1728 485 1792 πολλὰ
507 1725 596 1805 μάλ’,
621 1723 686 1791 ὅστ’
709 1727 791 1793 οὕτω
814 1751 862 1803 τις
886 1730 919 1811 ἑῇ
942 1728 1075 1794 έτέδωκε
1099 1727 1238 1808 eucarpi.

244 1841 277 1904 et
307 1834 538 1923 grammaticus
569 1834 673 1899 neseio
704 1835 776 1919 quie
806 1836 861 1919 qui
891 1835 988 1901 verba
1018 1835 1224 1920 interpolate:
1249 1831 1328 1900 έσσω
1353 1831 1430 1900 ἔοικε

244 1941 340 2025 Φίλοις
373 1939 422 2004 tri
455 1937 563 2010 τνιδὺτ
594 1935 721 2004 ἕτεσίωι
749 1940 784 2004 in
810 1938 947 2006 Scholiia
968 1942 1016 2006 ita
1037 1942 1280 2025 interpretatur:
1313 1937 1430 2004 έεδνω

244 2046 303 2115 ῖσσν
333 2046 382 2111 δεῖ
410 2042 491 2110 'ent
523 2053 562 2125 τρῖ
594 2045 721 2125 σσιιιὺτρ
750 2045 837 2111 τωνδί
869 2053 1078 2111 ΔΙΔΟΕΘΛΙ
1102 2044 1189 2123 rapt
1212 2051 1271 2112 τῶν
1293 2043 1430 2122 papetr-

244 2177 321 2231 των,
355 2171 418 2217 non
451 2152 633 2235 interpretis
665 2151 813 2239 iungitur
841 2171 990 2236 munere,
1021 2150 1077 2218 sed
1107 2153 1360 2218 comminiscitur
1392 2148 1431 2214 de

246 2279 303 2326 suo
331 2255 451 2342 aliquid
481 2255 565 2341 quod
593 2254 725 2342 reliquis
754 2257 861 2322 verbis
895 2260 973 2323 setis
1007 2257 1172 2324 commode
1206 2259 1308 2342 aptari
1341 2274 1432 2341 posse

243 2365 421 2435 ridebatur.

290 2467 404 2536 Restat
433 2471 471 2530 ut
501 2465 665 2532 ostendam
696 2468 773 2552 quid
804 2470 847 2534 eit
876 2467 1051 2545 ὑλΦνίνειν,
1075 2469 1159 2536 unde
1181 2465 1307 2554 puellae
1330 2466 1434 2534 forme

246 2577 365 2646 eximia
386 2571 592 2650 ἀλφεσίβοιαι
616 2571 865 2657 appellabantur.
891 2575 1062 2658 ’Λλφσίνειν
1085 2581 1118 2640 et
1140 2574 1287 2653 εὑρίσκειν
1306 2574 1434 2659 propria

245 2685 279 2748 ic
311 2678 480 2746 οωιιέῖίῖοιιε
509 2677 722 2754 verberum,
746 2679 871 2765 quando
894 2700 956 2747 non
979 2681 1125 2747 venditor
1147 2685 1270 2746 certum
1292 2681 1434 2764 pretium

245 2785 387 2875 postulet
409 2783 464 2848 aed
487 2787 591 2848 emtor
612 2783 710 2849 offert.
758 2785 955 2870 Perpetunm
978 2789 1081 2874 igitur
1098 2786 1158 2852 hoo
1177 2785 1313 2852 verbum
1332 2789 1381 2851 eet
1398 2786 1433 2850 in

246 2889 456 2979 vectigalium
487 2887 643 2955 locutione
676 2895 709 2956 et
744 2891 938 2977 ubicumque
973 2895 1180 2958 emturientea
1208 2891 1374 2956 licitentur
1401 2893 1434 2954 et

247 2995 392 3086 eugendo
414 2996 516 3081 pretio
539 2997 623 3061 inter
645 3015 678 3062 se
702 3003 834 3062 certant.
870 2996 934 3063 Res
956 3000 1026 3083 ipsa
1043 3018 1123 3083 quae
1143 2999 1188 3064 sic
1206 2994 1312 3062 oblato
1331 2997 1434 3080 pretio

246 3103 368 3171 vaeniit
397 3099 516 3165 dicitnr
538 3102 630 3179 ructo
653 3105 747 3181 εὑρεῖν
771 3108 803 3168 et
827 3102 911 3187 apud
933 3109 1055 3169 remees
1077 3105 1169 3179 rapis
1191 3103 1326 3182 νῖλΦεῖν,
1352 3099 1434 3165 unde

246 3205 411 3288 τιμαλφεῖν
434 3211 548 3272 natum
571 3211 620 3272 est
640 3211 672 3272 ot
690 3207 931 3290 τιμωλφέτωτον
951 3217 1073 3287 κτῆμα,
1096 3209 1134 3274 de
1153 3227 1216 3294 quo
1235 3207 1301 3272 vid.
1321 3204 1431 3272 Ruhn-

245 3315 319 3384 ken.
343 3312 383 3379 ed
402 3311 487 3377 Tim.
505 3332 579 3400 pag.
600 3311 678 3378 258.
698 3315 955 3393 τιμωλφέσωτσντ
976 3315 1011 3380 τὸ
1030 3316 1122 3390 τιμὴν
1146 3314 1263 3386 τολλῖιν
1286 3313 1430 3390 εὑρίσκον.

245 3421 280 3487 τὸ
299 3420 363 3498 γὰρ
386 3419 539 3512 σῖλΦεῖν
562 3418 705 3498 εὑρίσκειν
725 3419 804 3499 isis,
824 3419 857 3494 έξ
874 3416 907 3484 οὑ
920 3417 1121 3498 κωῖὈρινρστ
1145 3418 1430 3497 ἀλΦεσιβσίσις

246 3532 342 3593 καλεῖ
370 3523 429 3596 σοῖο
461 3523 657 3601 &otwino
687 3527 779 3602 τιμδν
810 3525 901 3604 βίας.
947 3527 1074 3593 Passim
1097 3546 1134 3592 eo
1157 3545 1252 3592 sensu
1274 3523 1431 3603 εὑρίσκειν.

245 3631 376 3720 legitur.
422 3627 658 3714 Theophrastus
694 3633 842 3696 Οδσνσσίί.
875 3629 927 3696 15.
961 3629 1013 3696 καί
1045 3637 1153 3696 πωλῶν
1182 3654 1212 3695 τι
1238 3631 1282 3707 μὴ
1314 3628 1431 3706 λέγειν.

246 3747 310 3811 τοῖς
343 3737 513 3814 ὠνουμένοις
546 3733 640 3800 τίσιν
674 3735 713 3800 δν
738 3736 899 3813 ὑπίδοιτο,
923 3735 997 3802 ἄλλ’
1021 3737 1134 3816 έρωτσῖν
1166 3735 1206 3800 τί
1235 3733 1432 3814 εὑρίσκεις

246 3841 389 3931 postulet
412 3846 449 3906 ut
471 3843 539 3926 ipse
562 3844 666 3906 emtor
688 3839 817 3910 definio
839 3844 981 3928 pretium
1004 3841 1184 3928 offeretque.
1230 3838 1284 3906 Sic
1306 3841 1342 3906 in
1363 3833 1434 3906 veo-

246 3947 403 4038 tignlibus
433 3945 517 4032 apud
548 3945 793 4030 Xenophontem
822 3949 890 4028 τερί
922 3948 1027 4029 τίρων.
1052 3965 1096 4014 ιι.
1121 3945 1176 4015 25.
1200 3942 1266 4011 ῖσον
1285 3946 1320 4009 τδ
1344 3945 1433 4017 τέλος

248 4053 413 4137 εὕρισκε
443 4057 502 4117 τῶν
534 4051 728 4131 ἀνδραπόδων
752 4054 807 4133 τρδ
831 4059 889 4119 τῶν
913 4055 944 4117 έν
967 4053 1136 4136 Δεκελείᾳ,
1162 4057 1202 4117 et.
1227 4068 1272 4116 lv.
1297 4049 1351 4116 40.
1375 4046 1435 4115 ὅσοι

249 4161 305 4241 τρὸ
322 4167 378 4234 τῆς
398 4159 511 4237 εέριὶνιρς
531 4155 686 4235 χρήματα
710 4156 872 4236 εὕρισκε
898 4159 939 4223 τὰ
960 4157 1053 4236 τέλη,
1074 4163 1107 4224 et
1125 4157 1210 4243 apud
1229 4156 1435 4222 Aristotelem

254 4267 403 4330 Οοοονιοινι.
437 4261 470 4326 2.
501 4262 623 4334 έσσίιρσε
655 4262 690 4327 rt
714 4264 883 4339 ἐλλιμένιον
913 4264 1042 4345 εὑρεῖν
1072 4263 1107 4327 τί
1135 4262 1314 4336 διπλάσιον,
1338 4262 1437 4348 effecit

251 4377 285 4434 ut
312 4367 481 4454 ρστίοσίννν
514 4367 604 4450 duplo
638 4367 749 4434 maiore
776 4369 875 4452 pretio
905 4371 1062 4436 locaretur.
1109 4366 1163 4435 Sic
1192 4366 1347 4454 quidquid
1375 4366 1436 4432 sub

249 4493 402 4572 praecone
446 4473 550 4535 vaenit
587 4473 679 4550 τνμὺρν
715 4475 808 4555 εὑρεῖν
843 4475 978 4553 dieitur,
1012 4476 1115 4549 servi,
1151 4476 1288 4558 captivi,
1320 4472 1437 4559 praeda
1468 4549 1477 4566 ,
