3208 5158
888 355 952 428 192

371 545 449 638 Peg.
483 546 560 614 629.
595 556 703 616 narrat
733 549 847 617 Strabo
876 549 1036 616 Romanos
1065 553 1210 617 nationes
1238 555 1273 618 in
1295 553 1374 618 Asia
1395 553 1511 619 minore

324 656 370 736 μὴ
405 655 491 721 κατὰ
521 661 612 739 φῦλα
643 658 766 727 διελεῖν.
799 657 874 722 σὶλλ·
903 655 1001 737 ἕτερον
1024 655 1133 736 τρόπον
1157 655 1305 734 διατάξαι
1328 658 1389 728 τοὶς
1411 658 1511 733 διοικιὶ·

324 786 407 840 σεις,
454 764 483 827 ἐν
519 757 569 836 αἶς
605 764 664 836 τοὶς
700 765 900 844 erepcione
934 767 1088 828 ποιοῦνται
1121 765 1174 828 καὶ
1210 765 1267 837 τοὶς
1305 765 1510 838 δικαιοδσσόας.

323 869 410 951 Quos
434 869 573 935 Romani
595 869 706 936 dieunt
730 878 888 936 οοιιιισιιόιιι
912 871 1071 948 iuridiooa,
1096 869 1210 937 Strabo
1234 871 1392 947 διοικήσεις
1413 871 1510 958 appel·

324 974 381 1040 lat.
427 973 538 1061 Itaque
567 977 735 1062 scripserat
757 971 807 1048 αἶς
832 978 891 1046 τὰς
914 979 1049 1057 aranee
1073 981 1247 1053 ποιοῦνται,
1273 998 1336 1042 non
1359 977 1421 1050 τὰς
1442 980 1510 1054 ανο-

322 1080 440 1163 ραόουι.
465 1083 547 1169 foro
579 1089 682 1165 cocat.
729 1081 806 1149 Sine
836 1085 917 1149 vitio
945 1083 1095 1148 scribitur
1116 1103 1190 1171 pag.
1215 1080 1293 1150 237.
1341 1083 1510 1164 Φρέγελλαν

323 1225 363 1236 -
390 1191 441 1252 νῦν
470 1189 526 1266 μὲν
561 1193 665 1267 κώμη,
698 1187 788 1262 πόλις
815 1188 847 1254 δέ
871 1213 946 1255 ποτε
970 1188 1129 1268 ἀξιόλογος
1153 1189 1207 1253 καὶ
1230 1189 1290 1262 τοὶς
1315 1191 1439 1262 πολλὰς
1457 1197 1509 1256 τῶν

322 1291 391 1372 ἄρτι
425 1296 591 1376 λεχθεισῶν
623 1294 805 1374 περιοικίδας
836 1294 975 1376 πρότερον
1007 1296 1183 1377 ἐσχηκυῖα,
1216 1288 1251 1362 at
1279 1302 1329 1362 νῦν
1353 1297 1397 1370 εἰς
1421 1297 1508 1369 αὑτὴν

320 1397 517 1482 συνέρχονται
542 1403 718 1466 ’ΛΓΟΡΑΟ
739 1424 775 1465 τε
799 1403 976 1478 ποιούμενοι
999 1403 1052 1465 καὶ
1076 1402 1236 1480 όεροποιΐας
1266 1401 1364 1474 τινός.

259 1529 261 1534 ·
368 1509 523 1573 Πιιεῖτόιιι
551 1509 669 1588 syonen
701 1508 849 1574 dicebant
883 1507 963 1574 olim
998 1507 1224 1586 Athenienses,
1260 1514 1298 1574 ut
1333 1507 1506 1596 Hyperides

321 1615 407 1699 apud
429 1613 617 1701 Harpocrat.
637 1636 660 1681 v
691 1612 820 1692 'Ayooot
836 1653 879 1664 —
894 1610 992 1694 „odrae
1015 1614 1169 1685 πολλάκις
1190 1615 1308 1692 ἀγορὰς
1329 1614 1506 1682 ποιοῦνται.”

320 1719 433 1786 deinde
457 1721 540 1806 quod
563 1719 717 1786 Romanis
740 1729 787 1786 est
801 1721 882 1808 soro
905 1743 992 1803 ooorc
1015 1722 1061 1787 sic
1085 1717 1204 1787 Graece
1229 1721 1348 1786 dicitnr
1370 1721 1506 1802 etoiyeo

320 1825 453 1903 ἄγονός,
485 1847 547 1892 non
578 1827 724 1906 coapata
753 1826 806 1893 vel
838 1827 1001 1906 α’νοραίους
1033 1825 1140 1905 ἄνειν,
1172 1847 1287 1912 nempe
1319 1829 1436 1906 ἡμέραν
1460 1827 1506 1896 vel

322 1931 451 2011 ἡμέρας,
484 1937 523 1998 ut
551 1931 651 2021 vulgo
675 1932 816 1998 ereditur
839 1932 933 1998 nihili
956 1935 1179 2022 grammaticis
1202 1931 1334 2009 Snidsa,
1358 1934 1504 2010 Zonaras,

320 2038 491 2104 similibus.
539 2037 651 2124 Itaque
674 2041 707 2104 in
732 2039 816 2103 Actis
838 2039 1043 2122 Apostolorum
1064 2037 1152 2104 XIX.
1177 2036 1230 2104 38.-
1251 2060 1377 2125 semper
1396 2040 1505 2106 credidi

319 2165 428 2211 veram
453 2144 623 2211 lectionem
645 2144 727 2210 hanc
751 2163 835 2211 esse:
861 2146 971 2224 ἀγοραὶ
987 2143 1126 2223 ’ἄγονται
1151 2145 1203 2210 καὶ
1227 2147 1400 2211 όνόόνιατοό
1419 2147 1503 2222 εἰσιν,

319 2271 383 2317 non
412 2252 551 2330 ἀγοραῖοι
582 2248 735 2329 ἄγονται,
761 2256 793 2316 ct
815 2252 850 2314 in
870 2250 1006 2336 epistola
1027 2248 1156 2317 Servilii
1178 2248 1301 2317 Galbae
1325 2251 1410 2337 apud
1433 2251 1504 2318 Iose-

318 2356 420 2441 phum
451 2358 490 2422 A.
523 2355 549 2422 I.
581 2355 668 2422 XIV.
702 2355 754 2422 10.
785 2355 839 2421 21.
873 2357 1040 2436 προσελόόν
1071 2379 1123 2435 μοι
1148 2357 1178 2422 ἐν
1202 2357 1381 2437 Τραλλετιν
1402 2355 1502 2436 ἄγοντι

319 2461 375 2535 σὺν
399 2463 561 2543 αγορΛΝ,
585 2481 648 2527 non
671 2463 726 2536 riso
748 2465 904 2543 drosaico.

364 2703 409 2770 Ut
432 2705 551 2790 passim
576 2707 610 2769 in
634 2706 785 2770 omnibus
806 2702 898 2770 libris
919 2705 989 2785 περι
1008 2710 1040 2769 st
1058 2704 1145 2782 παρα
1166 2704 1403 2772 confunduntur
1420 2727 1503 2792 prop·

319 2815 367 2874 ter
402 2809 501 2899 siglas
534 2811 612 2876 adeo
646 2811 730 2876 inter
765 2831 798 2876 se
832 2810 955 2876 similes
984 2818 1022 2875 ut
1053 2813 1179 2896 saepius
1208 2831 1272 2875 non
1299 2833 1339 2876 ex
1358 2815 1504 2897 scriptura

319 2914 445 2984 Codicis
477 2916 532 2982 aad
563 2938 603 2982 ex
634 2923 781 2982 contexta
811 2918 952 2983 oratione
974 2919 1053 3002 qnid
1078 2920 1233 3003 scriptum
1257 2921 1300 2984 sit
1323 2917 1502 3006 colligatur,

317 3024 364 3088 sic
405 3030 583 3096 παραπλεῖν
622 3030 654 3088 et
689 3031 848 3096 περιπλεῖν
884 3027 1058 3089 sexcenties
1091 3025 1175 3089 inter
1209 3045 1242 3090 sa
1277 3029 1499 3108 permutantur.

316 3128 447 3194 Praeter
489 3128 551 3194 loci
593 3133 783 3195 sententiam
818 3129 925 3195 editur
958 3149 1030 3218 pag.
1069 3128 1143 3196 632.
1183 3129 1196 3193 ό
1233 3139 1421 3201 πΕΡΙπλους
1451 3135 1501 3202 τοῖς

316 3235 451 3314 Ἰωνίας,
476 3241 509 3300 et
529 3235 735 3302 eximendum
758 3241 806 3300 est
828 3235 915 3301 idem
940 3237 1059 3302 vitium
1083 3256 1157 3324 pag.
1182 3233 1249 3301 644
1273 3241 1306 3302 et
1330 3235 1407 3302 651.

362 3479 399 3544 In
422 3475 611 3544 Mimnermi
633 3474 801 3542 versiculis
823 3494 898 3563 ρος.
924 3471 1001 3540 634.

454 3586 562 3662 Ἡμεῖς
597 3583 698 3649 αἰπύ
731 3606 774 3647 τε
806 3581 908 3646 Πύλον
931 3582 1072 3655 Νηλήϊον
1095 3577 1155 3648 ἄπο
1179 3579 1319 3654 λιπόντες

614 3690 739 3770 ἱμερτὴν
763 3688 871 3761 Ἀσίην
894 3687 996 3762 onorio
1020 3684 1211 3767 ἀφικόμεθα.

318 3797 595 3885 simplicissimum
618 3801 667 3862 est
690 3796 872 3861 emendare:

454 3905 543 3982 ἡμεῖς
567 3904 606 3966 Δ’
631 3909 748 3966 ΛΤΤΕ
772 3901 872 3966 Πύλον
895 3902 1035 3976 Νηλήϊον
1059 3897 1120 3969 ἄεν
1144 3898 1299 3970 λιπόντες.

317 4011 401 4100 quod
429 4013 481 4078 bis
511 4011 614 4097 poetis
644 4013 678 4074 in
709 4008 767 4074 teli
798 4029 831 4074 re
861 4029 922 4073 nau
953 4011 1067 4074 tritum
1095 4014 1152 4074 est.
1198 4003 1331 4073 Dixerat
1355 4006 1394 4072 de
1415 4005 1495 4082 aliis,

317 4121 433 4206 quibus
457 4119 603 4204 opponit:
636 4122 774 4194 Ἡμεῖς
807 4115 833 4180 δ’
857 4107 933 4179 αὖτε
958 4113 1023 4179 κτὲ.

362 4373 442 4462 Peg.
468 4371 546 4440 644.
570 4369 644 4438 όταν
665 4373 735 4456 δοκῇ
761 4397 806 4447 τις
832 4371 985 4454 Πρόττειν
1009 4372 1046 4437 δι’
1069 4373 1255 4452 ἀπορρήτων,
1301 4371 1428 4438 Excidit
1449 4387 1496 4434 vo·

318 4481 390 4551 cula
420 4489 452 4549 st
482 4481 702 4549 scribendum:
726 4476 801 4545 ὅταν
823 4481 894 4564 δοκῇ
917 4482 965 4553 τός
988 4489 1032 4544 Tl
1057 4477 1214 4562 πράττειν.
1261 4479 1354 4548 Nihil
1376 4485 1423 4545 est
1444 4477 1495 4542 boc
