3404 5192
762 369 829 443 tet
960 433 963 438 .

202 563 382 634 Homerum
414 565 462 630 est
491 559 579 634 διδοῖς
611 577 668 628 aut
698 562 848 641 διδοῖοθοο,
878 569 917 628 ut
946 564 1099 640 τιθοῖοθοο,
1123 563 1264 644 ἔξεισθα,
1284 561 1386 646 οίτθοο.

247 670 284 735 In
308 672 402 734 tertia
424 668 584 734 Homerus
606 673 663 733 aut
685 667 784 732 διδωτι
809 670 898 753 ponit
921 673 976 733 aut
1000 669 1081 733 διδοῖ.

248 774 402 859 Reliquae
432 774 552 840 formae
582 793 691 840 omnes
723 781 797 838 sont
826 777 879 836 τοῦ
910 779 1034 852 πονηροῦ
1065 773 1226 851 educerer
1258 784 1314 842 aut
1349 798 1387 842 ex

204 881 378 948 scribarum
401 879 543 945 socordia
564 885 620 943 aut
643 897 681 944 er
704 880 988 964 grammaticorum
1012 900 1113 946 errore
1137 887 1319 968 prognatae.

249 984 424 1050 Barbarum
449 991 497 1050 est
520 984 619 1062 ιίφίη,
644 979 694 1056 ίη,
719 983 823 1059 τροῖη,
842 983 942 1059 μεθίη.
977 983 1116 1050 Barbara
1134 993 1208 1050 sunt
1226 987 1310 1059 οίιίητ
1330 1006 1387 1071 pro

205 1090 313 1166 οίυιεῖς,
334 1091 439 1166 μεθίης
460 1108 516 1172 pro
539 1090 671 1163 μεθιεῖς.
697 1095 729 1152 et
752 1090 819 1160 οίυίη
843 1108 900 1173 pro
923 1089 1009 1154 οὶιίει.
1045 1089 1183 1156 Barbara
1206 1098 1280 1155 sunt
1303 1090 1385 1154 ἕδίδιι

206 1199 238 1260 et
272 1195 341 1258 δίδοι
375 1201 408 1260 et
442 1193 571 1258 δίδυοθοι
603 1213 658 1278 pro
689 1192 829 1258 διδοῖσθα.
876 1193 964 1259 Libri
996 1200 1033 1262 ut
1061 1195 1236 1279 plurimum
1261 1201 1388 1261 servant

206 1301 377 1385 scripturas
406 1304 528 1366 veteres
557 1304 589 1363 et
618 1298 818 1375 emendatas,
850 1299 964 1383 quibus
994 1297 1158 1366 Bekkerus
1189 1303 1321 1367 vitiosas
1356 1307 1388 1366 et

206 1405 444 1470 commenticias
467 1404 505 1468 de
529 1423 586 1469 suo
609 1406 783 1489 supposuit.

250 1507 288 1574 In
316 1511 517 1593 imperativis
545 1508 709 1574 Behherus
737 1511 842 1574 nescio
872 1510 1030 1594 quomodo
1060 1509 1108 1575 nil
1136 1512 1289 1595 peccavit.
1313 1511 1387 1576 τίθει

205 1617 363 1680 intactum
384 1612 515 1698 reliquit
537 1625 575 1678 Λ.
601 1612 678 1680 509.
703 1620 736 1680 et
759 1613 822 1692 τδρ
841 1614 871 1678 δὲ
891 1617 965 1680 τίθει
986 1622 1023 1694 Φ.
1045 1614 1120 1680 177.
1142 1623 1175 1681 et
1195 1615 1231 1681 ίει
1252 1625 1286 1680 Φ.
1311 1613 1387 1682 338.

206 1725 238 1783 et
257 1717 349 1792 ξυνίει
370 1741 401 1781 οι.
423 1717 500 1783 271.
519 1743 544 1784 ο.
565 1717 641 1783 391.
660 1742 688 1782 τ.
713 1717 789 1785 378.
812 1727 844 1784 et
863 1719 942 1783 δίδου
954 1745 987 1798 y.
1003 1719 1057 1785 58.
1082 1722 1190 1786 Δίδυθι
1203 1727 1251 1786 est
1262 1746 1295 1797 y.
1310 1720 1385 1788 380.

341 1825 429 1887 οίλλιὶ
452 1824 577 1890 ιοίνοιτο’
599 1821 695 1899 ίληθι,
730 1824 863 1889 δίδωθι
895 1825 927 1890 δέ
950 1849 1000 1900 μοι
1025 1824 1112 1896 κλέος
1137 1826 1251 1890 εὀθλθυ.

205 1930 243 1990 ut
263 1927 471 2002 durinnands.

251 2031 416 2100 Bekherus
445 2036 473 2098 si
504 2033 565 2098 sibi
597 2041 737 2100 constare
767 2034 919 2101 voluisset
947 2035 1062 2119 quibus
1085 2036 1123 2100 de
1146 2039 1249 2101 causis
1271 2037 1389 2106 formas

208 2137 308 2214 ίτίθη,
340 2139 425 2214 τίθη,
459 2140 560 2218 deta,
592 2141 695 2216 μεθίη,
721 2140 825 2214 ebibo,
850 2139 919 2206 δίδοι
941 2143 1077 2226 potiores
1100 2161 1166 2204 esse
1190 2144 1389 2209 existimavit

207 2243 320 2308 iisdem
344 2245 431 2318 τίθη,
456 2241 502 2316 ίη.
525 2241 628 2319 ξοιίη,
653 2246 722 2310 δίδοι
747 2247 888 2331 vulgatis
907 2251 1095 2330 anteponere
1115 2245 1283 2312 debuisset.
1330 2247 1390 2314 Bo-

207 2350 426 2414 nominatum
452 2349 535 2434 quod
557 2369 688 2413 manum
714 2349 879 2416 abstinuit.

253 2452 375 2518 Tertiae
405 2473 528 2538 quoque
549 2457 722 2538 praesentis
744 2475 891 2539 personas
913 2459 1038 2520 mutare
1060 2473 1122 2519 non
1144 2457 1251 2539 potuit
1273 2463 1306 2520 ot
1328 2477 1390 2521 ser-

208 2561 297 2622 vavit
317 2567 352 2622 K.
377 2557 451 2623 121.
471 2560 577 2635 μεθιεῖ.
598 2567 640 2624 Ν.
664 2557 739 2624 731.
761 2562 846 2628 τιθεῖ.
867 2585 899 2625 ιι.
927 2560 1001 2624 192.
1027 2562 1180 2639 τιιρτιθεῖ,
1205 2560 1259 2625 sed
1282 2582 1320 2626 ne
1344 2565 1390 2628 sio

207 2663 336 2748 quidem
361 2666 502 2749 pepercit
522 2664 668 2729 secundis
689 2672 727 2730 E.
751 2663 827 2728 880,
853 2666 958 2735 errare.
982 2674 1017 2730 Ζ.
1044 2663 1119 2729 523.
1140 2670 1172 2729 et
1189 2667 1215 2730 δ.
1238 2663 1313 2732 372.
1333 2690 1389 2742 με-

208 2770 293 2845 θιεῖς,
318 2774 350 2833 et
371 2770 405 2832 in
427 2769 612 2853 imperitate
637 2778 673 2834 0.
699 2769 753 2836 24.
779 2775 811 2836 et
830 2779 868 2834 Θ.
890 2768 965 2834 358.
986 2771 1062 2836 οίυίει
1084 2779 1123 2836 O.
1146 2768 1222 2835 716.
1243 2773 1338 2847 μεθίει
1358 2786 1389 2837 et

207 2875 324 2956 passim
356 2873 463 2954 οῖφίει,
496 2874 605 2955 προίει,
632 2874 716 2939 τίθει.
740 2877 812 2940 sim.
858 2875 998 2950 Τίθησθοι
1021 2875 1109 2940 dedit
1130 2895 1187 2960 pro
1210 2876 1344 2940 τιθεῖοθοο
1367 2901 1388 2940 ι.

210 2973 286 3042 404.
309 2983 341 3042 et
364 3003 397 3044 o.
423 2977 500 3046 476.

254 3083 354 3154 Διδοῖς
385 3085 550 3150 emendate
580 3084 701 3172 legitur
730 3095 753 3151 1.
791 3084 865 3152 164.
893 3093 925 3152 et
947 3086 1023 3151 διδοῖ
1042 3110 1067 3164 ρ.
1094 3085 1169 3150 350.
1194 3085 1248 3151 sed
1270 3089 1391 3171 passim

208 3188 303 3253 ἐδίδου
327 3193 360 3254 et
382 3188 460 3254 δίδου
485 3193 636 3274 pervertit
655 3193 689 3254 in
708 3191 791 3256 ἕδίδυ
812 3197 844 3256 et
864 3191 949 3268 διδυ,
971 3197 1003 3256 et
1020 3211 1077 3276 pro
1097 3191 1230 3256 διδοῖσθα
1249 3199 1291 3255 Τ.
1311 3189 1389 3256 270.

209 3312 373 3378 perperam
397 3293 526 3359 bibracte
549 3297 725 3380 supposuit.

255 3395 292 3462 In
310 3397 553 3465 Atheniensium
572 3400 681 3484 libris,
701 3406 738 3466 ut
756 3407 789 3466 et
806 3404 840 3466 in
858 3400 1017 3487 plerisque
1035 3402 1246 3487 reliquom,
1269 3403 1392 3484 peccari

208 3501 287 3570 solet
307 3505 340 3566 in
360 3503 505 3570 secundis
517 3507 689 3589 praesentis
701 3509 853 3591 temporis
865 3510 1019 3590 personis.
1031 3507 1088 3571 ubi
1101 3544 1142 3554 -
1158 3515 1222 3571 etc
1235 3509 1269 3570 in
1281 3510 1391 3592 τιθείς,

209 3610 331 3687 ateiris,
347 3606 454 3682 ξυνιεῖς
468 3621 525 3674 oet.
540 3613 575 3674 in
588 3647 628 3658 -
644 3620 697 3676 Hc
709 3614 864 3678 sexcentis
875 3611 952 3678 locis
963 3611 1048 3677 male
1059 3632 1245 3677 conversum
1257 3610 1391 3676 videbis.

254 3710 348 3778 Certo
366 3715 484 3778 indicio
502 3714 581 3780 hane
600 3715 744 3782 fraudem
767 3715 950 3801 deprensam
976 3723 1122 3782 tenemus
1143 3719 1177 3781 in
1200 3713 1393 3782 (laetationis

209 3816 347 3884 Solensis
368 3819 525 3886 versiculo
548 3821 633 3904 apud
654 3820 855 3886 Athenaeum
877 3842 952 3909 pag.
977 3822 1053 3886 454.
1079 3841 1107 3887 r.

434 3926 596 3999 μουσοπόλε
620 3927 669 4000 trip
694 3926 864 4007 κοιρθχυτοι
887 3919 917 3996 tr
942 3925 1087 4002 μείλιγμ’
1110 3923 1191 3992 ifle.

209 4035 303 4114 potita
336 4031 502 4113 scripserat
534 4030 614 4096 ieie
645 4032 716 4106 ίιῖε,
747 4051 885 4115 namque
915 4030 1068 4096 laborioso
1098 4031 1230 4097 artificio
1265 4033 1394 4099 dederat

210 4135 307 4200 horno
337 4155 478 4219 operam,
512 4139 592 4200 teste
615 4135 794 4219 Athenaeo,
818 4142 856 4202 ut
877 4135 1022 4222 singulae
1046 4136 1190 4220 dipodius
1214 4144 1316 4202 essem
1338 4161 1394 4202 aaa

211 4239 303 4304 decim
325 4239 524 4322 litterarum,
548 4239 850 4318 ίιδεκιιηριίμμιιτοι.
896 4239 933 4306 ln
955 4243 1086 4306 caeteris
1108 4243 1256 4308 omnibus
1282 4265 1393 4312 nume·

212 4365 267 4413 rus
287 4343 485 4432 syllabarum
508 4351 632 4412 camut
653 4344 710 4412 sed
731 4346 767 4412 in
1255 4361 1259 4370 ·

684 4449 831 4530 μείλιγμ’
853 4448 911 4528 bre.
