3232 5176
803 357 846 428 76

285 545 391 616 utiam
425 549 502 614 alibi
532 553 577 614 sic
605 550 725 616 scribas
757 549 840 635 apud
872 549 1120 614 Demosthenem
1150 555 1335 634 peccarunt,
1361 547 1433 614 vid.

239 677 312 742 pag.
340 655 437 720 1031.
461 655 515 720 24.
539 661 572 720 et
594 677 666 742 pag.
694 654 793 721 1281.
814 654 868 720 26.
893 656 948 720 ubi
971 675 1028 740 pro
1051 653 1149 734 ἕτερον
1174 655 1320 732 ἐγκαλεῖν
1344 655 1433 718 οὐδὲν

238 760 381 840 ἔχοντες,
409 760 432 825 S
455 761 543 825 dedit
566 761 670 839 ἑτέραν
690 762 760 826 τινὰ
781 759 879 835 ἄλλο,
905 767 937 825 et
957 760 1039 826 alius
1059 758 1156 841 ἕτερίν
1180 784 1209 824 τι
1231 760 1325 837 ἄλλο,
1347 781 1433 844 quae

237 871 353 933 merito
375 888 469 934 nemo
497 870 630 932 curavit.

283 1079 360 1167 Pag.
388 1077 463 1144 198.
488 1076 542 1143 23.
564 1077 696 1160 (πόλεις)
723 1079 797 1158 ὑπὲρ
820 1074 859 1142 ὧν
880 1077 1012 1150 πολλοὺς
1034 1077 1212 1163 [κινδύνους]
1237 1077 1290 1143 καί
1311 1079 1431 1148 καλοὺς

239 1189 364 1261 ἀγῶνοις
390 1187 415 1248 oi
440 1187 512 1248 κατ’
537 1185 663 1255 ἐκείνους
687 1185 757 1254 τοὺς
781 1184 906 1266 χρύνους
926 1185 1076 1259 Ἕλληνες
1096 1185 1286 1260 ἐποιήσαντο.
1311 1183 1432 1250 Nescio

237 1291 321 1356 unde
350 1290 525 1356 molestum
556 1295 589 1355 et
619 1292 840 1374 importunum
869 1290 1018 1362 κινδύνους
1049 1297 1163 1355 natum
1194 1293 1253 1368 sit,
1286 1289 1339 1354 sed
1366 1289 1430 1356 hoc

237 1401 302 1463 scio
325 1401 392 1462 sine
414 1417 505 1462 mora
528 1417 594 1461 essa
618 1397 883 1483 expungendum,
909 1402 945 1461 ut
965 1400 1198 1484 coniungantur
1216 1395 1349 1466 πολλοὺς
1370 1396 1429 1460 καὶ

237 1503 351 1572 καλοὺς
383 1505 520 1580 ἀγῶνας.
570 1501 760 1567 Rectissime
791 1505 876 1568 enim
909 1503 1027 1567 dieitur
1049 1502 1199 1567 ποιεῖσύαι
1223 1504 1345 1580 ἀγῶνα,
1370 1503 1432 1566 sed

236 1609 366 1672 κίνδυνον
390 1610 538 1672 πονεῖσθαι
561 1606 643 1672 nihil
666 1613 723 1672 est.

282 1821 361 1906 Pag.
385 1819 460 1884 200.
487 1816 518 1884 7.
544 1820 636 1898 ε’χρῆν
659 1819 774 1897 μύρ-
789 1820 844 1892 sev
868 1822 965 1893 οιύτίιν
989 1819 1074 1902 ἔχειν
1097 1820 1229 1886 διοίνοιιιν
1254 1822 1334 1898 ύμοίς
1355 1821 1429 1900 περὶ

235 1935 291 2000 τῆς
316 1927 345 1989 ἕν
365 1935 403 2007 τῇ
424 1925 565 2009 πολιτείᾳ
584 1923 702 2002 τύξεινς
725 1923 814 2005 ἥνπερ
835 1925 901 2005 περί
923 1934 978 2000 τῆς
999 1927 1029 1990 ἒν
1048 1934 1119 1999 ταῖς
1140 1927 1297 2005 ερατείαις
1318 1925 1429 2006 ἔχετε.

235 2033 282 2104 τίς
307 2030 355 2098 οὖν
387 2033 448 2098 ε’ςίν
480 2027 575 2109 siim
609 2033 696 2106 ὑμεῖς
729 2033 780 2096 τὸν
811 2040 985 2096 ΛΕΙποντα
1015 2033 1070 2105 τίον
1103 2032 1160 2096 ὑπὸ
1185 2037 1237 2096 τοῦ
1264 2037 1430 2111 spasmos

235 2137 324 2214 τοίξιν
353 2139 528 2216 ταχθεῖσαν
560 2136 671 2214 ἄτιμον
707 2137 802 2200 οίεσύε
836 2141 995 2214 προσήκειν
1025 2135 1102 2202 εἶναι
1133 2138 1184 2203 καί
1215 2139 1340 2214 μηδενὸς
1364 2147 1430 2204 τῶν

234 2247 340 2308 κοινῶν
372 2243 529 2322 μετέχειν.
575 2251 655 2306 ΧΡΗ
687 2243 784 2306 τοίνυν
815 2245 868 2306 καί
903 2245 972 2314 τοὺς
1005 2245 1059 2316 τὴν
1091 2245 1149 2309 ὑπὸ
1180 2251 1239 2308 τῶν
1269 2244 1430 2324 προγόνων

233 2348 324 2425 τοίξιν
357 2351 386 2412 ἐν
417 2359 455 2430 τῇ
481 2349 624 2430 πολιτείᾳ
648 2356 837 2420 ΛΕΙποντας
863 2348 914 2413 καί
941 2350 1189 2426 πολιτευομένους
1213 2351 1427 2430 ὀλιγαρχικῶς

234 2458 364 2533 ύτίμους
397 2460 449 2519 τού
482 2453 706 2532 συμβουλεύειν
738 2455 809 2530 ὑμῖν
841 2456 944 2527 αὐτοῖς
967 2457 1127 2521 ποιεῖσθαι.
1173 2465 1263 2522 ΝΎΝ
1296 2457 1326 2521 Bi
1356 2459 1427 2524 κτὲ.

232 2561 338 2628 Facile
353 2571 357 2574 ’
372 2565 420 2626 est
442 2559 482 2624 ad
512 2558 761 2647 intelligendum
786 2560 933 2625 ΛΙπίντα
957 2564 1012 2636 τὴν
1035 2560 1123 2637 τοίξιν
1145 2563 1208 2627 disi
1230 2563 1358 2638 debere,
1382 2571 1429 2629 ut

233 2670 325 2748 ῥίψας
357 2669 411 2740 τὴν
440 2667 580 2739 οίσπιῗα,
615 2666 787 2741 ἀποβαλὼν
817 2672 860 2729 τοὶ
886 2663 970 2730 ίπλα
1003 2673 1035 2732 et
1058 2671 1130 2732 sim.
1154 2667 1312 2732 Dicuntur
1334 2669 1427 2732 enim

233 2775 310 2839 haec
342 2773 380 2837 de
410 2775 451 2836 iis
480 2775 535 2858 qni
558 2773 713 2856 praesidio
745 2780 908 2849 οαεοοκαί,
941 2772 1091 2858 clypeum
1121 2775 1307 2849 οοίοοονυινι,
1330 2792 1429 2839 arma

232 2881 410 2957 αμίοονυιιο,
442 2899 504 2943 non
536 2879 574 2943 de
606 2899 642 2943 eo
666 2884 809 2963 tempore
832 2899 894 2962 quo
917 2882 988 2963 quis
1013 2879 1168 2963 praesidio
1191 2879 1285 2954 οαίίι,
1309 2878 1428 2943 abiicit

233 2988 379 3071 clypeum,
413 3006 501 3050 arma
528 2985 648 3048 amittit.
695 2983 878 3048 Haerebant
908 2984 1039 3049 fortasse
1071 2986 1105 3047 in
1136 3005 1200 3068 sqq.
1228 2985 1297 3053 τοὺς
1321 2983 1375 3056 sip
1401 3019 1427 3032 -

233 3089 323 3165 τοίξιν
346 3091 508 3160 λείποντας
530 3090 581 3156 καί
603 3089 862 3167 πολιτευομένους.
897 3091 969 3155 Non
988 3091 1165 3156 sentiebant
1187 3092 1273 3156 enim
1293 3110 1331 3154 ex
1350 3092 1428 3174 ipss

233 3201 280 3263 rei
298 3203 412 3264 natura
431 3198 572 3261 οοοίοίαια
592 3217 665 3262 cum
679 3213 837 3280 praesente
855 3202 980 3279 tempore
999 3217 1082 3260 nune
1101 3197 1246 3281 componi
1264 3195 1425 3260 debuisse.

233 3303 390 3389 Loquitur
419 3306 505 3368 enim
538 3303 576 3367 de
607 3305 647 3368 iis
672 3304 728 3387 qui
751 3301 892 3371 λιπύντες
916 3303 971 3375 τὴν
993 3301 1082 3377 νύξιν
1105 3305 1313 3382 ὀλιγαρχικῶς
1333 3315 1428 3366 πολι·

232 3410 385 3474 τεύονται.
431 3410 598 3474 Praeterea
632 3411 701 3493 ipsa
736 3410 1021 3494 argumentationis
1055 3411 1137 3472 ratio
1171 3413 1203 3472 st
1237 3408 1426 3492 oppositum

232 3523 323 3581 NTN
357 3514 389 3580 δέ
424 3514 587 3600 postniant
618 3519 655 3577 ut
685 3533 741 3598 pro
774 3523 853 3578 xPH
885 3513 982 3578 τοίνυν
1011 3512 1235 3598 imperfectum
1266 3513 1424 3576 ’eerN

230 3625 427 3688 rest'tuatnr.

278 3727 370 3808 Quod
393 3727 542 3792 continuo
573 3727 734 3809 seqnitur:
768 3730 818 3789 νῦν
849 3723 880 3788 δὲ
911 3731 969 3788 τῶν
993 3725 1050 3801 μὲν
1073 3724 1252 3804 συμμάχων
1275 3724 1343 3794 τοὺς
1366 3723 1427 3788 τὸν

174 3861 175 3864 ’
233 3835 326 3900 αύτὸυ
358 3832 463 3914 ἐχύρὸν
497 3831 549 3894 καί
581 3832 674 3906 <utnon
707 3830 779 3905 ὑμῖν
811 3830 1011 3908 ὀμωμοκότας
1041 3830 1180 3910 νομίζετε
1203 3831 1423 3908 εύνουςύτους,

233 3947 291 4005 τῶν
324 3941 354 4004 δὲ
387 3935 627 4014 πολιτευομένων
658 3933 705 4006 οὓς
737 3937 782 4004 ίςε
816 3945 925 4014 σαφῶς
959 3936 1028 4008 τοὺς
1060 3945 1115 4010 τῆς
1146 3936 1263 4010 πόλεως
1294 3935 1425 4016 ἐχθροὺς

233 4045 393 4128 ᾑρημένους
425 4042 550 4115 τούτους
581 4042 763 4114 πιςοτοίτους
798 4039 930 4120 ἡγεῖσθε.
979 4045 1069 4108 Aeris
1100 4065 1136 4108 ae
1159 4043 1329 4109 vehemens
1351 4063 1426 4108 aen-

232 4153 333 4217 tentia
352 4149 466 4214 lacuna
481 4149 612 4214 laborat.
650 4147 752 4214 Periit
771 4150 922 4227 verbum,
944 4150 1027 4214 unde
1046 4150 1225 4234 pendebant
1248 4149 1427 4214 accusativi

232 4257 283 4322 τίν
308 4255 401 4319 αύτύν
434 4256 539 4335 ἐχθρὸν
572 4255 622 4318 καί
654 4255 754 4334 Φίλον.
805 4254 894 4320 Olim
927 4254 1059 4320 Woifius
1092 4256 1226 4320 coniecit
1253 4257 1325 4338 post
1348 4252 1427 4330 ὑμῖν

233 4361 385 4429 excidisse
409 4358 495 4437 ἕξειν.
531 4361 605 4427 Alio
630 4360 761 4426 meliore
784 4363 880 4427 verbo
903 4367 970 4426 ersi
993 4361 1149 4426 utendum
1197 4358 1347 4424 Nondum
1367 4377 1427 4424 me

232 4470 373 4557 poenitet
396 4465 591 4551 supplevisse
615 4466 666 4530 τὸν
688 4468 781 4531 αύτύν
812 4467 917 4548 ἒχύρίν
941 4467 993 4530 καί
1018 4467 1110 4548 Φίλον
1135 4465 1206 4543 ὑμῖν
1229 4472 1425 4529 ΝΟΜΙΕΙΝ
