3392 5186
882 373 947 448 888

321 579 380 638 τῶν
403 564 665 652 συμφραζομένων
687 569 867 656 excogitare
890 567 1011 656 aliquid
1034 570 1118 656 quod
1140 567 1303 654 probabile
1326 572 1420 634 esset.
1452 567 1511 634 Fe·

321 677 404 746 fallit
427 693 668 758 nonnumquam
691 675 725 738 in
749 673 868 739 talibus
892 677 1114 740 acutissimum
1137 676 1246 740 virum
1271 676 1388 760 opinio.
1433 672 1512 754 Quis

322 777 515 850 mirabitur?
557 778 726 845 Disoamus
758 782 865 865 potius
898 803 938 848 no
974 783 1009 846 in
1037 781 1215 846 Aristarchi
1249 779 1380 865 quidem
1415 779 1513 846 verba

320 893 446 963 iurare,
479 891 512 950 et
539 890 705 971 propterea
733 887 942 971 inspiciamus
971 886 1074 952 alium
1105 887 1263 972 opinionis
1293 905 1453 962 errorem,
1476 887 1512 949 in

319 1016 417 1084 quem
439 989 632 1060 criticorum
654 993 799 1078 princeps
819 991 1005 1077 implicatus
1027 997 1076 1057 est
1099 994 1134 1056 iu
1156 990 1248 1056 iliad.
1273 999 1311 1056 K.
1332 988 1411 1056 226.

825 1101 933 1174 μοῦνος
956 1099 983 1163 δ’
1006 1095 1091 1180 οἷπερ
1115 1120 1150 1162 σε
1174 1097 1262 1178 corion

459 1201 548 1270 άλλά
571 1202 607 1269 σέ
628 1224 667 1268 νον
689 1199 835 1283 βράσσων
856 1228 892 1269 σε
916 1203 997 1280 νάος,
1021 1202 1124 1278 λεπτάς
1146 1201 1179 1268 δέ
1202 1225 1238 1266 τε
1260 1209 1363 1280 μῆτιν.

366 1312 583 1380 Aristonicus:
610 1311 627 1385 t
651 1309 744 1384 διπλῆ
768 1304 814 1374 tri
835 1310 861 1375 ol
884 1310 1127 1391 γλωσσογράφον
1151 1306 1339 1388 βράσσων
1363 1305 1433 1372 decl
1457 1309 1511 1370 τοῦ

322 1417 505 1486 ἐλάσσων
527 1415 590 1481 άπὸ
613 1418 667 1480 τοῦ
691 1412 835 1495 βραχύς·
859 1414 933 1480 άλλ’
957 1417 1091 1492 οὐδαμοῦ
1115 1413 1265 1496 κέκρηται
1288 1411 1385 1494 τούτῳ
1406 1409 1512 1490 Ὅμη-

323 1549 383 1607 ρος.
406 1519 624 1589 άσοδοτέον
654 1516 704 1586 οῦν
726 1518 935 1600 βρασσόμενος
959 1520 1187 1601 ταρασσόμενος
1213 1518 1265 1584 διά
1287 1518 1323 1583 τὸ
1347 1516 1431 1592 δέος,
1451 1518 1512 1598 οὐχ

322 1631 436 1705 tenedo
460 1629 510 1693 διά
534 1628 590 1700 τὴν
611 1626 759 1703 drosaico.
804 1625 871 1712 Ipsi
892 1627 1076 1692 Aristarcho
1098 1625 1208 1712 reponi
1233 1626 1347 1712 possit:
1367 1621 1446 1688 die*
1464 1624 1512 1688 οῦ-

325 1740 424 1815 δαμοῦ
460 1731 558 1813 τούτω
593 1730 743 1814 κέχρηται
773 1729 922 1812 Ὅμηρος.
980 1731 1077 1797 Verbi
1112 1731 1238 1812 βράοσω
1273 1751 1330 1817 pro
1365 1727 1511 1808 ταράσσον

324 1861 481 1930 nusquam
519 1837 593 1906 vole
621 1843 679 1904 eut
709 1839 886 1926 vestigium
921 1843 979 1902 est.
1026 1834 1143 1903 Contra
1172 1837 1313 1918 βραχύς,
1347 1836 1510 1915 βράσσων,

324 1949 478 2030 βράχοςος
502 1947 588 2010 certa
610 1941 758 2031 analogia
780 1945 906 2008 nititur.
930 1941 1041 2028 Itaque
1059 1963 1152 2009 nemo
1171 1945 1206 2008 iu
1225 1963 1262 2008 ea
1279 1963 1314 2009 re
1335 1941 1512 2006 Aristarchi

323 2055 545 2122 auctoritatem
576 2053 703 2116 secutus
733 2053 781 2114 est
810 2054 843 2114 et
873 2046 1018 2129 βράσσων
1041 2046 1102 2120 νόος
1126 2050 1280 2136 accipitur
1302 2049 1342 2114 ab
1364 2047 1511 2144 omuibus

322 2165 361 2227 ut
383 2163 417 2226 in
440 2157 583 2224 Timonis
606 2153 778 2221 versiculo:

595 2263 662 2326 νοῦν
684 2260 711 2325 δ’
734 2255 821 2340 εἶχεν
845 2257 998 2325 ἐλάσσονα
1021 2259 1210 2342 σαννδάψονο.

368 2369 570 2437 Herodianus
600 2365 667 2447 περὶ
691 2374 769 2432 Μον.
792 2377 835 2432 Λ.
857 2388 888 2452 p.
904 2363 957 2432 37.
983 2365 1015 2431 4.
1044 2385 1232 2432 enumerans
1255 2362 1391 2444 toleror,
1414 2362 1512 2446 βράσ-

323 2503 399 2556 σων,
439 2473 586 2552 πάσσων,
615 2470 762 2551 μάσσων,
793 2470 921 2551 βάοσων
951 2473 1077 2560 (βαθύς)
1112 2477 1145 2540 et
1176 2471 1336 2550 ἐλάσσων,
1370 2472 1409 2537 de
1439 2471 1512 2535 Ari·

324 2582 443 2652 starchi
473 2581 619 2666 opinione
650 2598 691 2644 ne
724 2579 860 2644 verbum
890 2579 1021 2664 quidem
1055 2579 1149 2657 facit,
1181 2580 1257 2664 quia
1293 2580 1360 2644 iam
1397 2595 1510 2652 namo,

324 2689 432 2766 credo,
456 2707 528 2751 eam
551 2685 711 2750 tuebatur.

731 3222 931 3273 nonnomos
954 3222 1102 3273 RHODIUS.

369 3415 519 3484 Vidimus
548 3413 758 3501 Apollonium
789 3415 953 3482 Rhodium
979 3415 1105 3482 laudari
1135 3417 1166 3480 ἐν
1188 3417 1231 3497 cri
1254 3414 1327 3497 σρδς
1352 3413 1514 3492 Ζηνόδοτον

324 3529 357 3591 et
392 3524 431 3588 ab
466 3541 503 3588 eo
533 3541 590 3608 pro
625 3519 792 3592 άνέσανσες
828 3522 895 3610 legi
930 3522 1111 3600 άναάέντες,
1146 3523 1181 3591 id
1213 3527 1262 3590 est
1294 3543 1351 3609 pro
1381 3524 1514 3609 antiqua

322 3628 431 3719 glossa
460 3625 653 3694 vocabulum
684 3626 830 3714 populari
860 3649 1003 3694 sermone
1030 3631 1156 3694 tritum.
1203 3627 1238 3694 Si
1261 3630 1386 3714 scripsit
1409 3635 1514 3692 οσσονα

323 3735 501 3800 Zenodotion
542 3730 635 3798 facile
676 3731 891 3820 intelligimus
932 3733 971 3800 de
1011 3733 1147 3800 Homeri
1187 3736 1446 3820 interpretatione
1480 3740 1514 3801 et

323 3840 543 3908 emendatione
573 3841 607 3903 in
636 3857 673 3904 eo
701 3837 783 3905 libro
813 3844 922 3904 actum
954 3839 1061 3906 fuisse.
1108 3839 1199 3905 Sitne
1231 3838 1393 3913 άναάέντες
1415 3840 1513 3926 Apol·

321 3946 401 4014 lonii
434 3946 585 4011 correctio
615 3965 655 4008 an
685 3965 748 4009 non
778 3946 821 4010 sit
852 3946 923 4030 quie
950 3942 1054 4011 dicati
1097 3943 1159 4012 Sed
1183 3948 1210 4011 si
1232 3948 1278 4012 sio
1300 3966 1357 4032 pro
1380 3947 1514 4013 obscuro

324 4058 357 4119 et
386 4054 550 4135 antiquato
581 4047 748 4123 ἀνέσαντες
779 4050 818 4116 de
850 4071 907 4115 suo
937 4052 1064 4138 scripsit
1095 4051 1160 4117 vile
1191 4052 1346 4118 damnum
1373 4057 1422 4118 est
1444 4073 1515 4119 cae·

322 4162 391 4222 tera
420 4157 561 4241 periisse.
610 4155 746 4221 Omnino
778 4177 839 4221 non
869 4158 897 4221 is
930 4163 978 4222 est
1004 4156 1192 4242 Apollonius
1222 4157 1384 4232 Rhodius,
1417 4178 1515 4243 quem

323 4283 363 4327 ex
386 4259 597 4342 Αοροασνοάωζο
626 4261 723 4347 probe
752 4264 918 4349 cognitum
949 4262 1121 4347 habemus,
1154 4267 1192 4328 ut
1222 4285 1296 4329 eum
1321 4265 1360 4330 do
1382 4263 1514 4353 liuguae

324 4365 514 4431 Homericae
546 4385 607 4429 usu
636 4366 795 4432 dicentem
825 4368 935 4434 audire
966 4371 1085 4454 cupias.
1132 4369 1322 4436 incredibile
1347 4371 1435 4436 dictu
1464 4377 1515 4437 est

323 4475 358 4540 iu
380 4490 478 4558 quam
500 4474 697 4555 portentosos
720 4492 838 4540 errores
860 4493 893 4540 se
915 4474 1012 4540 homo
1031 4473 1182 4561 implicet·
1195 4496 1296 4562 quum
1314 4497 1347 4544 se
1364 4475 1515 4568 linguam
