3392 5186
733 361 798 429 379

167 552 365 621 Archeetrati
387 551 544 620 versiculo
566 552 681 618 Athen.
707 574 781 642 pag.
806 551 883 620 278.
907 573 928 620 u

330 657 413 739 εἴπεο
438 655 522 740 ἔχειν
544 660 666 736 epate
690 657 802 732 ἐθέλεις
826 660 883 725 κᾶν
908 661 1007 738 ἐγγὺς
1028 659 1095 741 abaci
1119 682 1177 724 πον

331 765 418 830 τοῦδε
440 762 547 830 τόπον.

168 873 205 936 in
235 871 406 958 archetypo
437 875 485 936 est
515 870 615 949 ἔγγὺς
655 886 799 936 caereo:
839 872 918 958 qnid
957 877 1039 938 esset
1081 879 1270 938 ΑΛΩΠΟΤ
1305 873 1360 939 ho

168 979 298 1042 munoio
320 997 384 1042 non
406 976 617 1064 intelligebat.
654 977 703 1042 Ex
723 977 782 1043 hac
800 981 904 1065 igitur
923 979 1078 1044 sermonis
1097 981 1214 1044 veteris
1233 982 1361 1044 inscitia

169 1082 270 1149 multi
291 1103 410 1148 errores
432 1085 494 1148 orti
517 1087 592 1148 sunt
613 1085 732 1167 partim
754 1085 897 1150 nondum
919 1083 1038 1150 sublati
1060 1085 1248 1169 praesertim
1276 1082 1361 1169 apud

169 1186 350 1254 Platonem.
396 1187 544 1254 Indicabo
573 1193 637 1254 tres
671 1192 755 1256 unde
789 1196 927 1256 caeteros
960 1191 1138 1257 removebit
1172 1192 1229 1276 qui
1262 1189 1361 1256 volet.

171 1292 288 1358 Editur
315 1295 350 1358 in
383 1293 493 1374 careia
517 1315 590 1381 pag.
616 1294 692 1359 512.
717 1305 753 1360 Ε.
779 1296 838 1361 τίν’
863 1295 901 1362 eu
927 1297 1034 1375 τρόπον
1059 1298 1130 1368 -ὤς
1155 1293 1247 1376 οἵοις-ον
1272 1290 1360 1376 fiscia.

171 1401 207 1464 in
238 1399 353 1483 Hippia
383 1399 501 1464 Maiore
530 1421 605 1487 pag.
631 1399 694 1466 281
720 1421 752 1467 Ι).
777 1404 802 1468 εἷ
826 1399 887 1481 ἄρον
913 1406 963 1466 νῦν
988 1403 1061 1478 ἡμῖν
1085 1402 1098 1467 ὃ
1123 1400 1198 1473 Βίοις
1221 1398 1360 1482 dealitate

171 1504 287 1584 γέλωτ’
316 1505 354 1569 ele
384 1503 485 1584 ὄφλοι.
517 1507 554 1570 dc
579 1507 706 1587 tepidus
728 1528 803 1595 pag.
829 1506 904 1573 730.
931 1526 959 1574 0.
984 1507 1019 1573 ἵν’
1042 1511 1081 1580 ὥς
1106 1515 1232 1576 πλεῖς-ον
1254 1506 1360 1588 χρόνον

170 1612 288 1685 «ἀληθὴς
320 1609 358 1674 ὢν
388 1610 506 1689 διαβιοῖ
536 1608 696 1697 (Clemens
719 1613 811 1679 Alex.
839 1613 997 1702 δοοβοῴη).
1045 1613 1133 1681 Haec
1157 1617 1265 1680 omnia
1288 1618 1362 1679 sunt

170 1715 315 1782 eiusdem
346 1714 465 1780 farinae
495 1721 588 1800 atque
618 1714 703 1797 dada
735 1718 819 1804 apud
844 1719 1044 1795 Homerum,
1070 1741 1166 1805 quare
1188 1726 1226 1785 tu
1248 1741 1362 1806 repone

171 1823 274 1902 βνοίν,
298 1821 442 1900 οὶνοοβοοίη
466 1827 499 1886 et
522 1822 666 1903 δοοοβοοίν.

708 2062 825 2128 LXIV.

599 2256 718 2323 Felaocc
743 2295 785 2306 —
810 2256 941 2322 tretecor.

220 2450 339 2520 Felicem
371 2451 456 2539 apud
485 2450 666 2518 Homerum
696 2451 731 2516 rt
762 2453 914 2532 δίγομμο
945 2452 1060 2519 babere
1087 2453 1208 2539 liquido
1232 2457 1364 2520 constat.

175 2557 236 2626 Vel
266 2557 349 2625 solae
380 2558 500 2624 formae
530 2557 670 2642 tretecor,
694 2557 910 2638 ἐνεοκοοοὶβοοον
933 2560 982 2644 (χ.
1008 2557 1078 2640 57.)
1100 2563 1134 2624 et
1156 2559 1365 2638 ἕνενκοοοὶβοοοο

176 2666 223 2750 (ον.
255 2662 346 2744 431.)
377 2669 409 2730 et
440 2660 623 2744 ἐνεικοοδροοο
652 2665 683 2752 (ο.
711 2663 801 2750 322.)
825 2673 858 2731 et
879 2663 1057 2741 ξυνενείκοσο
1082 2662 1123 2747 (ξ.
1149 2663 1216 2752 98.)
1241 2670 1273 2731 et
1296 2665 1365 2730 ἐνεν-

176 2768 282 2845 mete,
307 2791 387 2855 qnae
409 2771 444 2835 in
468 2767 637 2836 Ocdicibus
659 2773 775 2836 nostris
797 2791 922 2856 quoqne
943 2774 1081 2838 intactae
1102 2770 1271 2858 leguntur,
1296 2792 1365 2836 rem

175 2877 305 2964 planam
338 2896 373 2942 cc
396 2881 516 2940 certam
538 2876 670 2942 faciunt.
717 2877 789 2941 Non
811 2880 898 2941 enim
920 2880 1139 2964 praemittitur
1163 2886 1187 2942 Ε
1210 2880 1273 2944 nisi
1293 2882 1366 2943 ante

177 2983 353 3070 digamma.
400 2977 575 3047 Confirmat
605 2980 814 3046 dialectorum
842 2986 1055 3067 comparatio:
1079 2992 1224 3050 FIKATI
1248 2987 1282 3050 in
1309 2989 1367 3048 Το-

178 3089 257 3152 lelis
286 3087 426 3165 Hercei,
459 3087 585 3151 Belearr
614 3086 699 3171 apud
728 3085 949 3175 Hesychium,
988 3089 1104 3170 Viqteti
1136 3089 1365 3155 Romanorum.

177 3193 216 3261 ln
245 3192 395 3280 plurimis
418 3193 552 3259 Homeri
576 3194 721 3260 versibus
744 3195 923 3260 communis
945 3193 1076 3282 linguae
1098 3197 1216 3261 veteris
1237 3198 1366 3261 inscitia

177 3304 244 3367 iam
273 3299 388 3365 multis
418 3305 491 3364 ante
520 3299 742 3366 Aristarchum
772 3300 906 3366 saeculis
928 3309 1091 3367 vetustam
1113 3299 1292 3367 litterulam
1314 3301 1368 3366 ob

177 3409 334 3481 scuravit,
366 3406 420 3470 sed
450 3425 562 3490 operae
592 3408 732 3492 pretium
766 3412 814 3472 est
844 3406 952 3472 videre
984 3425 1080 3490 quam
1111 3405 1177 3471 leni
1204 3411 1237 3472 et
1271 3427 1368 3491 quam

178 3519 264 3579 certa
286 3513 476 3578 correctione
494 3512 695 3578 indubitatus
716 3513 840 3598 antiqui
858 3514 1012 3578 sermonis
1030 3533 1108 3577 usus
1128 3511 1247 3596 ubique
1266 3510 1369 3578 veluti

177 3620 357 3685 reviviscat.
402 3617 546 3684 Perutilo
577 3621 624 3682 est
656 3617 1102 3704 diligenteranimadrertere
1125 3618 1369 3703 quibusmodis

179 3723 260 3792 olim
288 3723 425 3789 Homeri
455 3728 597 3788 cantores
629 3727 662 3788 et
694 3723 827 3804 ῥοψῳδοΙ
849 3743 1056 3789 numerorum
1078 3722 1185 3790 labem
1211 3725 1367 3801 sarciant,

179 3829 263 3896 unde
285 3828 387 3896 discas
410 3836 442 3896 et
465 3851 527 3915 qno
549 3835 643 3916 pacto
666 3849 757 3896 veras
778 3832 949 3914 scripturas
968 3831 1003 3894 in
1020 3831 1185 3918 integrum
1204 3832 1369 3895 restituere

178 3937 280 4022 poesis
303 3942 335 4000 et
357 3937 443 4002 intra
465 3956 543 4021 quos
566 3933 643 4002 fines
661 3942 808 4002 veterum
827 3938 1005 4000 carminum
1026 3937 1060 4000 in
1078 3935 1137 4000 hac
1156 3941 1245 4021 parte
1265 3956 1369 4001 emen-

180 4041 267 4107 datio
298 4044 466 4108 consistere
497 4040 619 4108 debeat.
667 4041 846 4126 Proponam
876 4043 1018 4126 primum
1050 4040 1167 4107 Poetae
1198 4040 1370 4107 versiculos

180 4151 214 4213 et
244 4147 283 4213 ab
315 4146 388 4214 aliis
419 4152 451 4214 et
481 4169 500 4214 a
530 4147 675 4214 Bentleio
707 4149 893 4232 praesertim
926 4146 1125 4221 emendatos,
1158 4153 1190 4212 et
1216 4167 1370 4232 opponam

180 4273 274 4321 verae
296 4252 426 4320 lectioni
445 4275 531 4332 eam,
552 4274 632 4339 quae
652 4259 685 4320 et
704 4273 787 4318 nunc
807 4254 841 4317 in
861 4248 1033 4318 (lodicibus
1050 4251 1130 4318 Mes.
1150 4253 1372 4319 circumlertur

181 4365 214 4426 et
244 4363 312 4427 erat
343 4362 411 4427 sine
440 4363 653 4428 controversia
683 4360 793 4427 eadem
817 4362 851 4424 in
876 4358 1029 4426 Veterum
1053 4356 1245 4426 Oriticorum
1268 4357 1369 4426 libris.

182 4463 360 4530 Subiiciam
391 4466 442 4532 hie
470 4465 587 4534 Poene
611 4465 715 4542 locos,
739 4466 796 4551 qui
819 4465 923 4532 adhuc
947 4469 1155 4532 correctorem
1178 4471 1369 4552 exspectant.
