3358 5200
888 343 930 413 18

315 537 401 604 enim
436 541 483 602 est
518 534 765 613 Graeculorum,
801 557 857 620 pro
892 558 954 623 quo
990 543 1113 606 veteres
1148 541 1314 622 ποιρῶφόοοι
1346 541 1505 609 dicebant.

355 750 435 837 Peg.
460 747 514 814 24.
542 746 594 812 19.
618 747 698 812 πολὺ
723 747 786 828 yolo
808 749 930 820 πλείους
955 725 1169 831 οὶφορμόοςέἱο
1194 751 1229 816 τό
1255 755 1310 828 τήν
1334 755 1420 832 πορόο
1445 761 1506 817 τῶν

315 860 385 922 θεῶν
410 853 524 919 εὔνοιοον
547 847 631 934 ἔχειν
654 853 706 934 όρῶ
732 856 803 931 ὑμῖν
828 853 989 928 ἘΝοόοοιι
1015 855 1031 931 ή
1057 859 1163 939 ’κεόνςο
1206 858 1406 945 Quamquam
1429 859 1507 924 libri

315 983 425 1028 omnes
444 963 478 1026 in
496 960 620 1030 ε’νοόοοιο
639 957 775 1025 fideliter
794 963 990 1045 conspirant,
1011 965 1118 1027 temen
1139 966 1302 1050 perinepta
1322 965 1399 1030 haec
1410 965 1505 1030 lectio

317 1073 365 1135 est
395 1072 428 1133 et
457 1069 526 1132 sine
556 1068 768 1132 controversia
797 1063 892 1137 οὔτοι
917 1067 1160 1134 emendandum.
1207 1069 1349 1157 Vulgata
1371 1092 1434 1136 non
1457 1076 1506 1136 est

314 1177 425 1240 minus
445 1170 582 1237 ridicula
604 1191 640 1236 ao
663 1174 691 1236 si
714 1173 785 1256 quis
807 1170 906 1236 vellet
929 1171 1032 1238 dicere
1056 1169 1128 1238 οἷδό
1151 1198 1195 1239 τοι
1224 1165 1341 1240 πολλόι
1351 1177 1505 1254 χρήμοτοι

315 1278 460 1344 ἘΝόντοο
489 1296 546 1362 pro
576 1275 659 1341 όυτοο.
706 1274 797 1341 Idem
826 1277 979 1342 mendum
1010 1277 1185 1345 inoleverat
1214 1301 1288 1368 pag.
1313 1279 1367 1346 68.
1393 1280 1446 1346 28.
1472 1283 1505 1344 οὐ

314 1385 377 1466 ρόιρ
400 1383 436 1457 δή
458 1383 584 1461 τριήρεις
606 1406 647 1460 γε
670 1383 723 1465 όρᾷ
747 1383 869 1452 πλείους
892 1383 997 1456 αὐτοῖς
1023 1381 1040 1458 ή
1066 1385 1137 1462 ὑμῖν
1161 1386 1334 1460 ἘΝοότοος.
1382 1385 1418 1452 Si
1436 1385 1506 1452 fieri

314 1495 419 1578 potest
449 1489 501 1573 dpqi
531 1489 657 1568 τριήρεις
689 1487 811 1561 πολλόιο
836 1489 908 1566 ὑμῖν
932 1489 1056 1560 ε’νοότοος
1081 1493 1180 1556 etiem
1202 1495 1308 1580 magis
1331 1492 1506 1558 ridiculum

315 1603 363 1663 est
393 1615 490 1682 quam
514 1595 567 1678 όρᾷ
590 1595 746 1674 χρήματα
769 1595 875 1660 πολλοὶ
899 1596 970 1672 ὑμῖν
995 1594 1111 1660 όνόντοι.
1158 1597 1251 1663 Νυιιο
1271 1599 1400 1683 quidem
1422 1596 1506 1661 liber

313 1702 338 1768 S
360 1702 465 1768 lucem
489 1699 617 1779 attulit,
642 1702 698 1786 qui
719 1699 805 1765 solus
827 1703 974 1766 omnium
996 1700 1091 1771 edoce
1115 1705 1264 1770 serravit.

357 1914 453 1981 Fatui
476 1917 664 1980 correctores
687 1911 816 1978 insulsis
840 1911 1067 1980 additamentis
1094 1916 1251 1980 eximium
1274 1914 1381 1980 locum
1402 1917 1507 2001 inqui-

314 2023 431 2087 narunt
453 2041 528 2108 pag.
553 2018 607 2085 25.
637 2018 691 2084 14.
709 2018 743 2084 τό
761 2018 920 2084 ποιούντων
941 2019 1023 2097 ὑμῶν
1044 2021 1058 2084 ό
1078 2019 1184 2102 χρόνος
1205 2020 1379 2097 διελήλυθεν
1401 2017 1505 2098 odom

318 2125 365 2196 ἵςε
396 2127 459 2208 yde
490 2125 585 2200 δήπου
615 2127 696 2192 τοῦθ’
720 2121 764 2190 ότι
789 2123 965 2204 μελλόντων
992 2126 1145 2214 [οιύτῶν],
1171 2127 1286 2207 ἑτέρους
1310 2127 1396 2198 τινόος
1421 2127 1508 2190 ε’λπι-

320 2233 428 2314 ζόντων
459 2230 603 2312 πρήξειν,
636 2231 823 2310 αἰτιωμένων
854 2231 1027 2309 ἀλλήλους,
1053 2233 1225 2314 κρινόντων,
1251 2233 1347 2298 πόλιν
1371 2231 1509 2311 ἐλπιζόν-

318 2364 398 2417 των,
419 2339 530 2419 σχεόόν
549 2337 655 2403 τοιότόο
675 2335 755 2418 όόπερ
774 2338 834 2402 νυνὶ
854 2338 1015 2402 ποιούντων
1039 2335 1139 2424 [όότοορ
1158 2338 1289 2420 όχρόνος
1303 2339 1505 2423 desitiates}

317 2445 410 2511 Prior
439 2442 642 2529 interpolatio
674 2465 713 2509 ex
735 2442 892 2510 librorum
915 2443 1107 2510 dissensione
1130 2447 1293 2532 arguitur:
1318 2445 1352 2508 in
1375 2445 1507 2508 caeteris

318 2553 406 2616 enim
437 2555 485 2616 est
516 2546 693 2627 μελλόντων
723 2550 822 2632 ὑμῶν,
852 2551 887 2612 in
909 2547 932 2613 S
955 2548 1133 2626 μελλόντων
1155 2553 1271 2629 αὐτῶν,
1295 2551 1378 2636 quod
1400 2553 1506 2614 incon-

316 2656 451 2722 siderate
477 2660 660 2741 receptum:
684 2675 822 2740 namque
846 2654 927 2732 ὑμῶν
951 2656 1081 2741 quidem
1105 2677 1297 2741 quamquam
1322 2657 1448 2720 fatuum
1473 2663 1507 2720 et

315 2761 506 2849 languidum
536 2765 584 2827 est
614 2767 722 2826 taumn
754 2766 801 2826 est
823 2763 998 2827 sententiae
1021 2762 1313 2838 accommodatum,
1337 2762 1369 2826 τό
1392 2761 1506 2826 ποιούν-

316 2890 374 2934 των
417 2867 513 2945 ὑμῶν;
561 2866 768 2953 respoudetur
809 2867 985 2945 μελλόντων
1019 2868 1118 2947 ὑμῶν,
1154 2868 1209 2934 sed
1243 2872 1342 2934 αὐτῶν
1376 2867 1505 2932 nullum

316 2975 445 3039 omnino
477 2973 574 3038 habet
605 2972 723 3061 locum.
770 2971 808 3037 ln
839 2975 970 3038 caeteris
984 3027 986 3030 .
1000 2977 1174 3041 concitatae
1203 2976 1353 3041 orationis
1385 2973 1507 3060 ellipsis

303 3085 545 3160 1ρροομμοιτιιιῶο
571 3078 697 3165 expleta
718 3084 815 3144 vexet
836 3079 928 3144 nobis
952 3099 1052 3145 aures.

364 3290 444 3376 Peg.
475 3287 530 3355 25.
562 3287 615 3354 20.
639 3289 675 3353 δι’
699 3284 737 3354 ὧν
761 3291 795 3355 ἐκ
819 3296 940 3370 κολεῶν
964 3294 1078 3371 Φοῦλοι
1102 3291 1145 3357 τοὶ
1169 3289 1351 3371 πράγματα
1373 3300 1429 3366 τῆς
1453 3293 1506 3358 πόέ

317 3413 395 3469 λεως
417 3395 529 3474 γέγονε
551 3394 602 3460 διὰ
626 3396 739 3461 τούτων
765 3395 907 3476 ἑλπόζετε
932 3398 1004 3482 [τῶν
1026 3399 1127 3463 οὔτῶν
1145 3397 1297 3486 πράξεων]
1323 3400 1357 3462 εἰι
1374 3399 1506 3480 φοοόλων

318 3502 404 3569 atrei
434 3501 540 3583 χρήεόο
570 3502 762 3579 ρευήοεοόοιι.
809 3503 1029 3590 Expungenda
1058 3509 1134 3569 sunt
1162 3505 1298 3572 molesta
1328 3506 1425 3572 verbe
1446 3511 1505 3570 τῶν

319 3611 419 3674 adreio
438 3605 589 3688 πράξεων,
613 3609 728 3694 quibus
747 3609 917 3674 verborum
935 3612 1129 3676 concinnitas
1140 3609 1294 3688 laeditur,
1309 3632 1388 3697 quae
1399 3614 1507 3694 inepte

318 3714 480 3780 abundant
503 3718 552 3797 et,
576 3713 658 3799 quod
679 3715 907 3801 gravissimum
927 3720 992 3793 est,
1014 3736 1088 3781 cum
1108 3717 1331 3782 Demosthenis
1350 3719 1508 3783 sententia

317 3825 473 3907 pugnant.
519 3817 592 3884 Non
616 3822 701 3885 enim
725 3818 775 3883 διὰ
798 3818 937 3901 πρόξεοόν
960 3845 1047 3886 τινων
1068 3843 1118 3888 res
1143 3823 1386 3888 Atheniensium
1412 3822 1507 3889 afflic-

318 3931 369 3990 tae
402 3928 508 4001 erent,
540 3925 595 3990 sed
626 3920 671 3990 ότι
702 3924 845 4002 deciduos-o
878 3927 961 3991 οὐδὲν
985 3933 1148 4002 ποιοῦντες.
1181 3927 1293 4014 Ita-que
1316 3930 1367 3994 διὰ
1391 3929 1506 3994 τούτων

320 4037 368 4095 est
391 4029 442 4095 διόο
464 4030 615 4114 ρ’ροόυμόοις
635 4033 688 4097 sci
709 4032 823 4112 οόργόοιρ
842 4032 895 4098 uel
914 4034 1078 4111 μοιλοοιιόοις
1097 4035 1149 4100 κοιλ
1172 4035 1307 4109 δειλόοορ,
1327 4041 1360 4100 et
1377 4037 1507 4102 omnino

321 4138 457 4202 minime
480 4135 529 4200 tet
554 4133 691 4216 πράξεώς
716 4161 804 4211 τινος.

365 4347 445 4434 Peg.
477 4344 531 4411 29.
564 4345 594 4413 7.-
627 4349 641 4412 d
671 4349 728 4427 μὲν
758 4346 807 4415 οὖν
838 4357 991 4416 ΠΑΡΩΝ
1019 4353 1119 4432 κοοιρός
1142 4351 1226 4431 εἴπερ
1249 4360 1368 4418 ΠΟΤΕ
1389 4361 1509 4426 πολλῆς

320 4453 476 4536 Φροντιλοο
508 4452 560 4518 κοιλ
591 4453 708 4532 βουλῆς
739 4455 848 4522 terret.
896 4456 1041 4522 Absurde
1063 4457 1193 4543 quidem
1216 4457 1294 4524 haec
1316 4463 1416 4526 oratio
1439 4471 1506 4525 est:
