3208 5158
876 371 941 440 2211

471 567 515 643 μη
541 589 573 630 νυ
597 589 627 628 τι
652 568 707 630 σεῦ
732 563 839 638 ἀέκητι
864 561 962 638 δέμων
987 562 1022 628 έιι
1046 568 1156 636 κτῆμα
1180 558 1323 640 Φέρηται.

311 675 418 739 ἀθετεῖ
447 669 653 750 ἈριςοΦάνης
690 671 739 736 έπ1
764 669 976 750 σμικρολογία
1006 674 1178 740 παντελῶς.
1229 666 1343 754 Odyss.
1380 676 1417 732 0.
1446 665 1496 732 82.

314 778 480 844 Menelaus
504 777 543 843 ad
568 777 797 842 Telemachum
821 779 867 839 ita
891 775 989 838 dicit:

474 883 555 951 ἀςεα
579 885 605 947 δ’
630 884 789 958 ἀνθρώπων
813 881 989 957 ἡγήσομαι·
1016 879 1081 945 οὐδέ
1105 901 1151 952 τις
1177 876 1276 953 ἡμέας

476 989 576 1060 αὕτως
602 988 790 1072 ἀππέμψει,
814 987 899 1052 δώσει
926 985 957 1052 δέ
982 1008 1028 1049 τοι
1052 983 1082 1048 ἕν
1107 1008 1145 1062 γε
1169 985 1328 1064 Φέρεσθαι.

360 1093 526 1161 Scholion:
558 1093 612 1158 καὶ
645 1098 751 1158 ταῦτα
781 1093 907 1171 ἀπρεπῆ
940 1091 1137 1156 διδάσκεσθαι
1166 1089 1237 1170 πρὸς
1271 1087 1432 1155 Μενελάον
1453 1089 1497 1152 τὸν

315 1201 508 1281 Τηλέμαχον
533 1201 694 1265 ’ἐπαιτεῖν
719 1198 922 1286 (mendicare).
959 1194 1007 1263 cf.
1032 1196 1191 1263 Mnemos.
1218 1194 1317 1261 1873.
1342 1217 1416 1282 pag.
1439 1193 1467 1259 6.

360 1306 473 1394 Odyss.
499 1317 538 1372 0.
564 1303 618 1370 88.
1120 1313 1122 1318 ’

475 1411 630 1490 βούλομαι
656 1409 710 1485 ἤδη
737 1411 853 1475 νεῖσθαι
879 1408 931 1490 ἐφ’
956 1408 1113 1488 ἡμέτερα,
1141 1447 1183 1458 -

475 1521 519 1596 μη
543 1516 653 1597 πατέρ’
678 1517 812 1582 ἀντίθεον
835 1515 991 1598 διζήμενος
1017 1515 1110 1590 αὐτὸς
1134 1514 1271 1599 θλαριαι,

477 1623 551 1701 ἥτέ
573 1647 624 1700 μοι
650 1622 684 1686 έκ
708 1621 853 1701 μεγάριιν
878 1622 1035 1699 κειμήλιον
1060 1621 1165 1684 ἐσθλὸν
1189 1619 1308 1696 ὄληται.

362 1729 526 1796 Scholion:
551 1729 644 1800 αὐτὸς
673 1727 850 1804 taceas:
881 1727 949 1793 ἀντέ
976 1731 1029 1793 τοῦ
1052 1726 1103 1791 τὸν
1126 1727 1195 1804 βέον
1218 1750 1278 1804 μιν
1311 1724 1500 1791 ἀπολέσει.

316 1838 406 1900 τοῦτο
427 1835 458 1901 δέ
479 1835 686 1914 ἀρνοησιιντέι
706 1857 785 1906 τινες
806 1834 993 1913 προσέθηκαν
1012 1832 1064 1897 τὸν
1084 1831 1163 1909 iiic·
1182 1853 1257 1898 nam
1269 1831 1499 1920 siclegendum.

318 1938 367 2007 of.
393 1940 551 2007 Mnemos.
579 1939 676 2007 1878.
701 1961 776 2028 pag.
801 1939 833 2006 7.

477 2047 507 2133 (ἤ
532 2045 564 2111 τέ
587 2070 639 2134 μοι
662 2047 696 2110 εἰι
721 2044 867 2123 μεγάρων
891 2046 1049 2122 κειμήλιον
1074 2043 1178 2109 έσθλὸν
1202 2042 1327 2124 θληται)

316 2148 335 2216 θ
356 2153 399 2220 ε’ςι
424 2153 649 2232 σμικρολθγσν,
675 2154 713 2223 ἀι
741 2149 949 2232 ’λριςοφάνης
973 2152 1078 2230 φησίν.
1128 2149 1241 2237 Odyss.
1267 2159 1306 2215 Σ.
1334 2148 1412 2215 281.

661 2256 793 2334 γήθησεν
817 2255 848 2321 δὲ
873 2257 1035 2328 πολυτλάι
1058 2256 1117 2328 δῖος
1141 2254 1310 2327 Ὀδυσσεύς

477 2359 585 2427 οὕνεκα
609 2366 668 2425 τῶν
694 2362 752 2438 μὲν
785 2363 887 2438 δῶρα
920 2361 1162 2436 παρέλκετο.

362 2467 527 2534 Scholion:
553 2468 675 2538 εὐτελές
699 2472 800 2532 τοῦτο.
828 2467 870 2532 διὸ
894 2467 947 2530 καὶ
974 2468 1126 2542 κεραύνιον
1150 2465 1318 2544 παρέθηκεν
1344 2465 1501 2548 ἈριςοΦά·

317 2598 379 2646 νης.
427 2572 532 2655 Quam
561 2572 705 2637 multum
735 2572 792 2638 ille
815 2573 924 2637 aberat
947 2573 986 2638 ab
1010 2573 1200 2639 Homericae
1224 2576 1339 2638 aetatis
1364 2568 1501 2640 candore!

317 2683 533 2764 Antiquorum
557 2677 748 2763 simplicitas
770 2697 834 2742 non
857 2677 974 2760 fallax,
998 2700 1061 2744 non
1081 2680 1205 2746 erudita
1226 2677 1364 2746 artificio
1384 2677 1503 2746 simnia·

316 2787 427 2861 tionis,
448 2786 529 2849 dona
549 2790 581 2850 st
601 2805 734 2850 munera
753 2805 817 2851 non
829 2787 936 2850 minus
947 2784 1094 2851 lubenter
1105 2787 1280 2871 accipiebat
1293 2807 1390 2869 quam
1404 2785 1503 2850 dabat:

317 2891 372 2958 sed
391 2893 604 2978 grammatico
623 2893 655 2954 in
682 2889 756 2956 aula
779 2893 867 2978 regia
891 2891 1004 2976 opibus
1027 2890 1169 2956 affluenti
1193 2892 1365 2956 ιίιιέισσνιιιιι
1388 2892 1505 2958 ridetur

317 3000 443 3084 regium
472 3001 623 3062 iuvenem
656 3017 674 3060 a
705 3017 782 3082 rege
813 2995 958 3061 Menelao
982 2998 1146 3060 mendicare
1168 2997 1286 3066 doceri.
1311 2999 1450 3062 ἐπαιτεῖν
1471 2997 1505 3058 δι-

318 3099 504 3170 tassetan
539 3101 661 3167 Metuit
692 3101 901 3167 Telemachus
930 3123 969 3167 ne
1006 3122 1068 3186 qua
1099 3103 1160 3167 sibi
1191 3104 1330 3188 pretiosa
1352 3101 1505 3190 suppellex

319 3211 414 3276 domo
445 3208 608 3275 auferatur
636 3228 672 3272 ao
703 3215 828 3292 pereat:
862 3209 982 3290 σκριινθί
1012 3209 1107 3272 animi
1136 3208 1367 3292 (σμικρολόγου)
1394 3210 1506 3277 homini

317 3316 421 3381 aulico
445 3314 501 3380 ille
523 3319 629 3378 metus
655 3333 722 3378 esse
745 3313 883 3379 videtur.
922 3312 1128 3379 Ptolemaeus
1152 3316 1280 3399 quidem
1303 3316 1389 3382 nihil
1407 3316 1508 3381 huius

318 3421 442 3489 cemodi
476 3419 652 3485 metuebat.
698 3417 856 3505 Penelope
888 3439 907 3484 a
937 3423 1039 3505 procis
1070 3422 1151 3504 petit
1182 3441 1315 3488 munera
1346 3428 1379 3488 et
1411 3424 1425 3488 1
1457 3421 1507 3498 μὲν

319 3527 489 3597 Ὀδυσσεὺς
513 3526 680 3602 ἐγήθησεν,
702 3526 715 3590 ὁ
738 3525 769 3590 δὲ
790 3523 997 3602 Ἀριςοφάνης
1021 3525 1212 3604 δυσχεραίνει
1229 3535 1262 3591 et
1273 3529 1399 3599 εὐτελὲς
1411 3532 1506 3599 τοῦτο,

316 3635 431 3719 inquit.
464 3631 588 3702 εὐτελὲς
621 3630 659 3695 ἀν
685 3624 718 3702 ἦν
742 3633 770 3695 si
793 3630 828 3695 id
851 3631 1002 3697 Berenice
1025 3631 1133 3716 aliqua
1155 3638 1211 3696 aut
1234 3633 1368 3700 Arsinoe
1392 3635 1507 3700 fecisset

317 3740 462 3826 Aegypti
487 3737 624 3824 regina(
658 3735 811 3801 Eiusdem
838 3740 963 3824 generis
988 3743 1021 3802 et
1045 3737 1085 3802 ab
1109 3737 1219 3803 eodem
1241 3741 1400 3824 prolectas
1422 3757 1509 3827 agno

316 3866 384 3911 ecee
407 3851 439 3910 et
461 3843 555 3910 hasce
580 3843 847 3929 reprehensiones.
896 3841 1009 3930 Odyss.
1033 3854 1074 3907 A.
1101 3841 1176 3908 523.

418 3951 519 4027 αὐτάρ
543 3943 588 4013 ὅτ’
614 3949 656 4021 εἰς
680 3945 776 4014 ἵππον
801 3949 1047 4026 κατεβαίνομεν,
1072 3946 1103 4014 ὃν
1128 3949 1207 4027 κάκ’
1234 3950 1377 4030 Ἐπειός,

407 4055 555 4134 Ἀργεέοιν
578 4057 604 4120 ol
629 4054 746 4135 ἀριςοι,
771 4054 838 4131 luel
864 4056 891 4121 δ’
917 4055 968 4122 ἐπὶ
993 4055 1087 4120 πάντ’
1111 4055 1261 4121 ἐτέταλτο

420 4162 495 4235 ἠμὲν
519 4163 687 4232 ἀνακλῖναι
712 4166 833 4227 πυκινὸν
857 4161 954 4244 λόχον
977 4163 1023 4236 ἠδ’
1047 4163 1205 4228 έπιθεῖναι.

364 4263 512 4331 Scholion
543 4267 581 4331 ad
613 4288 661 4332 vs.
696 4267 779 4332 525:
813 4269 1037 4347 περιγραπτέον
1069 4270 1107 4339 ὡς
1139 4269 1274 4347 ἀπρεπῆ.
1304 4271 1429 4347 θυρωροῦ
1451 4263 1508 4343 γάρ

319 4369 414 4452 ἔργον.
461 4369 578 4436 Hercle
613 4374 648 4436 in
680 4371 857 4439 Ptolemaei
887 4376 977 4462 regia
1006 4373 1072 4440 vile
1102 4381 1170 4439 erat
1199 4374 1341 4439 ιἰιιιὶέστίι
1374 4375 1510 4440 ministe

316 4480 400 4543 rium
425 4479 556 4541 ianuam
581 4476 730 4542 claudere
752 4485 784 4544 st
807 4479 986 4558 recludere,
1007 4481 1062 4546 sed
1081 4480 1160 4558 alia,
1180 4483 1305 4567 opinor,
1330 4501 1380 4547 res
1391 4478 1510 4546 eratin
