3392 5186
732 358 797 428 395

172 554 324 630 Τυδείδης
355 559 388 620 et
417 550 596 637 complures
625 549 710 635 opud
739 549 915 617 Pindarum
943 555 973 618 et
998 549 1149 640 Trogioos
1170 551 1234 620 loci
1257 557 1359 619 osten·

172 661 246 728 dere
266 663 413 746 poteraut
432 662 465 724 et
485 658 689 722 notissimum
712 654 816 721 σιωιιιί
839 678 848 694 ·

489 760 539 828 ivs
562 786 618 843 περ
641 764 777 836 ποδώκης
801 762 952 844 Ἀχιλεύς

490 867 640 943 Τυδείδην
662 893 697 933 πε
721 868 819 949 Φασίν
845 870 1014 947 Διομήδεα.

219 978 280 1045 Sed
306 997 430 1063 semper
453 975 630 1042 serendum
652 995 693 1040 ns
716 974 866 1041 mendose
888 977 1045 1060 scripturo
1068 975 1191 1061 decepti
1214 997 1251 1042 es
1273 983 1359 1044 vete

172 1085 262 1150 ribus
284 1085 449 1171 magistris
471 1083 552 1149 vitio
573 1087 754 1156 vertamus,
778 1079 951 1165 dequibus
968 1101 1147 1165 numquam
1166 1085 1359 1171 comburunt.

173 1191 225 1258 Ad
255 1189 314 1255 Od.
344 1194 382 1271 ψ.
416 1185 492 1253 310.
525 1185 676 1252 adscribit
704 1184 870 1250 Bekkerue
898 1205 937 1250 ex
969 1182 1085 1253 Codice
1107 1186 1359 1256 Vindoboucnsi:

174 1297 326 1377 ρηπυριαίρν
349 1301 482 1359 ποιεῖται
505 1291 781 1372 ἀνακεφαλαίωσιν
801 1299 857 1366 τῆς
877 1289 1043 1364 ὑπυίίσεως
1063 1293 1117 1358 καί
1138 1295 1359 1373 intromiseris

175 1401 370 1475 Ὀδυσσείας.
394 1407 546 1466 ΚΑΛΩΟ
569 1393 618 1463 οὖν
642 1395 784 1472 titienses
805 1396 989 1478 ’Λρίςαρχις
1010 1398 1080 1471 τοὺς
1099 1408 1179 1480 τρεῖς
1201 1401 1253 1466 καί
1277 1401 1362 1482 πρινί-

157 1499 279 1574 .κυνσα.
326 1507 396 1572 Imo
424 1525 500 1572 vero
531 1511 679 1569 KAKnc
709 1499 768 1568 οὖν.
816 1501 869 1568 Sic
898 1523 991 1589 saepe
1021 1525 1060 1570 ex
1088 1507 1263 1574 scribarum
1285 1510 1362 1574 osci-

175 1617 278 1680 toutio
300 1623 328 1678 A
352 1611 436 1678 mule
460 1610 568 1675 addito
591 1613 648 1674 out
671 1611 788 1674 omisso
811 1611 1006 1674 contrarium
1025 1632 1109 1677 nunc
1128 1612 1246 1678 dicitur
1264 1634 1362 1699 quum

175 1720 255 1788 olim
286 1720 408 1785 dictum
438 1715 511 1782 fuit.
558 1714 706 1780 Vidimus
737 1712 861 1784 πιίανίς
891 1735 946 1800 pro
977 1716 1123 1791 ιίπίίανις
1155 1719 1250 1786 scribi
1278 1718 1363 1804 opud
1448 1721 1451 1728 ’

175 1823 363 1891 Strabonem
395 1827 428 1888 et
457 1820 608 1888 Flauium
637 1820 818 1906 Iosephum.
865 1821 1001 1893 Πιίαυῶς
1028 1821 1128 1888 stulte
1149 1825 1300 1890 scribitur
1323 1823 1363 1890 ed

174 1931 266 1998 sstsd.
290 1938 331 1995 N.
356 1927 433 1993 658.
456 1947 513 2015 pro
535 1925 720 1997 Ἀπιίιίνως.
753 1925 813 1992 Ad.
837 1925 876 1990 Il.
900 1934 942 1991 Ψ.
965 1924 1041 1993 772.
1067 1926 1190 2016 legitur
1211 1929 1361 2012 ψεύδεται

176 2035 305 2112 συνίίως
335 2032 472 2115 Ὅμηρος
493 2053 551 2119 pro
574 2031 754 2107 Ἀσυνιίίως.
778 2031 873 2098 stud
896 2043 928 2096 B.
955 2031 1030 2097 169.
1055 2033 1089 2098 τὸ
1114 2034 1304 2117 ὑπερφίαλον
1326 2036 1363 2102 τί

176 2143 257 2210 πυλὺ
289 2139 431 2219 σημαίνει
456 2138 506 2204 καί
532 2137 678 2218 ἄμετρον,
702 2139 740 2210 ὣς
763 2145 819 2212 τῆς
843 2135 962 2219 Φιιίλιρς
986 2138 1139 2218 Ἀριίτρσυ
1161 2139 1272 2218 οὔσης,
1296 2143 1363 2207 imo

176 2267 252 2314 vero
275 2243 396 2325 Μίτριυ
420 2243 520 2319 οὔσης.
566 2243 604 2310 Iu
626 2243 767 2310 Bcklreri
789 2244 948 2309 Acccdots’e
970 2264 1043 2333 pog.
1070 2241 1124 2311 79.
1144 2244 1175 2310 9.
1197 2246 1362 2312 docemur:

177 2356 398 2432 Ἀριαρτεῖν
426 2350 478 2418 καί
511 2351 707 2425 ἀδικῆσαι
738 2349 888 2430 διαφόρως
918 2349 1094 2416 τιίσσσυσιν.
1127 2351 1194 2418 noli
1220 2354 1360 2431 credere,

177 2457 232 2525 sod
261 2455 465 2539 ’Λδιαφίρωα
506 2455 591 2522 ibid.
623 2478 695 2544 pag.
729 2452 783 2521 97.
817 2453 871 2520 23.
899 2457 1094 2548 'Euomeret
1125 2457 1160 2523 τὸ
1194 2459 1279 2524 κατὰ
1300 2462 1364 2524 πᾶν

177 2563 336 2645 πέπειραν,
360 2561 494 2629 emendo
517 2563 551 2628 τὸ
575 2560 661 2626 ααπιί
685 2569 730 2625 TI
758 2560 946 2640 ’Λπίπειρσα
982 2561 1165 2650 IuScbolio
1185 2564 1226 2629 sd
1243 2565 1364 2632 Aristo

176 2671 290 2757 phanis
317 2669 486 2753 Ttoeuopt.
511 2665 587 2734 917.
612 2672 796 2733 annotetur:
821 2665 944 2744 σίνιίξιιις
968 2668 994 2732 δ’
1017 2668 1055 2734 ἂν
1079 2668 1123 2744 είιρ
1147 2667 1161 2734 ὃ
1186 2670 1365 2749 resistebas

177 2799 228 2848 πως
260 2773 438 2844 πιςείεσίαι
468 2776 507 2846 os
535 2773 574 2838 ἂν
604 2773 672 2854 περί
704 2771 892 2840 διδασκάλου
923 2779 976 2840 τοῦ
1008 2773 1227 2858 ’Λριςνφιίνους
1252 2775 1363 2854 λέγων.

177 2881 248 2948 Imo
268 2901 344 2948 vero
363 2879 486 2958 Ἄξιος,
513 2885 552 2944 ut
573 2881 694 2964 opinor.

564 3315 739 3388 Ἀίετήσειι
762 3331 974 3380 suessorum.

224 3510 452 3588 Aunotetiones
482 3505 690 3587 (triticorum,
716 3529 796 3595 quse
819 3511 1006 3594 supersunt,
1030 3507 1143 3574 multis
1165 3509 1270 3575 modis
1292 3516 1368 3576 eunt

179 3620 331 3692 uitistse,
359 3615 540 3680 decurtatos
563 3618 595 3679 et
618 3611 796 3681 mutilstse.
844 3613 1012 3679 Praetereo
1035 3611 1213 3700 complures
1231 3616 1369 3682 Arister-

180 3721 233 3789 chi
262 3721 496 3788 observationes
526 3723 559 3784 et
589 3720 748 3794 ιίίετίσεις
779 3719 924 3785 funditus
954 3721 1157 3798 interierunt,
1182 3723 1368 3806 praesertim

179 3831 214 3894 iu
238 3825 396 3913 Odyssea,
420 3829 458 3890 ut
481 3845 520 3890 ex
542 3824 670 3890 iudiciis
692 3826 902 3912 quibusdum,
927 3845 1006 3912 quse
1028 3829 1062 3890 in
1085 3824 1205 3892 Veneto
1231 3838 1260 3891 Λ
1283 3831 1315 3892 ct
1334 3838 1366 3892 B.

180 3936 305 4000 servate
327 3935 420 4014 sunt,
444 3929 656 3996 ostendemus.

225 4035 285 4103 Od.
308 4048 342 4101 Β.
368 4032 446 4100 494.

361 4139 517 4223 παννυχίη
540 4136 599 4218 po
621 4141 646 4221 ρ’
670 4139 729 4218 itys
752 4140 805 4204 καί
829 4143 870 4215 ἠῶ
897 4148 981 4223 πεῖρε
1007 4141 1155 4209 κέλευθον.

181 4250 222 4316 sd
252 4247 293 4314 Il.
327 4256 374 4312 Ω.
405 4245 436 4312 8.
469 4245 621 4323 circeso
652 4269 687 4310 τε
717 4245 849 4323 κύματα
879 4246 987 4327 πείρων
1008 4253 1179 4314 annotetur
1208 4252 1275 4316 πεί
1282 4271 1368 4333 ρωνε

181 4352 374 4437 βαρυπίνως·
399 4351 477 4435 φησί
502 4357 576 4431 γοῦν

363 4458 517 4538 παννυχίη
540 4457 597 4536 ριίν
620 4457 646 4540 ῥ’
671 4454 730 4538 ἥγε
752 4456 805 4524 καί
832 4459 871 4533 sicis
899 4464 984 4540 πεῖρε
1008 4456 1155 4524 serves.
