3358 5200
851 295 895 366 40

803 485 880 574 Cap.
904 487 961 554 111.

677 709 794 766 ΚΑΤΑ
819 709 1028 767 <alumnos
1054 711 1093 766 A.

334 913 415 1002 Peg.
449 913 524 979 142.
559 911 611 980 18.
643 913 709 992 ἐμοὶ
741 915 804 996 γὰρ
837 913 931 986 οὐδεὶς
963 912 1065 994 οὕτως1
1082 912 1187 986 ἅθλιος
1211 912 1273 979 οὐδ’
1299 913 1378 991 ὠμὸς
1402 907 1485 978 εἶναι

291 1021 375 1086 δοκεῖ
406 1022 461 1098 τὴν
496 1020 639 1100 γνώμην,
672 1020 776 1086 ον’κννν
808 1021 973 1096 Ἀθηναίων
1006 1047 1065 1098 γε,
1103 1016 1200 1108 [οἶμαι
1233 1022 1307 1085 ἀλλ’
1331 1020 1397 1084 οὐδὲ
1420 1021 1486 1083 τῶν

291 1127 410 1214 ἄλλων]
449 1123 506 1194 diss
542 1128 705 1192 λυπεῖσθαι
741 1131 847 1191 ταῦτα
879 1124 1105 1204 λαμβάνοντας
1139 1129 1207 1206 ὁρῶν
1239 1128 1309 1198 τοὺς
1339 1124 1486 1204 ἀπόρους.

292 1233 397 1314 Quam
426 1234 570 1317 primum
599 1232 774 1297 absurdum
805 1232 965 1299 emblema
996 1254 1153 1322 expunge.
1200 1231 1326 1300 Mirum
1348 1252 1410 1297 non
1433 1233 1487 1296 vi·

292 1341 375 1405 disse
398 1338 544 1403 Editores
566 1337 643 1402 haec
667 1337 807 1404 adversis
829 1338 988 1405 frontibus
1010 1341 1094 1404 inter
1117 1360 1149 1404 se
1172 1357 1326 1426 pugnare.
1360 1335 1489 1408 ¹Orator

293 1447 332 1512 de
356 1444 505 1511 omnibus
523 1444 708 1510 hominibus
728 1444 762 1509 id
781 1445 885 1510 dicere
903 1447 1103 1522 instituerat,
1125 1445 1179 1511 sed
1197 1465 1238 1510 ne
1257 1446 1358 1510 nimie
1377 1442 1488 1507 dicere

292 1550 471 1626 videretur,
486 1549 527 1614 od
540 1548 622 1616 solos
634 1550 843 1616 Athenienses
855 1551 935 1615 hanc
947 1551 1156 1638 benignitatis
1168 1548 1296 1616 laudem
1309 1549 1486 1614 revocavit.

293 1653 485 1740 Supervenit
518 1660 627 1740 postea
660 1655 759 1721 lector
793 1655 926 1742 aliquis,
963 1656 1096 1722 candido
1127 1659 1250 1734 anime,
1285 1674 1346 1741 quo
1376 1651 1489 1718 iudice

292 1759 351 1827 illa
372 1761 443 1826 laus
466 1762 616 1827 omnibus
637 1762 822 1827 hominibus
844 1765 1005 1847 impertiri
1028 1762 1172 1828 debebat.

339 1941 376 2008 In
395 1944 517 2029 optimo
536 1943 559 2010 S
578 1965 640 2010 non
659 1949 708 2010 est
725 1943 822 2011 huius
841 1945 1052 2010 additamenti
1069 1965 1128 2010 nec
1142 1943 1215 2010 vola
1226 1963 1284 2009 nec
1295 1943 1486 2030 vestigium.

338 2123 453 2191 Mirari
483 2124 568 2192 soleo
597 2145 694 2212 quam
724 2146 838 2211 pamm
867 2123 1014 2190 Editores
1044 2125 1079 2188 in
1101 2125 1286 2191 testimonio
1311 2121 1437 2190 Codicis
1461 2120 1490 2186 S

292 2229 345 2297 vel
373 2231 571 2296 admittendo
600 2232 653 2298 vel
675 2250 738 2296 non
760 2229 958 2296 admittendo
981 2230 1044 2295 sibi
1069 2234 1222 2295 constent.
1269 2228 1367 2295 Modo
1390 2230 1482 2292 enim

293 2334 445 2401 lectiones
474 2337 644 2402 manifesto
669 2339 819 2414 vitiosas,
851 2355 930 2421 quae
961 2338 996 2400 in
1025 2334 1091 2402 solo
1122 2333 1145 2399 S
1177 2335 1339 2413 feruntur,
1371 2332 1490 2418 cupide

294 2443 467 2526 recipiunt,
491 2442 587 2507 modo
611 2444 799 2527 scripturas,
824 2461 903 2526 quae
926 2461 1035 2506 omnes
1058 2441 1177 2506 habent
1198 2461 1348 2506 numeros
1370 2442 1491 2505 verita·

295 2549 354 2624 tis,
386 2567 405 2610 a
437 2543 552 2612 Codice
582 2545 704 2612 oblatas
727 2553 943 2632 espemontur.
989 2545 1165 2632 Utriusque
1187 2548 1300 2611 erroris
1322 2543 1492 2630 complura

296 2650 442 2738 exempla
464 2652 546 2717 infra
570 2653 777 2738 proferemus.

340 2758 446 2823 Etiam
479 2760 570 2842 peius
605 2763 653 2823 est
686 2778 787 2843 quum
820 2757 929 2823 futilia
963 2755 1174 2836 emblemate,
1208 2759 1306 2822 etism
1339 2779 1375 2824 ea
1404 2777 1490 2842 quse

295 2869 402 2949 aperto
421 2883 495 2927 cnm
514 2862 737 2931 Demosthenis
755 2866 911 2929 sententia
930 2869 1093 2951 pugnant,
1110 2884 1306 2949 quamquam
1317 2866 1352 2927 in
1364 2865 1490 2948 optimo

296 2973 378 3035 teste
396 2989 552 3055 nusquam
572 2974 772 3055 comparent,
793 2975 901 3034 tamen
920 2971 1125 3055 pertinaciter
1142 2975 1179 3034 ut
1197 2970 1257 3035 hoc
1274 2969 1343 3036 loco
1358 2970 1491 3034 haerere

296 3075 455 3142 videmus.
1260 3076 1269 3088 ⁵

341 3255 557 3324 Simiiiimum
577 3257 654 3322 huic
677 3256 932 3323 additamentum
955 3256 1076 3322 latebat
1099 3257 1182 3343 apud
1207 3256 1368 3323 Iulianum
1392 3257 1422 3322 ἐν
1443 3259 1489 3338 τῷ

296 3363 491 3442 μνσνπῶγωνν
514 3382 586 3451 pag.
614 3360 690 3428 337.
714 3381 744 3428 Β.
769 3363 836 3440 ἐμοὶ
863 3362 893 3428 δὲ
913 3363 1102 3443 ἀπαγορεύει
1121 3362 1134 3426 ὃ
1155 3363 1244 3441 νόμος
1265 3363 1315 3426 ἐπ’
1335 3361 1487 3438 ὀνόματος

297 3467 410 3554 [ὥσπερ
442 3463 529 3547 οἶμαι
559 3468 701 3540 καὶτοῖς
726 3467 833 3540 ἄλλοις
857 3466 990 3557 ἅπασιν]
1017 3471 1187 3536 αἰτιᾶσθαι.
1234 3469 1345 3536 Nonne
1367 3471 1489 3553 perspi-

296 3597 394 3642 cuum
417 3581 465 3642 est
488 3576 567 3642 duos
589 3575 642 3641 hic
665 3575 812 3653 homines
833 3572 946 3660 loqui?

340 3755 421 3845 Peg.
447 3755 522 3821 142.
548 3754 601 3822 24.
627 3751 702 3821 droa
723 3756 759 3821 τὸ
783 3755 846 3820 αἰπὺ
869 3763 927 3821 τῶν
951 3761 1052 3821 κοινῶν
1076 3754 1139 3828 ἔθος
1163 3755 1212 3820 ἐπὶ
1237 3755 1279 3821 τὰ
1304 3756 1366 3822 ἴδια
1386 3781 1488 3834 μετα·

296 3863 488 3944 βνβῶζνντνις
520 3861 607 3943 δρῶσί
636 3885 725 3934 τινας
756 3861 808 3926 καὶ
840 3861 945 3940 μέγαν
975 3862 1032 3939 μὲν
1062 3860 1136 3926 ὄντα
1168 3863 1243 3942 παρ’
1275 3863 1347 3941 ὑμῖν
1379 3863 1488 3936 εὐθέως

297 3970 348 4034 τὸν
372 3969 524 4047 λέγοντα,
549 3966 702 4034 ἀθάνατον
725 3966 751 4032 δ’
775 3963 852 4033 ἕνεκ’
876 3968 1076 4048 ἀσφαλείαις,
1100 3968 1206 4048 ἑτέραν
1227 3968 1258 4034 δὲ
1278 3970 1333 4043 τὴν
1353 3968 1488 4046 κρύβδην

297 4083 403 4157 ψῆφον
428 4079 482 4139 τοῦ
505 4081 641 4156 φανερῶς
666 4074 803 4155 θορύβου.
851 4073 1064 4140 Perdiderunt
1085 4073 1192 4140 oleum
1215 4080 1248 4141 et
1271 4094 1397 4161 operam
1419 4095 1489 4141 om-

296 4203 368 4258 nes,
403 4183 459 4266 qui
481 4179 566 4246 hunc
588 4180 695 4246 locum
719 4183 921 4266 interpretari
944 4183 1049 4245 conati
1070 4186 1154 4245 sunt.
1202 4181 1281 4247 Atra
1303 4187 1394 4246 nocte
1418 4203 1487 4266 pre

295 4293 429 4352 muntur
451 4288 558 4362 omnia
580 4293 708 4372 propter
729 4289 825 4351 unius
844 4285 993 4354 vocabuli
1009 4285 1133 4370 labem,
1154 4307 1251 4371 quam
1272 4289 1300 4351 si
1319 4285 1490 4354 sustuleris

296 4392 353 4461 lux
383 4394 453 4458 erit.
500 4391 660 4457 Emendat:
692 4391 746 4457 soi
776 4391 881 4470 μέγαν
913 4393 969 4470 μὲν
1000 4391 1074 4457 ὄντα
1105 4391 1178 4475 παρ’
1211 4391 1282 4471 ὑμῖν
1305 4393 1410 4467 εὐθέως
1435 4395 1490 4460 τὸν
