3208 5158
868 263 933 334 188

351 454 429 545 Peg.
465 454 540 522 563.
573 454 659 533 οὗτος
691 456 717 522 δ’
740 456 802 525 ε’ςίν
826 457 840 522 ί
865 457 1016 534 Προυσίους
1040 456 1054 521 ί
1079 457 1131 524 aab
1156 457 1304 536 Ἀννίβαν
1328 455 1490 534 δεξάμενος

307 601 349 614 ·-
380 564 433 630 κοί
462 573 517 640 τῆς
542 565 595 645 ἐφ’
618 561 837 644 Ἑλλησπόντῳ
862 565 999 643 Φρυγίοις
1022 563 1184 634 'Anarta
1209 565 1294 629 κατὰ
1318 563 1492 641 συμβάσεις

305 677 368 742 τοῖς
400 672 610 743 ’Δττοιλιιιοῒς
657 669 800 735 Haerent
830 671 865 734 in
898 667 1020 740 οὶνοιτοίς
1056 674 1242 754 reponentes
1276 669 1432 737 οὶνοίςυσιν
1464 674 1493 734 et

195 833 198 840 .
306 777 370 843 alia
389 775 621 856 ἀπροσδιόνυσον.
668 776 746 842 Erat
764 781 873 840 tamen
893 773 1067 840 facillimus
1085 773 1173 840 locus
1192 775 1233 840 ad
1252 774 1491 841 amandandum.

304 881 436 948 Prusias
458 882 638 971 Phrygiam
662 882 702 947 ad
720 879 967 966 Hellespontum
985 879 1123 948 Eumeni
1142 901 1182 946 cx
1201 879 1326 946 foedere
1346 881 1491 945 morit.

196 1003 207 1022 ‘
306 986 413 1076 Igitur
441 1009 554 1054 Vtrum
586 993 634 1055 flit
664 996 721 1062 ver
752 987 890 1067 Φρυγίοις
919 986 1080 1060 ἈΠΟι-οίς
1115 993 1180 1058 τοῖς
1214 986 1427 1057 Ἀττοιλιιιοῖς.
1456 984 1491 1049 ci.

306 1092 422 1181 Polyb.
446 1093 549 1160 xxn
576 1091 630 1158 νο.

352 1300 480 1368 Brenno
510 1322 585 1389 pag.
610 1299 687 1367 565.
710 1300 874 1380 γεγονότος
898 1300 998 1377 ἐτέρου
1023 1299 1101 1373 τινὸς
1125 1306 1275 1379 μερισμοῦ
1299 1307 1356 1375 τῆς
1376 1301 1491 1384 κίονί,

308 1404 342 1474 οὖ
364 1411 488 1484 μᾶλλον
507 1408 668 1489 φροντίσαι
690 1407 738 1474 δεῖ
757 1408 801 1472 τὰ
824 1410 875 1471 νῦν
896 1413 1044 1471 ΟΙΕΤΑΙ
1067 1407 1240 1484 λέγοντος.
1260 1417 1300 1489 τῇ
1322 1408 1353 1473 δὲ
1372 1411 1493 1488 ἄρχοιτ·

307 1514 403 1597 λονίμ
440 1519 570 1592 μετρίως
605 1517 826 1595 προσέχοντος.
882 1511 1057 1598 Receptam
1091 1512 1169 1578 olim
1203 1517 1346 1599 oportuit
1380 1520 1493 1580 certam

308 1616 418 1685 Corsis
449 1619 703 1686 emendationem
732 1621 776 1684 τοὶ
803 1623 854 1683 νῦν
874 1618 1014 1684 ὌΝΤΑ
1039 1617 1200 1696 λέγοντος.
1248 1616 1297 1686 cf.
1320 1641 1397 1708 pag.
1421 1619 1490 1684 574.

309 1719 328 1788 ί
347 1747 380 1806 τι
401 1724 428 1788 δ’
452 1723 490 1790 ἂν
515 1724 657 1807 διαφύγῃ
678 1735 734 1800 τῆς
759 1731 902 1798 actarde
926 1725 1040 1805 ίςορίιις
1064 1729 1154 1790 τοῦτο
1177 1727 1234 1803 μὲν
1258 1725 1362 1790 ἑκτέον
1387 1763 1430 1775 -
1453 1726 1492 1790 τὰ

308 1829 341 1896 δὲ
373 1837 463 1895 N'rN
490 1833 630 1898 ''ONTA
661 1831 795 1898 λεκτέον.
827 1837 860 1898 et
881 1851 956 1919 pag.
988 1829 1063 1896 465.
1097 1832 1186 1907 ἡμεῖς
1218 1830 1268 1910 tr,
1291 1832 1370 1915 φησί
1390 1830 1492 1917 (Poly-

309 1935 419 2026 bius),
442 1937 485 2002 τοὶ
509 1941 560 2002 νῦν
583 1937 657 2003 tm
681 1937 865 2016 δηλώσομεν.
889 1943 922 2002 et
944 1939 990 2003 sic
1013 1940 1138 2023 saepius
1160 1937 1250 2004 alibi.

353 2146 535 2214 simeone
558 2143 709 2222 Codices,
732 2149 848 2233 quibus
870 2146 965 2213 hodic
987 2150 1129 2232 utimur,
1150 2151 1321 2212 manarunt
1340 2167 1380 2212 ex
1393 2152 1492 2212 vetare

308 2252 402 2332 libro,
450 2252 483 2316 in
517 2273 579 2338 qno
614 2251 711 2319 homo
744 2253 923 2320 multarum
958 2253 1126 2318 literarum
1160 2254 1323 2340 margines
1357 2252 1492 2339 opplevit

309 2359 566 2427 annotationibus
595 2379 659 2424 non
687 2359 857 2425 ineruditis
887 2365 943 2425 aut
965 2363 1133 2444 poetarum
1154 2358 1240 2424 locos
1262 2379 1420 2444 apponens
1441 2364 1491 2424 aut

310 2467 396 2533 dicta
426 2465 666 2549 memorabilia,
697 2485 778 2551 quae
809 2469 871 2551 ipsi
904 2464 1091 2530 Strabonem
1119 2463 1279 2529 lectitanti
1300 2467 1334 2528 in
1356 2471 1491 2530 mentem

309 2574 462 2639 venirent.
509 2570 600 2637 Haec
630 2575 739 2637 omnia
770 2592 964 2657 quamquam
999 2591 1018 2634 a
1052 2567 1216 2636 Strabonis
1248 2573 1406 2636 sententia
1434 2590 1491 2634 non

310 2677 496 2752 abhorrent,
528 2682 638 2742 tamen
668 2680 793 2763 saepius
824 2698 887 2744 non
917 2679 996 2744 satis
1018 2681 1091 2761 apta
1114 2696 1188 2740 cum
1211 2673 1407 2761 reliquorum
1428 2696 1490 2742 rer·

309 2783 424 2852 borum
454 2784 682 2868 compositione
711 2787 843 2867 coeunt,
871 2789 928 2849 aut
951 2782 1092 2868 alioquin
1115 2783 1265 2847 orationis
1287 2803 1414 2848 cursum
1437 2784 1491 2846 im·

309 2889 459 2976 pcdiunt,
501 2894 559 2954 aut
597 2889 730 2956 moleste
772 2893 1020 2974 interrumpunt.
1078 2886 1186 2952 Multa
1220 2888 1258 2952 dc
1292 2909 1407 2976 genera
1437 2887 1490 2952 hoc

308 3000 432 3062 veteres
461 2994 606 3060 Editores
635 3003 837 3072 notaverunt,
873 2995 1038 3081 complura
1067 2993 1243 3059 Kramcrus
1276 2993 1489 3080 deprehendit,

308 3102 402 3188 plura
421 3101 519 3166 ctiain
538 3098 721 3166 Meinelrius
741 3099 888 3179 confixit,
910 3101 965 3166 sad
985 3105 1154 3185 supersunt
1172 3102 1272 3164 etiam
1291 3098 1356 3164 alia
1371 3097 1490 3185 perinde

309 3210 418 3296 spuria
441 3214 474 3274 ct
498 3199 638 3273 insiticia
661 3206 770 3274 eodem
795 3209 864 3273 iure
887 3206 1066 3273 damnande
1089 3213 1121 3272 et
1144 3206 1363 3293 expungenda.

354 3417 437 3504 Peg.
457 3412 532 3479 588.
557 3417 681 3481 Scaeuo
702 3420 932 3482 commemorat
949 3417 1004 3491 rto
1023 3414 1177 3499 Νέμεσιν,
1197 3435 1295 3500 quam
1315 3411 1489 3495 Ἀδριίτειον

310 3520 522 3608 appellabant.
537 3521 744 3608 Adscriptnm
756 3521 820 3587 suit
832 3524 866 3586 in
877 3523 1037 3609 margins:
1052 3523 1247 3603 Ἀντίμαχος
1261 3519 1288 3585 δ’
1302 3519 1377 3588 οὕτω
1388 3521 1489 3604 φησίν·

447 3626 493 3695 ἔτι
517 3625 549 3693 δέ
571 3650 617 3701 τις
643 3629 779 3702 Νέμεσις
803 3627 934 3706 {sayclae
959 3627 1042 3711 θεὸς,
1064 3617 1080 3700 ἢ
1105 3625 1183 3692 τάδε
1206 3628 1314 3692 πάντα

447 3733 519 3814 τρίς
541 3731 689 3814 μοικιίρυν
712 3733 847 3815 ἔλαχεν·
871 3732 978 3812 βωμὸν
1003 3732 1035 3798 δέ
1058 3733 1083 3798 oi
1103 3731 1208 3797 εἴσοιτο
1232 3738 1348 3814 πρῶτος

443 3840 593 3920 ’Άδρητος
617 3849 768 3918 ποταμοῖο
793 3841 878 3920 τοιροὶ
904 3837 966 3921 ῥίον
990 3840 1154 3917 Αίσιὶτοιο,

448 3945 517 4012 ἕνίιι
539 3946 710 4024 τετίμντοιί
730 3971 765 4012 τε
789 3946 842 4012 aa}
865 3945 1027 4026 Ἀδρνίςειοι
1051 3952 1206 4010 anteiret.

312 4050 470 4138 descripta
490 4051 568 4118 haec
591 4057 728 4118 suntor
752 4051 1003 4138 Harpocrationa
1022 4071 1071 4117 vs.
1095 4051 1271 4131 'Atpdsoa

357 4260 438 4349 Pag.
470 4259 546 4327 636.
576 4262 633 4328 nbi
655 4259 769 4330 Strabo
792 4233 933 4330 dixerat:
959 4264 992 4327 ἐκ
1016 4260 1143 4344 Πριήνης
1167 4259 1193 4325 δ’
1217 4255 1251 4334 ἦν
1275 4259 1349 4333 Βίοις
1375 4253 1417 4330 είς
1437 4261 1487 4320 τῶν

314 4364 397 4433 ἐστίν
420 4371 521 4452 σοφῶν
