3208 5158
106 575 132 644 si
159 571 254 646 uisu
284 577 404 646 suerint
433 579 553 665 passim
588 595 725 643 errorem
760 597 856 644 sunm
890 579 1107 643 monumentis
1141 581 1289 645 veterum

105 683 252 751 affricant
288 684 443 751 Unanimi
463 703 614 749 consensu
633 702 743 748 omnes
762 682 910 748 dicebant
929 683 1122 762 πίΜπλιρμι,
1141 685 1290 756 πίμπλα-

104 815 179 870 μαι,
210 789 479 867 άποπιμπλάναι,
512 787 752 866 ἐκπιμπλάναι,
781 789 1068 867 καταπιμπλάναι,
1095 790 1149 856 sed
1171 793 1205 854 in
1226 811 1290 857 uno

104 901 290 983 composito,
322 905 360 962 ut
382 894 562 960 iutilissimi
585 891 879 961 Grammaticorum
904 894 1036 973 Suidas,
1061 895 1290 982 Moschopulus

103 1009 134 1070 ot
155 1001 277 1068 similes
299 1002 351 1067 his
373 999 551 1089 magistelli
574 1001 800 1086 opinabantur,
816 1001 864 1066 'ab
888 1022 924 1067 ee
945 1002 1092 1090 analogia
1112 1001 1290 1070 discedeba-

103 1113 163 1174 tur.
208 1106 245 1174 Si
274 1107 350 1194 quid
379 1107 431 1172 his
458 1105 617 1172 oredimus
649 1107 830 1184 ἐμπίπλνμι
860 1106 1030 1172 dicendum
1065 1112 1129 1186 est,
1167 1108 1219 1173 troi
1253 1109 1288 1174 πί

101 1214 293 1296 ααιιάφονον,
327 1213 382 1280 sed
411 1213 606 1289 ἐνεπίμπλη,
640 1211 790 1278 similiter
821 1213 997 1293 ἐμπίπρνμι
1025 1212 1081 1278 sed
1104 1215 1286 1294 ἐνεπίμπρη.

101 1318 294 1387 Removetur
325 1319 462 1386 alterum
489 1327 525 1384 M
550 1317 649 1383 altero
680 1318 901 1404 praecedente,
933 1339 995 1404 quo
1025 1323 1147 1384 remoto
1179 1323 1291 1384 statim

102 1427 281 1492 revertitur.
327 1424 438 1509 Itaque
469 1423 673 1499 ἐνεπίΜπλνρν
706 1428 738 1489 et
769 1424 967 1503 ε’νεπίΜπριρν
991 1423 1058 1490 sola
1080 1425 1178 1510 probo
1201 1430 1290 1503 sunt,

103 1532 156 1598 sed
185 1532 403 1611 ἐμπίΜπλνιμι
437 1534 470 1596 et
495 1530 708 1610 ἐμπίΜπρνμι
733 1532 850 1596 vitiosa
872 1537 947 1595 sunt
970 1529 1021 1594 διά
1045 1535 1080 1596 πὸ
1104 1531 1289 1614 κακόφωνοι.

102 1635 323 1724 imposuerunt
352 1637 497 1702 homines
525 1635 621 1702 nihili
643 1635 805 1702 Dindorfio
829 1635 869 1701 ad
892 1634 1047 1722 Stephani
1070 1636 1288 1723 Thesaurum,

105 1747 154 1809 oui
184 1744 261 1811 adeo
293 1743 490 1821 ἐμπιπλάναι
525 1746 558 1807 et
592 1739 783 1821 ἐμπιπράναι
818 1742 903 1828 apud
938 1739 1084 1808 Oomieos
1118 1744 1291 1809 secundam

103 1855 184 1916 reete
211 1849 382 1936 producere
404 1849 564 1916 videntur.
611 1847 743 1914 Fatetur
765 1845 948 1914 Dindorfius
971 1867 1004 1914 se
1028 1851 1061 1913 in
1084 1869 1121 1915 ea
1144 1852 1290 1935 opinione

104 1957 219 2022 versari
259 1962 388 2043 propter
426 1958 619 2038 „optimos-aon
654 1953 798 2017 librorum
831 1953 1069 2038 recreantem?
1104 1958 1195 2040 quasi
1227 1973 1290 2020 non

104 2063 198 2126 etiam
227 2063 370 2148 optimus
400 2063 533 2147 quisque
564 2066 597 2126 st
626 2061 818 2126 veterrimus
847 2059 929 2125 liber
960 2059 1086 2126 mendis
1111 2060 1151 2126 ds
1174 2078 1290 2147 genere

103 2165 160 2232 hoo
188 2170 390 2256 gravissimis
416 2173 559 2234 scateret.
606 2164 695 2232 Malo
718 2165 856 2252 proferre
880 2165 965 2252 quod
987 2165 1070 2230 mihi
1094 2165 1132 2232 de
1153 2165 1205 2230 his
1228 2165 1289 2230 for·

105 2275 163 2338 mis
185 2296 223 2340 ex
246 2273 391 2340 Parisino
413 2275 452 2340 A.
498 2271 660 2351 Platonis,
684 2293 747 2358 quo
769 2271 945 2339 fideliorem
967 2278 1082 2338 testem
1105 2292 1169 2338 non
1193 2271 1288 2338 habo-

105 2400 188 2457 mos‚
212 2385 261 2446 est
284 2361 498 2446 observatum.
557 2409 559 2412 ·
1379 2367 1384 2378 ’

146 2485 212 2552 Fol.
245 2484 299 2553 32.
331 2508 362 2553 v.
395 2506 414 2551 a
443 2487 549 2572 primo
577 2504 676 2551 manu
706 2485 803 2552 habet
833 2485 1137 2565 ἐμπιΜπλαμένοιιι.
1174 2483 1228 2552 35.
1260 2503 1287 2552 r.

106 2590 193 2668 ίνμοῦ
222 2592 424 2669 ἐμπίπλαται
461 2595 637 2657 correctum
669 2591 907 2670 ἐμπίμπλασαι.
942 2593 994 2658 40.
1029 2616 1054 2659 ι.
1085 2590 1202 2673 μεάάων
1235 2590 1287 2658 καί

105 2696 336 2776 ἐμπιπλάμενοι
357 2718 435 2764 corr.
458 2699 597 2775 ἐμπιμπ.
619 2694 672 2764 57.
693 2718 718 2762 ι.
739 2699 835 2771 οίιιίας
855 2698 1133 2780 ἐμπιπρῶσινοοιι.
1148 2699 1287 2778 ἐμπιμπ.

105 2808 134 2868 eo
162 2811 231 2890 post
262 2825 362 2891 pauca
392 2803 488 2876 οίιιίαι
520 2801 713 2881 ἐμπιπράναι
744 2824 823 2870 corr.
854 2806 993 2885 ἐμπιμπ.
1021 2805 1064 2871 66
1088 2829 1115 2872 ι.
1141 2805 1213 2872 ἄνευ
1238 2807 1287 2872 νοῦ

105 2907 335 2990 ἐμπιπλάμενον
358 2929 434 2976 oorr.
461 2909 600 2988 ἐμπιμπ.
626 2906 679 2974 67.
703 2930 735 2975 v.
760 2908 942 2988 δυσμενείας
968 2910 1185 2990 ἐμπίπλασθαι
1208 2933 1286 2982 corr·

105 3015 237 3095 ἐμπίμπ.
265 3016 318 3083 68.
341 3039 374 3084 v.
396 3015 530 3097 χάσμαι
554 3013 783 3095 ἐμπίπλανται.
808 3037 886 3082 corr.
912 3017 1049 3094 ἐμπίμπ.

144 3123 193 3189 Διί
223 3124 360 3192 σινιάσαι
387 3119 520 3189 modum
544 3119 672 3206 explosa
695 3129 728 3186 et
751 3124 868 3188 reiecta
890 3124 1120 3212 magistrorum
1143 3121 1289 3211 opinions

104 3231 215 3296 oaeteri
236 3229 299 3297 looi
321 3251 431 3298 omnes
454 3248 491 3296 oo
512 3228 594 3296 vitio
621 3226 778 3293 liberandi
801 3233 885 3294 sunt.

483 3473 660 3540 PTMNHC
684 3499 705 3524 -'
717 3475 905 3541 IiAANHC.

144 3643 296 3722 ‘Iitubant
326 3657 360 3722 in
390 3655 441 3720 his
471 3655 583 3722 formis
617 3656 737 3723 soribao
773 3674 899 3724 omnes:
931 3657 1073 3743 primum
1106 3651 1289 3745 γυμνάσιον,

106 3768 261 3838 γυμνῆτας
304 3765 337 3827 et
378 3764 559 3839 πλανήτων,
602 3762 766 3836 πλάνητας
797 3768 1004 3849 corrumpunt
1038 3765 1072 3828 in
1108 3771 1288 3844 γυμνητῶν,

106 3867 264 3943 γυμνάσας
295 3871 328 3933 et
359 3874 523 3943 πλανητῶν
554 3867 739 3945 πλάνητάς,
772 3871 863 3956 quasi
892 3877 1050 3948 γυμνῆπαι
1075 3875 1107 3936 et
1130 3871 1293 3946 πλανηπαί

107 3971 139 4034 in
175 3993 235 4038 usu
268 3978 388 4053 essent,
423 3995 559 4061 quorum
594 3977 753 4054 γυμνήτας
788 3995 1027 4061 nonnumquam
1054 3977 1139 4062 apud
1162 3975 1290 4044 infimae

107 4081 214 4144 aetatis
236 4075 410 4146 Graeculos
433 4086 611 4166 comparet,
636 4080 797 4156 πλανντνίι
822 4079 1031 4167 Tragioorum
1054 4087 1119 4148 est:

409 4188 455 4259 τίς
478 4189 530 4252 rio
553 4189 714 4263 πλανητίρν
740 4185 886 4252 Οἰδίπουν
910 4185 975 4252 κσέ.

147 4287 266 4358 Deinde
294 4289 405 4380 gliscit
435 4312 520 4360 error
550 4300 583 4359 ot
604 4298 763 4371 νυμνῆσαι
787 4292 945 4358 scribitur.
992 4291 1029 4358 In
1053 4293 1210 4383 singulari
1233 4317 1291 4362 nu·

106 4413 189 4464 mero
217 4405 303 4464 reeta
332 4397 434 4464 iorma
463 4399 528 4466 iore
560 4397 715 4478 elabitur,
747 4403 785 4466 ut
815 4401 850 4466 in
877 4399 998 4475 πλάνης
1030 4400 1118 4483 βίος,
1142 4400 1292 4482 πλάνητα

108 4501 360 4586 misereretene
383 4505 469 4586 βίον,
495 4509 528 4571 ot
551 4507 624 4574 sim.
