3404 5192
767 383 839 458 '278

213 579 302 659 όιῑροις
335 580 410 656 taos
441 576 608 646 ιειλεῦντοο.
639 583 672 645 st
702 588 739 644 Φ.
771 577 803 643 8.
835 579 865 650 ές
898 577 1038 657 ποταμόν
1061 584 1221 646 ιειλεῦντο.
1266 581 1396 653 Similes

211 684 331 751 formae
354 688 470 751 Atticis
493 691 568 752 sunt
591 684 768 770 permultae
791 693 960 762 ιιιιτειλείν,
986 695 1147 764 περιειλεῖν
1170 691 1249 752 aad.
1272 690 1306 753 in
1325 693 1395 775 qni·

210 791 270 855 bns
290 791 425 857 solemni
444 811 546 876 errore
566 811 622 876 pro
642 789 876 862 ιιιιτειλημένυι.
896 793 1119 867 περιειλημένον
1139 798 1171 857 et
1194 795 1266 857 sim.
1291 817 1395 860 κυτει·

209 894 365 971 λνμμένος
400 902 432 961 et
466 895 717 973 περιειλημμένος
754 897 874 960 scribae
909 897 1100 963 substituere
1132 897 1278 964 assolent.
1340 899 1393 967 Sic

209 1000 329 1066 factum
361 1004 409 1066 est
438 1005 475 1065 nt
505 1002 539 1064 in
570 999 661 1065 libris
686 1020 743 1085 pro
764 1003 855 1067 reris.
872 1021 909 1067 ao
931 1003 1079 1088 genuinis
1100 1002 1212 1068 formis
1235 1004 1393 1080 ἐλλόμενοι

208 1107 292 1190 apud
321 1105 518 1190 Homerum,
550 1102 709 1179 ἰλλόμενος
742 1111 774 1171 et
797 1106 968 1183 εἰλούμενον
993 1109 1027 1171 in
1049 1110 1174 1193 Attica,
1197 1107 1275 1175 haee
1297 1114 1393 1196 scrip·

207 1215 297 1276 turae
319 1213 399 1277 vitia
420 1212 538 1296 passim
562 1214 724 1276 recurrant
745 1209 917 1288 εἰλόμενοι,
938 1210 1108 1292 εἰλόμενος;
1130 1213 1300 1288 εἰλούμενος
1322 1218 1391 1301 (pro

207 1317 382 1404 ἰλλόμενος)
404 1324 436 1382 et
455 1316 648 1394 εἰλλόμενοι,
670 1337 749 1402 quae
768 1319 890 1382 nemini
909 1320 1072 1402 imponere
1083 1325 1215 1404 possunt
1226 1325 1258 1386 et
1269 1319 1391 1387 nulllus

207 1427 336 1490 omnino
356 1428 430 1488 sunt
448 1425 552 1509 pretii.
585 1421 633 1487 Ad
653 1420 744 1488 Iliad.
766 1431 804 1488 E.
828 1419 893 1487 782
912 1419 1030 1490 ἰςυυοιν
1049 1461 1091 1473 -
1111 1424 1258 1501 εἰλόμενοι
1278 1427 1309 1489 la
1330 1426 1392 1490 Ro·

206 1532 257 1594 εἰν
287 1527 397 1595 attulit
418 1549 457 1593 ex
480 1525 556 1593 Ood.
581 1529 619 1592 A.
644 1527 827 1605 εἱλούμενοι,
851 1549 890 1593 ex
913 1527 992 1595 GM.
1017 1527 1186 1608 εἰλόμενοι,
1210 1530 1391 1617 similiaque

207 1634 299 1720 olibi,
322 1635 438 1720 quibus
461 1634 538 1719 qnid
562 1639 609 1698 est
631 1635 759 1704 vanius,
784 1631 862 1718 quid
882 1632 1048 1699 inutilius?

250 1740 287 1805 ln
313 1739 451 1826 perfecto
473 1741 598 1823 passivo
620 1738 777 1803 notandus
800 1743 847 1803 est
871 1737 1011 1804 Bekkeri
1033 1738 1178 1805 constans
1201 1761 1287 1807 error
1309 1741 1389 1809 όιέλ-

205 1847 298 1925 μεόιι.
323 1851 356 1910 et
379 1842 527 1914 ἐνελμένοι
550 1844 668 1928 ubique
691 1844 857 1908 scribentis
879 1849 912 1908 et
935 1844 974 1910 ad
998 1844 1132 1909 eundem
1156 1846 1288 1912 modum
1309 1848 1387 1914 alibi

203 1953 322 2038 passim
354 1950 485 2032 ἔιολποι,
516 1947 636 2027 trappa,
668 1945 782 2024 ἔνοικοι,
814 1946 926 2025 tregru,
960 1949 1120 2026 έιερμένον.
1168 1950 1256 2017 Haeo
1278 1957 1387 2022 omnia

154 2129 162 2138 g
203 2056 331 2143 perinde
359 2058 476 2121 vitiosa
505 2059 579 2118 sunt
609 2074 646 2119 ac
676 2055 704 2118 si
734 2055 806 2138 quis
835 2074 891 2138 pro
920 2053 1069 2130 λέλοιποο,
1102 2053 1249 2134 πέποιόοι,
1275 2058 1384 2134 libna,

203 2161 342 2240 πέφννιυ,
366 2159 506 2236 stanna,
531 2159 648 2234 τέτηκοι
675 2161 748 2224 sim.
771 2157 871 2224 vellet
894 2159 1019 2233 έλοιιιοι,
1043 2158 1151 2235 έποιόοο
1172 2166 1251 2226 caet.
1272 2162 1384 2230 dicere.

246 2265 283 2330 In
314 2264 475 2340 εειέλμεόιι
505 2285 568 2329 non
599 2265 705 2351 magis
734 2265 871 2349 primam
895 2269 1116 2330 consonantem
1140 2267 1288 2333 omittere
1310 2267 1387 2334 boet

202 2393 297 2457 quam
326 2373 361 2436 in
385 2370 567 2450 κεκόρνμοιι,
590 2368 789 2448 oretanum,
812 2369 987 2446 δέόοσμοιι,
1012 2368 1216 2446 artaxarem,
1240 2372 1384 2456 δέδεμαι,

201 2477 357 2555 τότιιμιιι,
388 2476 529 2552 tibrum,
561 2475 722 2554 ιιέιιυμιιι,
754 2473 978 2559 similibusque
1008 2476 1165 2541 omnibus.
1215 2477 1287 2543 Non
1319 2485 1387 2545 erat

151 2631 155 2640 .
200 2589 309 2649 antem
339 2582 474 2648 arduum
506 2586 549 2646 et-
568 2601 680 2666 anceps
710 2601 767 2666 pro
790 2586 989 2661 γλαφυρῇσιν
1013 2579 1160 2657 εἰελμίνοι
1185 2586 1217 2648 et
1237 2583 1385 2665 βουλῇσιν

201 2689 348 2767 όιελμένοι
371 2695 404 2754 et
427 2687 512 2751 ιιυτόι
536 2687 610 2755 ιιίευ
634 2686 782 2762 ἒεελμένοι
802 2707 915 2752 rerum
937 2706 1085 2770 reponere
1109 2690 1141 2752 st
1162 2689 1197 2751 in
1219 2707 1332 2753 versu:

404 2788 423 2866 ἦ
445 2792 527 2857 odra
551 2793 710 2870 κεκόρνοόε
734 2790 884 2868 έιελμένοι
905 2791 995 2856 ένδοόι
1019 2791 1161 2870 πόρνονς

200 2897 253 2966 vel
273 2899 425 2964 immanis
447 2899 554 2963 hiatus
576 2898 759 2963 Bekkemm
783 2897 951 2963 admonere
973 2903 1096 2982 poterat
1118 2899 1294 2983 perfectum
1313 2921 1384 2986 paa-

200 3007 306 3070 sivnm
330 3002 611 3091 reduplicationem
635 3003 750 3068 hebere
772 3001 880 3068 solere.

244 3108 410 3175 Permulta
430 3107 493 3174 alia
512 3109 597 3192 apud
614 3107 798 3173 Bekksmm
819 3107 969 3172 adversus
988 3105 1153 3194 digamma
1167 3113 1296 3192 peccata
1310 3116 1385 3176 snnt

201 3219 266 3281 sive
296 3213 474 3301 neglexerit
506 3213 634 3278 evidens
664 3214 837 3297 scripturae
865 3213 984 3276 vitium
1014 3213 1081 3276 sive
1108 3209 1193 3276 male
1215 3217 1384 3281 curaverit.

200 3321 236 3386 ln
266 3319 486 3386 constituenda
516 3321 695 3384 carminum
725 3316 971 3383 Homericomm
1005 3315 1139 3382 lectione
1172 3317 1384 3385 utilissimum

201 3432 248 3492 ost
278 3445 403 3508 semper
428 3423 488 3489 hoo
511 3444 605 3509 agere
628 3432 660 3488 et
683 3423 847 3488 observare
870 3423 986 3508 quibus
1009 3421 1112 3487 modis
1135 3427 1276 3489 cantores
1298 3431 1385 3491 reto-

200 3553 250 3599 rcs
268 3534 368 3596 rimas
386 3528 648 3600 innumerabiles,
664 3529 780 3613 quibus
790 3529 920 3613 antiqua
931 3529 1073 3593 carmina
1082 3534 1210 3612 pmpter
1220 3528 1387 3616 digamma

201 3637 342 3702 deletum
367 3637 485 3720 passim
509 3635 711 3718 fatiscebant,
735 3631 881 3718 supplere
904 3634 968 3696 sint
991 3631 1078 3698 soliti
1098 3636 1130 3698 et
1152 3635 1266 3698 saraim
1289 3639 1321 3699 et
1339 3636 1388 3698 in·

199 3739 383 3827 terpolando
405 3760 612 3805 numerorum
634 3737 740 3803 labem
763 3737 967 3803 manifestam
990 3736 1158 3803 occultare.

245 3845 282 3910 ln
314 3865 377 3930 qua
406 3865 440 3909 re
470 3865 532 3909 non
562 3842 717 3908 violenter
739 3843 965 3929 grassabantur
987 3847 1043 3908 aut
1064 3841 1217 3908 lectiones
1239 3845 1386 3928 antiquas

199 3953 368 4017 temeraria
389 3969 488 4014 mann
511 3949 680 4023 vexabant,
706 3947 761 4012 sed
782 3947 892 4022 ςιόβιιε
915 3947 1002 4019 τινός
1025 3953 1136 4013 tenues
1159 3951 1191 4011 et
1214 3946 1312 4013 exiles
1338 3951 1385 4013 in·

201 4057 344 4122 serebant
375 4080 426 4128 τε,
459 4079 516 4132 γε,
542 4052 602 4132 ἄρ’,
627 4078 678 4127 τι,
704 4059 736 4116 et
758 4051 912 4137 quidquid
935 4051 1096 4116 lenissime
1120 4050 1155 4115 τό
1179 4054 1307 4131 κεχηνός
1331 4057 1384 4119 τοῦ

200 4160 310 4242 όυόμιῡ
341 4161 503 4225 sarciebat.
561 4159 809 4243 Nonnumquam
839 4156 936 4220 verbe
966 4157 1211 4240 transponebant
1241 4164 1386 4244 tantum,

201 4277 238 4331 ut
264 4268 298 4329 in
326 4265 392 4343 έμιί
418 4264 448 4330 δέ
473 4265 597 4339 μοίλιςυι
620 4284 677 4349 pro
700 4263 823 4340 μοίλιςοι
848 4261 874 4326 δ’
898 4261 982 4337 έμοί,
1007 4262 1099 4326 ouius
1120 4263 1167 4326 rei
1188 4263 1222 4325 in
1245 4267 1386 4349 ternpore

202 4389 326 4434 memor
356 4367 536 4454 complures
565 4373 676 4454 poetae
705 4389 815 4434 versus
845 4372 902 4433 ant
931 4367 1081 4444 ιίμέτμυς
1105 4369 1388 4450 subsannabatur

201 4476 360 4540 restitutis
382 4476 526 4539 numeris
546 4494 654 4539 sanare
673 4475 802 4558 poteris.
833 4471 871 4536 In
890 4471 981 4537 Iliad.
1001 4480 1043 4538 N.
1067 4469 1134 4536 204
1155 4474 1189 4536 in
1211 4472 1303 4540 libris
1325 4480 1389 4540 ast:

1215 4581 1244 4627 ra
