3404 5192
873 375 941 452 θθθ

307 570 442 640 msoulis
463 571 655 656 quibusdum
677 575 859 657 conspersit.
906 574 993 640 Audi
1015 575 1092 660 quid
1115 577 1233 642 soribut
1252 597 1326 664 pag.
1346 573 1384 643 V.
1431 569 1493 654 „Iu

308 678 456 744 serileuli
485 677 577 740 modis
606 699 672 740 eum
700 699 786 759 saepe
811 678 940 760 perinde
971 688 1045 745 esset
1066 682 1175 746 lomere
1197 705 1237 744 am
1260 683 1318 746 illa
1332 689 1495 766 ponerem

310 786 429 859 littera,
462 804 524 846 eam
545 782 622 868 fere
652 803 763 866 quoque
786 783 848 844 loeo
868 783 956 866 posui
976 807 1050 869 quoe
1072 809 1091 848 a
1105 787 1252 869 finitimis
1275 795 1302 851 et
1317 785 1496 872 propinquis

302 889 419 976 formis
429 887 566 971 proxime
583 888 702 950 oberret.
736 887 790 952 sie
808 889 887 972 quod
904 890 992 969 ιίφίει
1009 893 1192 956 scribebatur
1205 913 1262 975 pro
1280 893 1378 974 θφίη,
1405 892 1494 955 ίτίθει

306 1017 364 1078 pro
396 993 495 1066 ἐτίθη,
527 993 621 1057 ἐδίδου
646 1015 705 1076 pra
735 992 837 1071 ε’δίδιι,
861 994 986 1080 sartum
1015 1004 1057 1060 est
1087 1019 1187 1061 errore
1215 1019 1312 1061 eorum
1339 997 1408 1082 qui,
1431 1019 1495 1060 eum

304 1100 438 1184 priscam
465 1098 667 1161 litteraturam
696 1098 801 1162 Ionica
830 1106 994 1177 mutarent,
1018 1123 1077 1164 mom
1100 1107 1307 1179 meminerant,
1332 1101 1496 1186 quoderat

313 1213 413 1270 ΑΦΙΕ
446 1211 573 1268 enee
606 1211 757 1280 ΕΔΙΔΟ,
789 1223 878 1287 posse
904 1211 1027 1289 utroque
1048 1208 1130 1270 morlo
1154 1207 1230 1290 θερί,
1254 1207 1366 1272 debere
1390 1228 1421 1270 eo
1444 1205 1497 1290 qui

312 1316 429 1375 tertiam
460 1331 479 1371 a
506 1309 624 1391 ρτίνιιιι,
657 1307 837 1388 uapularem
868 1333 887 1372 a
908 1311 1047 1395 plurali,
1078 1312 1274 1376 indicativum
1304 1313 1341 1375 al
1367 1311 1497 1396 optativo

310 1415 470 1500 partieipio
491 1415 641 1498 infinitivo
664 1437 751 1498 quam
774 1414 893 1478 mimime
915 1415 1122 1480 abstraheret'.

358 1519 443 1586 Setis
467 1521 577 1583 mirari
600 1519 659 1583 hoe
681 1518 819 1584 Bekkeri
842 1519 1000 1585 iudicium
1022 1541 1152 1605 nequeo.
1187 1517 1362 1586 Constituit
1380 1521 1498 1585 formes

312 1635 435 1692 veteres
464 1643 527 1690 non
557 1643 596 1688 ex
627 1620 819 1688 Graecorum
851 1643 936 1689 eorm
965 1632 1179 1711 perpetuoque
1208 1647 1270 1690 usu
1292 1625 1346 1690 ssd
1369 1646 1408 1690 ex
1431 1627 1497 1690 suis

314 1731 532 1817 opinionibus,
563 1749 643 1813 quse
673 1729 802 1813 quidem
830 1750 905 1794 eum
928 1730 1033 1795 stabili
1059 1728 1248 1820 Graecitatis
1272 1729 1497 1796 consuetudine

314 1843 420 1923 aperte
449 1841 611 1921 pugnent,
642 1834 844 1918 obtruditque
873 1833 1014 1900 Homero
1043 1835 1161 1900 formes
1187 1839 1320 1900 minime
1343 1832 1497 1916 Graecus,

314 1943 430 2027 quihus
448 1960 549 2024 nsque
567 1938 727 2004 Homerus
745 1959 845 2023 neque
863 1938 977 2004 Ionum
996 1939 1049 2005 vel
1067 1941 1308 2006 Atheniensium
1327 1941 1497 2024 quisquam

314 2066 468 2130 umquem
492 2051 541 2110 est
563 2065 650 2108 usus.

358 2150 537 2235 Proponsm
566 2152 710 2233 primum
742 2147 860 2213 formes
891 2150 1061 2214 verborum
1090 2151 1212 2227 τίθημι,
1245 2148 1498 2226 interstitium

314 2254 455 2320 Homero
478 2275 552 2320 oum
571 2253 817 2318 Atheniensibus
837 2274 1030 2318 communes.
1063 2258 1170 2320 Attiou
1189 2265 1218 2320 et
1239 2254 1411 2320 Homerios
1425 2261 1500 2318 sunt

359 2361 464 2436 τίθημι
489 2363 579 2430 τιθεῖς
606 2361 714 2431 τίθησι.
761 2359 858 2430 ἐτίθην
881 2361 986 2432 ἐτίθεις
1012 2362 1113 2425 ἐτίθει.
1160 2363 1369 2445 imperativus
1391 2361 1475 2424 τίθει.

359 2466 424 2540 ίημι
449 2467 503 2534 ἱεῖς
527 2461 597 2534 ίηιι.
645 2461 691 2534 ίην
715 2461 767 2534 ίεις
792 2461 840 2527 ίει.
887 2466 1096 2549 imperativus
1119 2463 1166 2530 ίει.

359 2570 465 2645 δίδωμι
496 2568 579 2638 δίδιις
604 2569 714 2634 δίδωτι.
762 2568 870 2632 tertavi
894 2570 1004 2639 ἐδίδους
1027 2571 1130 2633 ἐδίδου.
1176 2571 1390 2656 imperativus
1407 2569 1496 2633 δίδιυ.

360 2673 458 2740 ΝιιΙΙιι
488 2673 551 2737 alls
582 2672 684 2737 formu
710 2683 831 2757 praeter
853 2674 911 2739 hus
935 2674 1017 2738 solas
1039 2677 1206 2759 scriptores
1228 2676 1329 2738 Attici
1351 2681 1496 2737 utuntur.

313 2779 359 2846 Ut
390 2782 493 2864 prims
522 2801 632 2860 semper
661 2785 709 2842 est
738 2780 855 2854 τίθημι,
888 2783 933 2844 sio
964 2779 1100 2844 seeundo
1130 2782 1198 2843 sine
1224 2779 1291 2843 ulls
1313 2781 1497 2862 exceptione

312 2891 490 2952 constanter
513 2890 561 2949 est
584 2887 695 2948 τιθΕΙΕ
724 2885 861 2968 (τιθείς),
885 2903 947 2949 non
970 2885 1074 2960 ritus,
1099 2889 1132 2948 et
1154 2887 1248 2948 tertis
1270 2885 1395 2955 τίθησιν.

358 2988 478 3054 Eadem
509 2989 656 3054 omnibns
686 2994 734 3053 est
762 2991 797 3052 in
827 2989 1013 3073 imperfecto
1043 2991 1234 3054 constantis:
1265 2989 1410 3064 ἐτίθΗΝ,
1444 2987 1499 3053 sed

312 3095 463 3168 ἒτίθΕΙΟ,
488 3095 610 3164 ἐτίθει.
636 3099 668 3159 et
690 3095 724 3156 in
748 3096 938 3178 imperativo
961 3095 1046 3158 riter.

359 3199 517 3265 Similiter
547 3202 581 3264 in
612 3196 678 3272 ίηιιι
713 3197 866 3281 (ξυνίημι,
900 3200 1038 3276 ἀφίημι,
1067 3199 1190 3273 ιὶνίηιιι,
1226 3199 1362 3278 erpoinus)
1393 3199 1497 3282 prims

313 3327 375 3373 non
406 3305 469 3370 elie
500 3312 547 3370 est
578 3324 675 3388 quum
706 3301 793 3381 ίημι,
825 3302 964 3380 ξυνίημι,
996 3313 1075 3368 eset.
1108 3303 1244 3368 secunda
1274 3324 1398 3388 semper
1420 3305 1496 3376 ίεῖς,

313 3411 440 3489 ξυνιείς,
464 3411 576 3488 μεθιείς
603 3415 677 3494 (non
700 3409 777 3488 im),
802 3417 835 3474 et
858 3410 951 3472 tertie
974 3408 1091 3492 ubique
1109 3406 1189 3484 ίησι,
1212 3409 1344 3482 ἀφίησι,
1365 3407 1497 3488 προΐησι,

314 3531 346 3583 et
373 3521 407 3582 in
436 3516 623 3601 imperfecto
653 3512 699 3589 ίην
730 3511 808 3578 lfilc
833 3512 904 3588 ίΕΙ,
928 3513 1035 3591 ξυνίει,
1060 3515 1158 3590 ιὶνίει,
1182 3515 1278 3590 μεθίει
1302 3533 1377 3578 oum
1398 3516 1499 3596 impe-

314 3625 417 3688 rativo
441 3620 488 3686 ίει.

359 3725 517 3792 Similiter
548 3727 653 3794 solum
683 3727 789 3805 δίδωμι
816 3730 848 3792 in
872 3747 933 3792 usu
957 3733 1005 3792 esi
1027 3731 1060 3791 et
1082 3726 1167 3797 δίδως
1192 3732 1224 3791 ei
1245 3725 1364 3808 δίδωσι,
1388 3725 1441 3790 sed
1465 3728 1499 3789 in

314 3833 499 3917 imperfecto
529 3835 596 3896 sine
626 3835 779 3897 varietate
808 3833 978 3905 ersoru.
1010 3831 1156 3896 ἐδίδοτε
1186 3843 1219 3896 et
1242 3831 1385 3906 ἐδίδοτ,
1410 3837 1442 3895 et
1465 3831 1500 3894 in

314 3939 505 4021 imperativo
528 3937 618 4002 διδνυ.

360 4042 486 4129 Lingua
505 4040 694 4124 Homerica,
715 4047 752 4105 ut
772 4041 905 4114 msolet.
923 4041 1034 4107 formis
1053 4041 1213 4106 nonnullis
1232 4046 1279 4105 est
1302 4039 1498 4124 locupletior.

315 4147 432 4214 Omnes
462 4147 556 4211 habet
586 4147 704 4212 formes
735 4149 872 4214 Atticus.
905 4147 959 4214 sed
989 4152 1149 4231 praeterea
1178 4147 1274 4212 hebet
1305 4148 1413 4224 τιθεῖς,
1445 4145 1500 4210 sed

315 4257 413 4319 etium
436 4254 581 4315 retriutae.
606 4251 702 4315 habet
725 4253 822 4324 τίθησι
846 4252 900 4316 sed
924 4254 1022 4316 etiem
1044 4254 1128 4318 τιθεῖ.

359 4355 412 4422 Sit
435 4358 469 4420 in
492 4353 559 4432 ίημι
583 4354 680 4420 habet
702 4353 762 4430 ἵησι
787 4356 960 4420 sedetiam
984 4357 1034 4420 ίεί.

361 4460 398 4532 ln
418 4461 515 4525 verbo
537 4461 642 4537 δίδωμι
665 4460 762 4526 hebet
785 4463 894 4526 omnis
916 4460 1026 4525 endem
1045 4459 1291 4544 praeteritum,
1312 4459 1396 4544 quod
1415 4460 1500 4545 apud
