3392 5186
885 367 951 436 366

321 557 415 635 bont,
442 558 487 621 oio
511 555 672 624 Homerus
694 560 812 644 ubique
835 559 868 622 in
893 578 929 623 ea
951 577 985 623 ro
1010 555 1027 631 ή
1050 558 1108 636 μέν
1131 563 1164 624 et
1187 558 1232 633 μή
1254 558 1311 635 μὲν
1331 557 1406 622 doro
1425 555 1524 622 solet.

321 663 471 729 Scholion
500 665 534 727 in
567 677 594 728 A
627 665 665 729 od
696 663 744 730 l.l.
778 673 805 728 H
828 671 923 728 ΜΕΝ
950 672 1083 729 -κεΐται
1109 665 1177 730 οὶντί
1203 669 1257 728 τοῦ
1281 659 1300 738 ή
1323 665 1419 746 μήν,
1443 659 1524 741 ὄτερ

321 770 384 837 icio
407 767 521 849 ὁρκικὸν
546 770 716 851 ἐπίρρημα,
742 765 814 848 ὄτερ
839 773 853 832 ὄ
874 771 999 845 ποιητής
1023 771 1105 835 ἈΕΙ
1127 771 1178 836 διὰ
1197 775 1251 834 τοῦ
1273 778 1298 835 Ε
1316 768 1523 850 προφέρεται.

502 871 597 953 ήμὲν
621 875 691 948 τοὺς
715 873 826 947 ίττοιις
849 899 885 939 τε
911 876 963 940 καί
989 873 1122 956 ὄίρροιιτα
1149 878 1199 964 (Κ.
1225 874 1315 960 322).

503 976 521 1054 ή
544 982 600 1060 μὲν
624 981 689 1059 ἐμοὶ
715 980 818 1046 δώσειν
844 982 889 1068 (Ξ.
917 980 1007 1067 271).

321 1095 354 1154 ot
375 1088 452 1154 adl
490 1083 544 1152 57.

706 1190 724 1266 ή
748 1193 804 1269 μὲν
829 1192 882 1257 καί
908 1190 970 1264 νίος
994 1194 1072 1258 ἐσσί.

365 1298 540 1386 Didymus:
564 1297 616 1364 διόο
638 1302 693 1361 τοῦ
720 1306 745 1362 Ε
768 1300 802 1363 αί
828 1296 1018 1381 ’Λριςοίρχοο
1043 1295 1061 1374 ή
1083 1307 1189 1365 ΜΕΝ.

367 1401 621 1471 Controversiam
645 1402 727 1468 hono
750 1411 891 1469 metrum
917 1405 1052 1470 dirimit.
1075 1413 1116 1468 T.
1140 1401 1217 1469 261.

504 1510 571 1578 σίςιο
596 1533 645 1573 νιιν
670 1511 802 1580 Zotic-

505 1617 549 1692 μή
573 1622 667 1679 ΜΕΝ
694 1615 754 1692 ἐγώ
777 1615 865 1697 κοώρή
891 1617 1022 1696 Βρισήίδι
1046 1618 1127 1696 χείρ’
1151 1617 1315 1680 ἐσενεῖκαι.

370 1731 402 1788 Ξ.
427 1719 505 1788 275.

505 1823 594 1904 ἄγρει
620 1825 669 1890 νών
693 1849 743 1903 ροοι
768 1825 897 1904 ὄμοσσον

503 1928 637 2006 ήΜί-ΣΝ
663 1932 729 2007 ἐμοὶ
753 1932 855 1996 δώσειν
880 1937 1019 2012 Χαρίτων
1042 1933 1119 2009 μίαν
1143 1931 1345 2011 ὄτλοτεροίοιν.

367 2039 478 2124 ltoquo
500 2037 715 2124 reponendum
740 2047 776 2102 K.
802 2036 877 2102 322.

981 2145 1035 2208 καί
1058 2167 1110 2221 μοι
1133 2142 1261 2220 ὄμοσσον

504 2244 522 2322 ή
544 2249 600 2327 μὲν
625 2250 694 2320 τοὺς
720 2245 830 2320 ίττονς
855 2273 889 2313 τε
914 2250 966 2314 καί
992 2246 1179 2330 ώρριατοι-
1204 2249 1316 2315 δώσειν.

367 2365 403 2420 Κ.
430 2355 507 2421 330.

504 2460 572 2529 τίτιι
598 2485 646 2525 νον
672 2461 748 2533 Ζεὺς
772 2458 865 2532 αὖτίς
891 2500 931 2509 -

505 2567 549 2640 μή
574 2566 630 2642 μὲν
654 2573 717 2637 τοῖς
741 2563 877 2631 ίττοισιν
901 2567 975 2647 ώνήρ
999 2568 1191 2646 ἐποχήσεται
1214 2565 1321 2638 ἄλλος.

368 2680 409 2735 T.
437 2669 512 2736 109.

503 2779 528 2842 εί
553 2777 579 2841 δ’
603 2775 667 2854 ἄγε
691 2779 740 2843 νιίν
764 2801 815 2855 μοι
838 2777 966 2855 ὄμοσσον

505 2877 523 2956 ή
546 2885 602 2958 μὲν
626 2885 678 2948 τὸν
703 2885 854 2949 τοίντεσσι
880 2923 920 2934 -
945 2885 1093 2962 τανοίξειν.

368 2986 427 3054 0d.
452 2990 480 3054 δ.
508 2988 586 3055 253.

942 3099 1049 3175 ὤμοσα
1072 3100 1214 3177 καρτερὸν
1238 3095 1320 3178 ὄρκον

504 3203 549 3280 μή
572 3204 629 3279 μὲν
654 3203 722 3282 πρίν
746 3202 886 3275 Ὀδοσήα
909 3205 994 3281 μετὰ
1019 3203 1155 3284 Τρώεσσ’
1180 3207 1350 3285 ἀναφῆναι.

368 3306 426 3372 0d.
451 3305 481 3383 ξ.
508 3306 584 3373 160.

502 3414 570 3482 είςοι
594 3437 643 3477 νυν
668 3413 743 3484 Ζεώς

504 3513 522 3592 ἦ
544 3517 601 3597 μέν
625 3543 670 3584 τοι
694 3521 771 3585 τώδε
795 3518 901 3584 τώντα
924 3521 1079 3585 τελείεται
1103 3524 1141 3592 ὡς
1168 3521 1314 3599 ώγορεώοι.

321 3626 378 3691 ubi
408 3626 562 3690 τελείεται
593 3625 741 3690 futurum
774 3631 822 3690 eoi
853 3646 910 3711 pro
940 3626 1139 3704 ἀποβήσεται
1168 3627 1220 3690 καί
1252 3626 1340 3698 τέλος
1367 3624 1448 3702 ἕξει,
1475 3635 1516 3693 ui

321 3734 495 3796 καλείσίαι.
519 3733 555 3795 in
578 3732 799 3815 Aristophanis
822 3732 990 3816 Ῐιρείεότιιίο
1016 3731 1089 3796 100.

390 3833 480 3915 οἶμαί
503 3859 578 3900 ποτε
602 3834 800 3916 Λιισιμοίχας
825 3839 909 3912 ήμῐις
933 3839 963 3900 ἐν
987 3847 1050 3910 τοῖς
1072 3839 1207 3910 Ἕλλησι
1233 3838 1463 3902 καλεῖσθαι.

320 3945 353 4010 id
377 3949 425 4010 est
449 3945 661 4017 κεκλήσεσόοιι.

365 4051 485 4116 liudem
515 4048 671 4114 Herodoti
700 4051 782 4114 ratio
817 4053 881 4125 est,
913 4049 1016 4113 veluti
1048 4048 1088 4112 11.
1125 4045 1199 4116 179.
1231 4057 1309 4128 χρῆν
1331 4049 1442 4125 ὄμίσαι
1465 4053 1513 4126 μὴ

320 4165 414 4221 ΜΕΝ
445 4155 554 4220 έκόντα
584 4155 689 4218 ἕλόεΐν.
724 4161 755 4220 ei
785 4176 816 4219 v.
854 4153 928 4219 106.
949 4154 1029 4224 θεοὺς
1054 4157 1208 4232 ἐπόμνυμι
1234 4157 1303 4224 τοὺς
1326 4156 1512 4232 βασιληίους

319 4264 364 4338 μή
394 4269 486 4325 ΜΕΝ
519 4259 656 4338 ιτρότερον
688 4260 877 4324 εἰιδώσΕσόαι
902 4263 952 4325 τὸν
977 4259 1056 4341 ἔχων
1086 4264 1193 4326 ιιιόῶνιι
1227 4259 1454 4338 καταβήσομαι
1480 4263 1511 4334 ἕς

320 4368 441 4437 Ἰωνίην.
464 4371 496 4430 et
515 4367 633 4451 passim
653 4364 738 4430 olibi.
762 4367 826 4430 vid.
849 4365 947 4431 Koon.
969 4368 1008 4432 ad
1023 4365 1156 4452 Gregor.
1178 4364 1321 4432 Corinth.
1340 4385 1411 4454 pag.
1433 4367 1509 4432 471.

364 4473 473 4538 Etiam
492 4495 532 4550 γε
551 4479 645 4534 ΜΕΝ
665 4469 875 4536 Homericum
896 4481 960 4548 ost,
982 4491 1044 4537 non
1064 4496 1102 4551 γε
1126 4480 1231 4538 ΜΗΝ.
1255 4472 1335 4537 1Ιίκό
1370 4482 1413 4537 Ω.
1433 4471 1512 4538 642.
