3410 5180
900 370 965 438 432

330 561 421 626 εἰπὼν
446 563 491 639 μη
514 561 661 636 τοιησητε
684 560 914 642 ἑτερόφθαλμον
937 565 991 638 την
1016 560 1169 628 Ἑλλάδα.
1204 563 1330 632 Ultima
1349 573 1425 633 eunt
1442 567 1517 632 Pin-

328 666 397 732 dari
424 667 535 752 Θόριορι.
559 666 601 732 H.
627 666 681 732 11.

667 773 813 846 Σικελόας
837 773 866 840 τ’
889 773 963 841 ἕσαν
986 772 1161 856 όφόαλμός.

381 993 413 1046 B.
430 977 508 1048 496.
532 979 620 1061 παρά
643 981 684 1062 τῷ
708 982 894 1063 Εὐφορόυνι·

734 1083 831 1153 Αὖλόν
853 1091 883 1152 τ’
906 1087 1060 1169 ἔσφανον.

370 1193 547 1258 Lenissime
569 1191 719 1258 Meinelre
742 1195 902 1260 tentabat:
928 1192 1024 1261 λῦλόν
1047 1220 1083 1260 τε
1106 1194 1165 1277 σφ’
1189 1194 1279 1276 etot.
1315 1196 1387 1263 Non
1406 1199 1515 1263 minue

324 1301 389 1365 leni
422 1300 612 1365 correctione
642 1317 790 1383 reponas:
825 1297 920 1365 λῦλόν
944 1300 974 1364 τ’
1000 1303 1030 1374 ἐς
1055 1305 1194 1381 φεῦγον,
1218 1323 1356 1387 namquo
1379 1327 1400 1367 α
1424 1309 1457 1370 et
1479 1327 1514 1369 ευ

324 1407 359 1471 in
382 1404 604 1471 huiuscemodi
627 1404 718 1469 libris
741 1426 835 1471 nemo
859 1406 959 1472 oeulis
982 1407 1156 1474 discernere
1179 1411 1290 1495 possit.

370 1611 403 1664 B.
431 1597 506 1663 543.
533 1599 585 1663 καὶ
609 1600 624 1663 ό
647 1597 788 1679 χρησμός
811 1599 878 1679 περὶ
903 1603 1003 1666 αὐτῶν
1026 1598 1135 1675 οὕτως·

508 1700 611 1785 άνδρες
636 1697 662 1770 ot
684 1706 862 1771 ναόουσιν
887 1705 961 1786 ὕδωρ
985 1715 1085 1780 καλῆς
1109 1707 1299 1788 ’λρεόούσης

325 1813 365 1878 de
380 1812 515 1898 ριἐοόόια
537 1811 661 1877 dietum
683 1817 785 1897 puteo.
833 1811 997 1879 Restitue:

755 1909 782 1982 οἳ
805 1927 947 1983 Πῐνουσιν
972 1915 1057 1997 ὕδωρ.

323 2023 363 2091 of.
396 2021 560 2090 Scholium
593 2023 632 2089 od
665 2044 713 2089 vo.
749 2021 824 2088 761.
849 2029 881 2089 ot
904 2022 1091 2090 Strabonem
1117 2045 1135 2090 a
1157 2022 1321 2092 Dindorfio
1343 2023 1514 2092 laudatum

322 2153 397 2219 pag.
421 2129 499 2198 449.

370 2337 404 2391 B.
437 2324 511 2394 755.
550 2325 748 2407 άτορράὲτ
780 2327 963 2408 Ἀρόςαρχος
995 2329 1138 2406 ὀξυτόνως
1168 2330 1208 2401 ὥς
1243 2329 1513 2412 όυλανοτράξ.

324 2432 455 2499 Dedisse
477 2433 606 2500 videtur
629 2431 809 2512 κυαμοτρόιξ
831 2455 869 2499 ox
892 2434 1116 2520 Aristophane:

554 2537 695 2619 ἄγροικος
723 2539 830 2620 ὀργήν,
855 2541 1049 2620 κυαμοτράξ,
1074 2539 1260 2621 άκράχολος.

321 2644 359 2709 of.
385 2642 425 2709 ed
449 2653 484 2708 Z.
512 2643 588 2708 135.

367 2848 403 2904 Γ.
441 2839 493 2904 ll.
526 2841 543 2914 ἡ
573 2839 668 2914 διπλῆ
696 2835 742 2903 ὅτι
766 2839 843 2912 τινὲς
868 2839 1023 2922 γράφουσι
1047 2841 1102 2905 σὺν
1123 2841 1164 2920 τῷ
1194 2849 1224 2906 Ν
1257 2839 1441 2918 άμεόνυν.
1466 2881 1511 2892 -

323 2941 413 3010 άλλοι
439 2943 470 3009 δὲ
495 2943 668 3025 γράφουσιν
691 2946 759 3010 άντὶ
784 2951 836 3010 τοῦ
861 2946 966 3019 νυκτὸς
990 2947 1115 3023 άμείνοι.
1162 2946 1288 3012 Ultima
1310 2968 1402 3012 sensu
1425 2969 1513 3015 ossea

322 3055 407 3115 sunt.
454 3051 558 3140 Lege:
583 3051 757 3132 γράφουσιν
780 3049 873 3116 άνΕΤ
899 3057 952 3117 τοῦ
976 3060 1006 3116 Ν
1031 3052 1135 3123 νυκτὸς
1164 3052 1326 3128 άμεόνυ.

367 3255 401 3310 Γ.
439 3243 513 3309 156.
548 3244 691 3326 τρίγωνον
720 3244 752 3309 δὲ
785 3245 976 3324 ἐπίγραμμα
1006 3250 1121 3325 πρῶτος
1143 3243 1281 3324 Ὄμηρος
1304 3246 1452 3327 γέγραφε
1475 3245 1511 3311 τό

322 3349 390 3428 »οὐ
416 3348 580 3428 νέμεσις
604 3349 769 3429 Τρῶας”
792 3352 852 3431 ἀφ’
877 3347 935 3415 οἵου
959 3351 1022 3428 γάρ
1047 3353 1138 3432 εόχου
1162 3356 1219 3416 τῶν
1244 3360 1328 3432 τριῶν
1348 3351 1510 3433 άρξάμεόα
1547 3413 1558 3423 ,

321 3457 496 3538 ἀδιάφορον.
543 3455 646 3544 Lege:
672 3457 733 3536 άφ’
758 3451 837 3521 όΤου
860 3457 924 3536 γάρ
944 3454 1020 3521 *AN
1044 3458 1135 3537 ςόχου
1156 3465 1214 3522 τῶν
1233 3465 1317 3539 τριῶν
1337 3457 1509 3539 άρξάμεόα.

364 3660 399 3716 Γ.
425 3647 499 3716 368.
525 3651 556 3735 (ἡ
579 3649 687 3732 διπλῆ)
708 3647 753 3714 ότι
774 3654 883 3731 σαφῶς
903 3649 938 3714 τό
963 3651 1069 3726 „ote
1094 3648 1245 3728 ἔβαλόν
1268 3651 1358 3729 μιν”
1380 3651 1511 3735 [σημαί-

320 3756 375 3844 νει]
405 3757 473 3821 etet
498 3761 551 3821 τοῦ
585 3756 670 3822 οὐδὲ
702 3753 898 3830 ἐπάταξα
932 3754 1067 3820 αὐτόν.
1109 3755 1265 3844 Expunge
1288 3757 1510 3842 importunum

319 3862 473 3940 σημαίνει.

364 4067 401 4122 H.
437 4056 514 4122 220.
546 4055 654 4134 μετά
688 4057 719 4121 δὲ
744 4055 867 4138 ζήτησιν
891 4057 960 4136 βίον
985 4059 1027 4128 εἷς
1050 4056 1159 4133 Κύμην
1183 4057 1442 4140 μετοικιζόμενος,
1468 4062 1511 4124 ad

318 4166 427 4230 υἱιόυοι
450 4164 648 4248 quaerendum
672 4158 792 4228 Graece
815 4163 933 4227 dicitur
956 4173 1074 4228 ΚΑΤΑ
1098 4162 1225 4243 ζήτησιν
1245 4164 1326 4241 βίον.

366 4364 405 4420 Η.
438 4354 514 4420 445.
547 4355 722 4430 Ἑλληνικός
752 4355 790 4420 ιῖιν
814 4356 877 4428 θεὸς
902 4356 985 4421 δοκεῖ
1005 4357 1131 4428 άταόῶς
1156 4363 1213 4421 τῶν
1237 4359 1391 4434 Ἑλλήνων
1415 4382 1509 4433 κατη·

321 4469 431 4543 γορεῖν.
479 4460 581 4528 Senon
602 4482 742 4528 vaenum
766 4467 813 4528 est
836 4463 976 4533 άταόῶς.
1023 4461 1228 4551 Legendnm:
1252 4463 1401 4537 άΜαόῶς.
