3372 5192
163 561 287 626 certum
315 559 473 626 iudicium
502 557 577 626 ferri
606 563 717 646 possit.
763 561 899 648 Legitur
928 560 1003 627 κατ’
1037 559 1246 640 Ἀνδροτίωνος
1278 582 1351 648 pag.

164 663 241 730 607.
272 663 326 730 28.
359 661 443 736 οὗτοι
475 667 662 742 Εὐκτήμονα
692 667 800 748 φήσας
830 670 889 742 τοὶς
922 667 1073 747 ὑμετέρας
1099 667 1183 747 ἔχειν
1207 667 1354 748 εἰσφορὰς

163 771 216 835 καὶ
241 771 335 836 ταῦτ’
360 770 535 850 ἐξελέγξειν
559 775 577 848 ή
603 771 677 854 παρ’
703 774 813 838 ἑαυτοῦ
838 776 1024 850 καταθήσειν
1049 771 1275 854 ὑποσχόμενος,
1299 795 1355 836 κα-

162 876 306 948 ταλθσαι
336 876 524 959 ψηφίσματι
557 881 712 960 κληρωτήν
743 880 843 960 ἀρχήν
867 881 918 943 ἐπὶ
942 889 980 960 τή
1005 877 1159 958 προΦοθσει
1182 879 1283 958 ταύτῃ
1303 875 1354 942 έπθ

162 985 218 1057 τήν
247 981 407 1064 εἴσπραξιν
439 983 565 1065 παρέδυ.
589 990 622 1050 ot
643 985 678 1049 in
704 985 887 1050 dinocrates
910 1006 984 1074 pag.
1010 983 1086 1050 750.
1113 985 1141 1050 5.
1168 983 1355 1060 αἰτιασάμε-

163 1113 208 1162 νος
232 1090 296 1167 γὰρ
316 1090 503 1180 Εὐκτήμονα
524 1090 583 1161 τοὶς
604 1089 756 1172 ὑμετέρας
776 1087 860 1171 ἔχειν
883 1091 1028 1172 εἰσφορὰς
1050 1093 1102 1156 καὶ
1124 1093 1208 1156 τοῦτ’
1230 1088 1356 1168 ἐξελέγ-

161 1193 225 1274 ξειν
249 1197 266 1273 ή
291 1197 364 1276 παρ’
389 1196 498 1262 ἑαυτοῦ
523 1196 709 1270 καταθήσειν
731 1196 939 1276 ὑποσχόμενος
962 1197 1210 1268 καταλύσας-
1229 1197 1355 1275 παρέδυ.

207 1299 246 1366 In
278 1303 382 1386 priore
416 1300 486 1368 loeo
521 1301 733 1384 ὑποσχόμενοι
769 1304 915 1388 spurium
950 1307 999 1368 est
1033 1311 1066 1368 et
1096 1302 1356 1390 expungendum.

163 1404 235 1471 Duo
265 1403 418 1472 infinitivi
451 1404 626 1486 ἐξελέγξειν
661 1412 693 1473 et
726 1409 912 1483 καταθήσειν
945 1408 1083 1492 pendent
1117 1429 1156 1474 ex
1188 1410 1356 1494 participio

162 1514 291 1593 φήσαι,
314 1515 410 1578 utin
433 1512 502 1579 loeo
526 1514 632 1579 vioino
656 1534 730 1602 pag.
756 1511 833 1580 608.
862 1511 914 1578 15.
939 1513 990 1578 τὸν
1013 1514 1071 1592 μὲν
1095 1514 1300 1590 Εὐκτήμονα,
1325 1504 1356 1576 θν

162 1616 339 1698 εἰσπράξειν
371 1618 388 1695 ή
420 1620 604 1696 καταθήσειν
637 1618 730 1692 αὐτὸς
760 1618 821 1702 ἔφη
858 1621 916 1690 τοὶς
953 1620 1119 1700 εἰσφορὰς,
1155 1621 1237 1688 οὐδέν
1267 1617 1354 1701 εἶχεν

164 1723 310 1804 ἐλέγχειν
342 1725 410 1806 περὶ
442 1723 568 1791 τούτων.
624 1724 716 1790 Unde
747 1727 789 1789 sit
820 1730 934 1790 natum
965 1725 1176 1806 ὑποσχθραενος
1209 1730 1356 1812 apertum

163 1835 228 1895 est:
260 1849 278 1895 e
309 1829 492 1896 limoerateo
522 1831 583 1896 hoe
611 1829 802 1898 translatum
827 1851 894 1896 esse
917 1830 1023 1915 vides,
1046 1833 1103 1898 ubi
1126 1843 1195 1896 tam
1218 1851 1358 1898 neeessa-

162 1937 250 2000 rium
275 1938 322 2000 est
343 1940 382 1999 ut
403 1941 510 2001 nostro
533 1935 603 2002 loeo
626 1955 906 2021 supervacaneum.
954 1935 1077 2022 Inspice
1100 1959 1183 2003 nune
1205 1934 1356 2004 codicem

165 2037 198 2106 S.
249 2037 394 2106 Secunda
417 2061 531 2107 manus
554 2042 726 2106 correctoris
751 2041 968 2121 ὑποσχόμενος
988 2041 1111 2108 addidit
1133 2044 1168 2106 in
1191 2042 1254 2108 elio
1272 2041 1355 2106 libro

163 2150 334 2232 repartum.
383 2145 454 2212 Hoc
483 2151 531 2212 est
556 2147 640 2212 illud
662 2147 840 2224 αντεβλήθή
865 2152 897 2212 et
921 2147 1081 2228 διώρθιοται
1115 2149 1210 2212 toties
1241 2146 1356 2212 Demo·

167 2251 289 2316 ethonis
320 2252 515 2318 orationibus
546 2253 775 2338 subscriptum.
824 2249 969 2318 Contulit
999 2253 1197 2337 nescioquis
1220 2253 1303 2318 inter
1325 2271 1358 2316 se

166 2357 245 2423 duos
275 2356 374 2423 libros
405 2365 527 2424 veteres
561 2357 615 2440 (an
645 2357 764 2444 plures)
797 2364 830 2423 et
851 2356 1002 2422 lectiones
1025 2358 1099 2424 inde
1118 2363 1280 2444 excerptae
1303 2364 1359 2423 sut

166 2464 201 2528 in
233 2467 360 2528 textum
392 2466 443 2529 sui
472 2463 549 2530 libri
579 2468 636 2530 aut
666 2466 701 2528 in
726 2466 887 2551 margines
911 2461 1085 2528 transtulit.
1131 2464 1267 2530 Factum
1291 2484 1358 2530 esse

168 2589 408 2654 nonnumquam
438 2575 476 2636 ut
507 2573 524 2647 ή
556 2569 703 2652 διόρθωσις
735 2576 816 2635 esset
843 2567 1079 2650 παραδιορθιισις
1103 2570 1157 2634 hio
1179 2572 1247 2656 ipse
1269 2569 1358 2637 loeus

165 2672 315 2740 declarat.

211 2777 364 2865 Sequitur
390 2802 465 2870 pag.
498 2779 575 2846 608.
606 2779 638 2845 2.
672 2781 880 2862 δήμκνορθλο
910 2780 936 2848 δ’
968 2779 1018 2844 ἐπὶ
1038 2778 1156 2854 τούτοις
1181 2781 1356 2860 ποιούμενος

167 2888 206 2956 ὦς
231 2883 275 2952 έςι
300 2887 386 2966 τριῶν
411 2885 523 2966 αἵρεσις
548 2888 565 2963 ή
590 2887 634 2951 τοὶ
657 2893 801 2964 πομπεῖα
823 2887 1034 2952 κατακόπτειν
1055 2887 1071 2964 ή
1093 2885 1189 2953 πθλιν
1207 2888 1359 2970 εἰσφέρειν

167 2990 184 3066 ή
208 2991 278 3062 τοὺς
303 2989 487 3072 ὀφείλοντας
510 2990 706 3072 εθσπριθττειν
730 2991 911 3072 αἱρουμένων
937 2991 1059 3064 εἰκότως
1079 2993 1162 3069 ὑμῶν
1182 2993 1251 3065 τοὺς
1271 2997 1356 3073 θφεθ-

166 3112 278 3168 λοντας
310 3098 507 3180 εθσπριθττειν
537 3098 602 3163 κτέ.
649 3097 686 3162 In
718 3097 900 3163 limaeam
933 3119 1007 3185 pag.
1040 3096 1116 3163 750.
1151 3097 1203 3162 12.
1239 3099 1356 3167 melius

167 3207 317 3276 scribitur
352 3203 562 3284 δήμκνορθΑΝ
597 3204 789 3280 ποιούμενος,
823 3225 899 3269 nam
931 3203 1021 3268 semel
1053 3203 1092 3268 de
1125 3204 1185 3269 hao
1218 3226 1252 3270 re
1282 3227 1357 3272 oum

167 3315 285 3381 dixisse
314 3317 413 3399 patet.
459 3311 550 3376 Idem
581 3309 748 3394 utrobique
775 3312 895 3375 vitium
917 3309 1033 3374 additis
1057 3307 1180 3374 duabus
1201 3307 1357 3379 litterulis

167 3422 212 3486 sio
235 3419 428 3488 sanandum:
450 3454 491 3464 -
511 3415 593 3494 ὑμῶν
615 3423 675 3480 ΤΟ
699 3413 769 3486 τοὺς
793 3414 977 3493 ὀφείλοντας
1000 3412 1209 3495 εἰσπράττειν.

213 3628 343 3695 Novum
372 3623 556 3711 exemplum
578 3623 641 3690 loei
664 3643 703 3690 ex
727 3623 909 3688 iimooratea
931 3623 1113 3710 interpolati
1135 3624 1259 3692 videbis
1281 3649 1355 3718 pag.

169 3733 244 3800 614.
277 3733 307 3800 2.
341 3731 460 3798 ἐνταῦθ’
491 3731 608 3812 έφοθνιρι
640 3730 776 3807 κηδεμὼν
806 3727 844 3793 ὧν
875 3725 910 3795 οὗ
939 3754 974 3794 σε
1005 3730 1139 3802 πολλοὺς
1169 3729 1226 3796 ἔδει
1255 3743 1356 3810 κακῶς

167 3849 304 3914 ποιήσαι.
334 3838 484 3917 βούλεσθε
515 3835 550 3901 τθ
580 3835 693 3901 τούτων
723 3833 820 3900 αθτιον
849 3837 911 3912 ἐγὼ
944 3835 1014 3912 ὑμῖν
1046 3833 1136 3908 εἴποι,
1168 3830 1213 3900 ὅτι
1243 3839 1356 3908 τοθτυν

168 3947 226 4024 μὲν
252 3945 490 4024 μετέχΟΎΕΙΝ
514 3939 553 4007 ὦν
575 3941 728 4008 οξδικοῦσιν
753 3943 836 4018 ὑμᾶς
859 3941 957 4024 τινές,
988 3941 1050 4006 riori
1075 3940 1106 4004 δέ
1129 3947 1188 4004 τῶν
1210 3943 1357 4027 εἰσπρατ-

167 4051 300 4130 τομένων
334 4053 615 4132 θΦαιρΟΤΝΤλΙ·
652 4047 689 4112 δι’
723 4047 883 4121 οἱπλκςθαν
917 4046 949 4111 δὲ
983 4046 1100 4127 τρόπον
1134 4045 1253 4128 διχόθεν
1286 4075 1357 4134 xop-

168 4166 339 4224 πΟΤΝται
370 4158 426 4231 τήν
456 4153 555 4220 πθλιν.
602 4153 669 4220 Cur
699 4151 817 4239 plurali
848 4149 972 4218 utitur?
996 4153 1034 4218 de
1066 4150 1132 4216 solo
1162 4153 1356 4226 Androtiona

168 4266 289 4350 cogitat
320 4269 351 4328 et
380 4260 532 4346 loquitur.
579 4257 788 4345 Inspiciamus
817 4256 933 4323 libros:
958 4259 991 4322 in
1015 4255 1038 4322 S
1067 4255 1203 4344 legitur:
1228 4257 1274 4325 ὅτι
1297 4272 1356 4330 τῶν

168 4371 225 4447 μέν
260 4369 474 4450 ὖφαιρΕΙΤΑΙ
508 4368 635 4432 omissis
661 4365 776 4430 mediis
800 4369 832 4430 et
856 4373 1053 4442 καρπΟΤται
1076 4383 1133 4448 pro
1157 4372 1356 4444 καρποῦνται.

168 4476 358 4544 Rectissime
385 4475 525 4540 servavit
546 4474 595 4539 bis
618 4470 815 4560 singularem
835 4491 1023 4548 numerum,
1048 4489 1186 4555 namque
1208 4471 1286 4541 haee
1308 4482 1356 4544 est
