<?xml version="1.0" encoding="UTF-8"?>
<!DOCTYPE html PUBLIC "-//W3C//DTD XHTML 1.0 Transitional//EN"
    "http://www.w3.org/TR/xhtml1/DTD/xhtml1-transitional.dtd">
<html xmlns="http://www.w3.org/1999/xhtml" xml:lang="en" lang="en">
 <head>
  <title>
</title>
<meta http-equiv="Content-Type" content="text/html;charset=utf-8" />
  <meta name='ocr-system' content='tesseract 3.04.00' />
  <meta name='ocr-capabilities' content='ocr_page ocr_carea ocr_par ocr_line ocrx_word'/>
</head>
<body>
  <div class='ocr_page' id='page_1' title='image "./miscellaneacrit01cobegoog_0451.png"; bbox 0 0 3392 5186; ppageno 0'>
   <div class='ocr_carea' id='block_1_1' title="bbox 881 365 945 431">
    <p class='ocr_par' dir='ltr' id='par_1_1' title="bbox 881 365 945 431">
     <span class='ocr_line' id='line_1_1' title="bbox 881 365 945 431; baseline -0.016 -2"><span class='ocrx_word' id='word_1_1' title='bbox 881 365 945 431; x_wconf 75' lang='lat'><strong>420</strong></span> 
     </span>
    </p>
   </div>
   <div class='ocr_carea' id='block_1_2' title="bbox 313 550 1510 1796">
    <p class='ocr_par' dir='ltr' id='par_1_2' title="bbox 313 550 1510 1796">
     <span class='ocr_line' id='line_1_2' title="bbox 359 550 1446 640; baseline -0.006 -18"><span class='ocrx_word' id='word_1_2' title='bbox 359 554 453 622; x_wconf 83' lang='lat' dir='ltr'><strong>Certa</strong></span> <span class='ocrx_word' id='word_1_3' title='bbox 477 558 509 618; x_wconf 91' lang='lat' dir='ltr'><strong>et</strong></span> <span class='ocrx_word' id='word_1_4' title='bbox 531 558 676 618; x_wconf 90' lang='lat' dir='ltr'><strong>constans</strong></span> <span class='ocrx_word' id='word_1_5' title='bbox 698 553 834 619; x_wconf 84' lang='lat' dir='ltr'><strong>Homeri</strong></span> <span class='ocrx_word' id='word_1_6' title='bbox 858 553 1052 618; x_wconf 87' lang='lat' dir='ltr'><strong>consuetudo</strong></span> <span class='ocrx_word' id='word_1_7' title='bbox 1074 550 1217 637; x_wconf 87' lang='lat' dir='ltr'><strong>postulat</strong></span> <span class='ocrx_word' id='word_1_8' title='bbox 1240 558 1277 617; x_wconf 93' lang='lat' dir='ltr'><strong>ut</strong></span> <span class='ocrx_word' id='word_1_9' title='bbox 1299 553 1446 640; x_wconf 76' lang='lat' dir='ltr'><strong>legatur:</strong></span> 
     </span>
     <span class='ocr_line' id='line_1_3' title="bbox 631 659 1174 738; baseline -0.004 -14"><span class='ocrx_word' id='word_1_10' title='bbox 631 668 724 724; x_wconf 92' lang='lat' dir='ltr'><strong>TON</strong></span> <span class='ocrx_word' id='word_1_11' title='bbox 748 659 780 726; x_wconf 80' lang='grc' dir='ltr'><strong>δέ</strong></span> <span class='ocrx_word' id='word_1_12' title='bbox 802 684 849 732; x_wconf 89' lang='grc' dir='ltr'><strong>τις</strong></span> <span class='ocrx_word' id='word_1_13' title='bbox 874 659 1021 738; x_wconf 77' lang='grc' dir='ltr'><strong><em>-βλάψε</em></strong></span> <span class='ocrx_word' id='word_1_14' title='bbox 1044 660 1174 738; x_wconf 81' lang='grc' dir='ltr'><strong><em>Φρὲνας.</em></strong></span> 
     </span>
     <span class='ocr_line' id='line_1_4' title="bbox 313 763 1503 850; baseline -0.003 -18"><span class='ocrx_word' id='word_1_15' title='bbox 313 789 381 832; x_wconf 85' lang='lat' dir='ltr'><strong>rem</strong></span> <span class='ocrx_word' id='word_1_16' title='bbox 410 765 535 832; x_wconf 85' lang='lat' dir='ltr'><strong>conficit</strong></span> <span class='ocrx_word' id='word_1_17' title='bbox 557 769 651 831; x_wconf 83' lang='lat' dir='ltr'><strong>vetus</strong></span> <span class='ocrx_word' id='word_1_18' title='bbox 674 764 832 831; x_wconf 87' lang='lat' dir='ltr'><strong>scholium</strong></span> <span class='ocrx_word' id='word_1_19' title='bbox 855 766 918 828; x_wconf 87' lang='lat' dir='ltr'><strong>huo</strong></span> <span class='ocrx_word' id='word_1_20' title='bbox 940 764 1141 829; x_wconf 86' lang='lat' dir='ltr'><strong>referendum</strong></span> <span class='ocrx_word' id='word_1_21' title='bbox 1167 767 1242 846; x_wconf 83' lang='lat' dir='ltr'><strong>(non</strong></span> <span class='ocrx_word' id='word_1_22' title='bbox 1267 765 1307 829; x_wconf 90' lang='lat' dir='ltr'><strong>ad</strong></span> <span class='ocrx_word' id='word_1_23' title='bbox 1331 787 1378 832; x_wconf 88' lang='lat' dir='ltr'><strong>vs.</strong></span> <span class='ocrx_word' id='word_1_24' title='bbox 1407 763 1503 850; x_wconf 83' lang='lat'>179):</span> 
     </span>
     <span class='ocr_line' id='line_1_5' title="bbox 314 870 656 953; baseline -0.003 -16"><span class='ocrx_word' id='word_1_25' title='bbox 314 876 343 938; x_wconf 85' lang='grc' dir='ltr'><strong>ἕν</strong></span> <span class='ocrx_word' id='word_1_26' title='bbox 368 876 514 953; x_wconf 84' lang='grc' dir='ltr'><strong><em>σχήματι</em></strong></span> <span class='ocrx_word' id='word_1_27' title='bbox 539 874 577 943; x_wconf 82' lang='grc' dir='ltr'><strong>ὥς</strong></span> <span class='ocrx_word' id='word_1_28' title='bbox 602 870 656 936; x_wconf 68' lang='grc' dir='ltr'><strong>τά·</strong></span> 
     </span>
     <span class='ocr_line' id='line_1_6' title="bbox 495 973 1216 1064; baseline 0.001 -23"><span class='ocrx_word' id='word_1_29' title='bbox 495 977 631 1055; x_wconf 75' lang='grc' dir='ltr'><strong><em>γυναῖκά</em></strong></span> <span class='ocrx_word' id='word_1_30' title='bbox 655 1000 691 1039; x_wconf 91' lang='grc' dir='ltr'><strong>τε</strong></span> <span class='ocrx_word' id='word_1_31' title='bbox 716 976 830 1051; x_wconf 76' lang='grc' dir='ltr'><strong><em>θήσατο</em></strong></span> <span class='ocrx_word' id='word_1_32' title='bbox 854 973 953 1055; x_wconf 79' lang='grc' dir='ltr'><strong><em>μαζόν</em></strong></span> <span class='ocrx_word' id='word_1_33' title='bbox 979 975 1033 1064; x_wconf 87' lang='lat' dir='ltr'><strong>(Il.</strong></span> <span class='ocrx_word' id='word_1_34' title='bbox 1061 986 1106 1041; x_wconf 87' lang='grc' dir='ltr'><strong>Ω.</strong></span> <span class='ocrx_word' id='word_1_35' title='bbox 1133 973 1216 1056; x_wconf 82' lang='lat'>58.).</span> 
     </span>
     <span class='ocr_line' id='line_1_7' title="bbox 315 1084 388 1149; baseline -0.014 0"><span class='ocrx_word' id='word_1_36' title='bbox 315 1084 388 1149; x_wconf 80' lang='grc' dir='ltr'><strong>καὶ·</strong></span> 
     </span>
     <span class='ocr_line' id='line_1_8' title="bbox 496 1183 1391 1276; baseline -0.001 -22"><span class='ocrx_word' id='word_1_37' title='bbox 496 1186 527 1254; x_wconf 80' lang='grc' dir='ltr'><strong>οἵ</strong></span> <span class='ocrx_word' id='word_1_38' title='bbox 544 1192 573 1253; x_wconf 83' lang='grc' dir='ltr'><strong>σ’</strong></span> <span class='ocrx_word' id='word_1_39' title='bbox 597 1191 724 1262; x_wconf 83' lang='grc' dir='ltr'><strong><em>ἀπειλήν</em></strong></span> <span class='ocrx_word' id='word_1_40' title='bbox 748 1183 819 1266; x_wconf 74' lang='grc' dir='ltr'><strong>αἷμ’</strong></span> <span class='ocrx_word' id='word_1_41' title='bbox 846 1188 1123 1270; x_wconf 70' lang='grc' dir='ltr'><strong>ἀπολιχμήσονται</strong></span> <span class='ocrx_word' id='word_1_42' title='bbox 1150 1188 1199 1276; x_wconf 89' lang='lat' dir='ltr'><strong>(Il.</strong></span> <span class='ocrx_word' id='word_1_43' title='bbox 1226 1197 1263 1253; x_wconf 88' lang='grc' dir='ltr'><strong>Φ.</strong></span> <span class='ocrx_word' id='word_1_44' title='bbox 1290 1187 1391 1270; x_wconf 66' lang='lat'>122).</span> 
     </span>
     <span class='ocr_line' id='line_1_9' title="bbox 360 1293 1506 1382; baseline -0.002 -20"><span class='ocrx_word' id='word_1_45' title='bbox 360 1295 490 1362; x_wconf 75' lang='lat' dir='ltr'>Poterat</span> <span class='ocrx_word' id='word_1_46' title='bbox 514 1295 647 1362; x_wconf 79' lang='lat' dir='ltr'><strong>meliora</strong></span> <span class='ocrx_word' id='word_1_47' title='bbox 670 1293 817 1380; x_wconf 82' lang='lat' dir='ltr'><strong>exempla</strong></span> <span class='ocrx_word' id='word_1_48' title='bbox 840 1295 1003 1368; x_wconf 86' lang='lat' dir='ltr'><strong>attulisse,</strong></span> <span class='ocrx_word' id='word_1_49' title='bbox 1028 1316 1165 1380; x_wconf 88' lang='lat' dir='ltr'><strong>qnorum</strong></span> <span class='ocrx_word' id='word_1_50' title='bbox 1188 1313 1308 1382; x_wconf 83' lang='lat' dir='ltr'><strong>magna</strong></span> <span class='ocrx_word' id='word_1_51' title='bbox 1330 1299 1379 1360; x_wconf 89' lang='lat' dir='ltr'><strong>est</strong></span> <span class='ocrx_word' id='word_1_52' title='bbox 1401 1299 1506 1382; x_wconf 88' lang='lat' dir='ltr'><strong>copia,</strong></span> 
     </span>
     <span class='ocr_line' id='line_1_10' title="bbox 316 1399 1157 1469; baseline -0.006 0"><span class='ocrx_word' id='word_1_53' title='bbox 316 1403 371 1469; x_wconf 89' lang='lat' dir='ltr'><strong>sed</strong></span> <span class='ocrx_word' id='word_1_54' title='bbox 393 1401 602 1468; x_wconf 84' lang='lat' dir='ltr'><strong>manifestum</strong></span> <span class='ocrx_word' id='word_1_55' title='bbox 625 1405 674 1466; x_wconf 88' lang='lat' dir='ltr'><strong>est</strong></span> <span class='ocrx_word' id='word_1_56' title='bbox 697 1402 736 1464; x_wconf 90' lang='lat' dir='ltr'><strong>ob</strong></span> <span class='ocrx_word' id='word_1_57' title='bbox 760 1399 869 1466; x_wconf 86' lang='lat' dir='ltr'><strong>oculos</strong></span> <span class='ocrx_word' id='word_1_58' title='bbox 892 1421 968 1466; x_wconf 90' lang='lat' dir='ltr'><strong>eum</strong></span> <span class='ocrx_word' id='word_1_59' title='bbox 990 1400 1157 1465; x_wconf 86' lang='lat' dir='ltr'><strong>hahuisse:</strong></span> 
     </span>
     <span class='ocr_line' id='line_1_11' title="bbox 622 1504 1166 1586; baseline -0.004 -14"><span class='ocrx_word' id='word_1_60' title='bbox 622 1515 715 1572; x_wconf 91' lang='lat' dir='ltr'><strong>TON</strong></span> <span class='ocrx_word' id='word_1_61' title='bbox 740 1504 772 1570; x_wconf 74' lang='grc' dir='ltr'><strong>δέ</strong></span> <span class='ocrx_word' id='word_1_62' title='bbox 796 1531 844 1578; x_wconf 80' lang='grc' dir='ltr'><strong>τις</strong></span> <span class='ocrx_word' id='word_1_63' title='bbox 869 1506 1016 1584; x_wconf 84' lang='grc' dir='ltr'><strong><em>-βλάψε</em></strong></span> <span class='ocrx_word' id='word_1_64' title='bbox 1040 1506 1166 1586; x_wconf 78' lang='grc' dir='ltr'><strong>Φρένας.</strong></span> 
     </span>
     <span class='ocr_line' id='line_1_12' title="bbox 364 1609 1510 1699; baseline -0.001 -21"><span class='ocrx_word' id='word_1_65' title='bbox 364 1613 463 1699; x_wconf 80' lang='lat' dir='ltr'>Saepe</span> <span class='ocrx_word' id='word_1_66' title='bbox 505 1612 544 1678; x_wconf 90' lang='lat' dir='ltr'><strong>de</strong></span> <span class='ocrx_word' id='word_1_67' title='bbox 587 1632 623 1676; x_wconf 91' lang='lat' dir='ltr'><strong>ea</strong></span> <span class='ocrx_word' id='word_1_68' title='bbox 669 1609 834 1676; x_wconf 77' lang='lat' dir='ltr'><strong>Homerici</strong></span> <span class='ocrx_word' id='word_1_69' title='bbox 878 1613 1032 1676; x_wconf 86' lang='lat' dir='ltr'><strong>sermonis</strong></span> <span class='ocrx_word' id='word_1_70' title='bbox 1075 1611 1302 1677; x_wconf 88' lang='lat' dir='ltr'><strong>consuetudine</strong></span> <span class='ocrx_word' id='word_1_71' title='bbox 1343 1615 1510 1679; x_wconf 73' lang='lat' dir='ltr'><strong>annotavit</strong></span> 
     </span>
     <span class='ocr_line' id='line_1_13' title="bbox 318 1714 1276 1796; baseline -0.003 -9"><span class='ocrx_word' id='word_1_72' title='bbox 318 1720 537 1796; x_wconf 77' lang='lat' dir='ltr'><strong>Aristarchus,</strong></span> <span class='ocrx_word' id='word_1_73' title='bbox 561 1718 665 1784; x_wconf 88' lang='lat' dir='ltr'><strong>veluti</strong></span> <span class='ocrx_word' id='word_1_74' title='bbox 688 1717 728 1782; x_wconf 88' lang='lat' dir='ltr'><strong>ad</strong></span> <span class='ocrx_word' id='word_1_75' title='bbox 751 1727 790 1782; x_wconf 87' lang='lat'><strong>11.</strong></span> <span class='ocrx_word' id='word_1_76' title='bbox 817 1715 893 1782; x_wconf 81' lang='lat'>124.</span> <span class='ocrx_word' id='word_1_77' title='bbox 919 1725 956 1781; x_wconf 83' lang='grc' dir='ltr'><strong>Φ.</strong></span> <span class='ocrx_word' id='word_1_78' title='bbox 981 1714 1034 1782; x_wconf 86' lang='grc'><strong>38.</strong></span> <span class='ocrx_word' id='word_1_79' title='bbox 1059 1715 1118 1782; x_wconf 90' lang='lat' dir='ltr'><strong>Od.</strong></span> <span class='ocrx_word' id='word_1_80' title='bbox 1142 1741 1172 1782; x_wconf 87' lang='grc' dir='ltr'><strong>ο.</strong></span> <span class='ocrx_word' id='word_1_81' title='bbox 1199 1717 1276 1784; x_wconf 85' lang='grc'><strong>396.</strong></span> 
     </span>
    </p>
   </div>
   <div class='ocr_carea' id='block_1_3' title="bbox 364 1927 584 1995">
    <p class='ocr_par' dir='ltr' id='par_1_3' title="bbox 364 1927 584 1995">
     <span class='ocr_line' id='line_1_14' title="bbox 364 1927 584 1995; baseline -0.014 0"><span class='ocrx_word' id='word_1_82' title='bbox 364 1928 422 1995; x_wconf 91' lang='lat' dir='ltr'><strong>Od.</strong></span> <span class='ocrx_word' id='word_1_83' title='bbox 448 1953 481 1992; x_wconf 89' lang='grc' dir='ltr'><strong>π.</strong></span> <span class='ocrx_word' id='word_1_84' title='bbox 508 1927 584 1994; x_wconf 79' lang='grc'><strong>214.</strong></span> 
     </span>
    </p>
   </div>
   <div class='ocr_carea' id='block_1_4' title="bbox 310 2033 1512 3070">
    <p class='ocr_par' dir='ltr' id='par_1_4' title="bbox 310 2033 1512 3070">
     <span class='ocr_line' id='line_1_15' title="bbox 455 2033 1341 2115; baseline 0.002 -17"><span class='ocrx_word' id='word_1_85' title='bbox 455 2033 648 2115; x_wconf 75' lang='grc' dir='ltr'><strong><em>ἀμφιχυθεὶς</em></strong></span> <span class='ocrx_word' id='word_1_86' title='bbox 672 2034 782 2112; x_wconf 74' lang='grc' dir='ltr'><strong><em>πατέρ’</em></strong></span> <span class='ocrx_word' id='word_1_87' title='bbox 806 2033 910 2098; x_wconf 73' lang='grc' dir='ltr'><strong><em>ἐσθλὸν</em></strong></span> <span class='ocrx_word' id='word_1_88' title='bbox 934 2034 1053 2114; x_wconf 73' lang='grc' dir='ltr'><strong><em>ὀδύρετο</em></strong></span> <span class='ocrx_word' id='word_1_89' title='bbox 1077 2034 1341 2114; x_wconf 62' lang='lat' dir='ltr'><strong>carpocratem.</strong></span> 
     </span>
     <span class='ocr_line' id='line_1_16' title="bbox 319 2140 1512 2228; baseline 0 -22"><span class='ocrx_word' id='word_1_90' title='bbox 319 2140 478 2207; x_wconf 79' lang='lat' dir='ltr'><strong>scholion:</strong></span> <span class='ocrx_word' id='word_1_91' title='bbox 512 2141 697 2221; x_wconf 79' lang='grc' dir='ltr'><strong><em>Ἀρίςαρχος</em></strong></span> <span class='ocrx_word' id='word_1_92' title='bbox 726 2140 931 2220; x_wconf 69' lang='grc' dir='ltr'><strong>ἀμφιχυθείς.</strong></span> <span class='ocrx_word' id='word_1_93' title='bbox 955 2140 1099 2207; x_wconf 88' lang='lat' dir='ltr'><strong>Dindorf.</strong></span> <span class='ocrx_word' id='word_1_94' title='bbox 1125 2143 1241 2218; x_wconf 80' lang='lat' dir='ltr'><strong>„altero</strong></span> <span class='ocrx_word' id='word_1_95' title='bbox 1263 2143 1413 2224; x_wconf 73' lang='lat' dir='ltr'><strong>scripturo</strong></span> <span class='ocrx_word' id='word_1_96' title='bbox 1435 2165 1512 2228; x_wconf 76' lang='lat' dir='ltr'><strong>qaae</strong></span> 
     </span>
     <span class='ocr_line' id='line_1_17' title="bbox 310 2245 1363 2333; baseline 0.003 -23"><span class='ocrx_word' id='word_1_97' title='bbox 310 2249 417 2332; x_wconf 81' lang='lat' dir='ltr'><strong>suerit</strong></span> <span class='ocrx_word' id='word_1_98' title='bbox 440 2246 611 2312; x_wconf 61' lang='lat' dir='ltr'><strong>ceommuaff&#39;</strong></span> <span class='ocrx_word' id='word_1_99' title='bbox 633 2247 764 2312; x_wconf 82' lang='lat' dir='ltr'><strong>Faciam</strong></span> <span class='ocrx_word' id='word_1_100' title='bbox 787 2253 825 2311; x_wconf 91' lang='lat' dir='ltr'><strong>ut</strong></span> <span class='ocrx_word' id='word_1_101' title='bbox 847 2249 937 2311; x_wconf 88' lang='lat' dir='ltr'><strong>scias.</strong></span> <span class='ocrx_word' id='word_1_102' title='bbox 963 2245 1099 2333; x_wconf 76' lang='lat' dir='ltr'><strong>Legitur</strong></span> <span class='ocrx_word' id='word_1_103' title='bbox 1121 2246 1213 2312; x_wconf 81' lang='lat' dir='ltr'><strong>Iliad.</strong></span> <span class='ocrx_word' id='word_1_104' title='bbox 1237 2257 1278 2312; x_wconf 79' lang='grc' dir='ltr'><strong>Ψ.</strong></span> <span class='ocrx_word' id='word_1_105' title='bbox 1308 2245 1363 2314; x_wconf 85' lang='grc'><strong>97.</strong></span> 
     </span>
     <span class='ocr_line' id='line_1_18' title="bbox 765 2351 1222 2432; baseline 0.004 -16"><span class='ocrx_word' id='word_1_106' title='bbox 765 2351 893 2430; x_wconf 68' lang='lat' dir='ltr'><strong>elvestat</strong></span> <span class='ocrx_word' id='word_1_107' title='bbox 917 2375 972 2432; x_wconf 89' lang='grc' dir='ltr'><strong>περ</strong></span> <span class='ocrx_word' id='word_1_108' title='bbox 995 2353 1222 2428; x_wconf 70' lang='grc' dir='ltr'><strong>ἀμφιβαλόντε</strong></span> 
     </span>
     <span class='ocr_line' id='line_1_19' title="bbox 568 2459 1226 2536; baseline 0.002 -14"><span class='ocrx_word' id='word_1_109' title='bbox 568 2459 726 2534; x_wconf 89' lang='grc' dir='ltr'><strong><em>ἀλλήλους</em></strong></span> <span class='ocrx_word' id='word_1_110' title='bbox 750 2461 844 2523; x_wconf 74' lang='grc' dir='ltr'><strong><em>ὀλοοῖο</em></strong></span> <span class='ocrx_word' id='word_1_111' title='bbox 867 2459 1113 2536; x_wconf 73' lang='grc' dir='ltr'><strong>τεταρπώμεσθα</strong></span> <span class='ocrx_word' id='word_1_112' title='bbox 1135 2459 1226 2536; x_wconf 74' lang='grc' dir='ltr'><strong><em>γόοιο.</em></strong></span> 
     </span>
     <span class='ocr_line' id='line_1_20' title="bbox 319 2563 1510 2646; baseline -0.002 -16"><span class='ocrx_word' id='word_1_113' title='bbox 319 2563 462 2630; x_wconf 79' lang='lat' dir='ltr'><strong>scholion</strong></span> <span class='ocrx_word' id='word_1_114' title='bbox 484 2566 519 2629; x_wconf 90' lang='lat' dir='ltr'><strong>in</strong></span> <span class='ocrx_word' id='word_1_115' title='bbox 543 2575 575 2628; x_wconf 89' lang='lat' dir='ltr'><strong>B.</strong></span> <span class='ocrx_word' id='word_1_116' title='bbox 596 2563 852 2646; x_wconf 75' lang='grc' dir='ltr'><strong><em>ἀμφιχυθέντες,</em></strong></span> <span class='ocrx_word' id='word_1_117' title='bbox 875 2564 1108 2644; x_wconf 79' lang='grc' dir='ltr'><strong><em>περιλαβόντες.</em></strong></span> <span class='ocrx_word' id='word_1_118' title='bbox 1130 2570 1162 2630; x_wconf 86' lang='lat' dir='ltr'><strong>ct</strong></span> <span class='ocrx_word' id='word_1_119' title='bbox 1179 2567 1213 2629; x_wconf 89' lang='lat' dir='ltr'><strong>in</strong></span> <span class='ocrx_word' id='word_1_120' title='bbox 1234 2563 1270 2629; x_wconf 82' lang='lat' dir='ltr'><strong>V.</strong></span> <span class='ocrx_word' id='word_1_121' title='bbox 1294 2565 1510 2646; x_wconf 59' lang='grc' dir='ltr'><strong><em>»ἀμφιχυθεὶς</em></strong></span> 
     </span>
     <span class='ocr_line' id='line_1_21' title="bbox 320 2668 1510 2755; baseline 0 -19"><span class='ocrx_word' id='word_1_122' title='bbox 320 2670 430 2748; x_wconf 80' lang='grc' dir='ltr'><strong><em>πατέρ’</em></strong></span> <span class='ocrx_word' id='word_1_123' title='bbox 455 2668 590 2735; x_wconf 77' lang='grc' dir='ltr'><strong>ἒπολόν.”</strong></span> <span class='ocrx_word' id='word_1_124' title='bbox 637 2669 764 2755; x_wconf 81' lang='lat' dir='ltr'><strong>Duplex</strong></span> <span class='ocrx_word' id='word_1_125' title='bbox 786 2671 956 2754; x_wconf 83' lang='lat' dir='ltr'><strong>utrobique</strong></span> <span class='ocrx_word' id='word_1_126' title='bbox 979 2669 1138 2735; x_wconf 87' lang='lat' dir='ltr'><strong>ferebatur</strong></span> <span class='ocrx_word' id='word_1_127' title='bbox 1158 2670 1269 2735; x_wconf 84' lang='lat' dir='ltr'><strong>lectio:</strong></span> <span class='ocrx_word' id='word_1_128' title='bbox 1290 2671 1510 2752; x_wconf 75' lang='grc' dir='ltr'><strong><em>ἀμφιχυοέντε</em></strong></span> 
     </span>
     <span class='ocr_line' id='line_1_22' title="bbox 322 2775 1512 2865; baseline 0.002 -26"><span class='ocrx_word' id='word_1_129' title='bbox 322 2815 365 2826; x_wconf 90' lang='grc'>-</span> <span class='ocrx_word' id='word_1_130' title='bbox 386 2776 612 2856; x_wconf 68' lang='grc' dir='ltr'><strong>ἀμφιβαλόντε</strong></span> <span class='ocrx_word' id='word_1_131' title='bbox 637 2782 670 2841; x_wconf 89' lang='lat' dir='ltr'><strong>et</strong></span> <span class='ocrx_word' id='word_1_132' title='bbox 689 2777 884 2856; x_wconf 73' lang='grc' dir='ltr'><strong><em>ἀμφιχυθείς</em></strong></span> <span class='ocrx_word' id='word_1_133' title='bbox 905 2815 946 2824; x_wconf 93' lang='grc'>-</span> <span class='ocrx_word' id='word_1_134' title='bbox 970 2775 1176 2856; x_wconf 78' lang='grc' dir='ltr'><strong><em>ἀμφιβαλών.</em></strong></span> <span class='ocrx_word' id='word_1_135' title='bbox 1202 2775 1238 2840; x_wconf 92' lang='lat' dir='ltr'><strong>In</strong></span> <span class='ocrx_word' id='word_1_136' title='bbox 1258 2777 1323 2841; x_wconf 91' lang='lat' dir='ltr'><strong>sch.</strong></span> <span class='ocrx_word' id='word_1_137' title='bbox 1348 2787 1381 2840; x_wconf 93' lang='lat' dir='ltr'><strong>B.</strong></span> <span class='ocrx_word' id='word_1_138' title='bbox 1404 2777 1512 2865; x_wconf 80' lang='lat' dir='ltr'><strong>legen·</strong></span> 
     </span>
     <span class='ocr_line' id='line_1_23' title="bbox 318 2879 1511 2967; baseline 0.002 -21"><span class='ocrx_word' id='word_1_139' title='bbox 318 2883 414 2947; x_wconf 90' lang='lat' dir='ltr'><strong>dum:</strong></span> <span class='ocrx_word' id='word_1_140' title='bbox 447 2882 743 2965; x_wconf 73' lang='grc' dir='ltr'><strong><em>ἀμφιχυθέντεε</em></strong></span> <span class='ocrx_word' id='word_1_141' title='bbox 775 2879 1011 2963; x_wconf 71' lang='grc' dir='ltr'><strong><em>περιλαβόντες.</em></strong></span> <span class='ocrx_word' id='word_1_142' title='bbox 1059 2880 1145 2946; x_wconf 89' lang='lat' dir='ltr'><strong>Hinc</strong></span> <span class='ocrx_word' id='word_1_143' title='bbox 1167 2880 1350 2967; x_wconf 80' lang='lat' dir='ltr'><strong>Hesychius</strong></span> <span class='ocrx_word' id='word_1_144' title='bbox 1377 2885 1511 2964; x_wconf 78' lang='grc' dir='ltr'><strong><em>’λμφι-</em></strong></span> 
     </span>
     <span class='ocr_line' id='line_1_24' title="bbox 319 2988 704 3070; baseline -0.003 -18"><span class='ocrx_word' id='word_1_145' title='bbox 319 2988 465 3070; x_wconf 70' lang='grc' dir='ltr'><strong><em>χυάεήςτ</em></strong></span> <span class='ocrx_word' id='word_1_146' title='bbox 491 2988 704 3069; x_wconf 72' lang='grc' dir='ltr'><strong><em>περιπλακείς.</em></strong></span> 
     </span>
    </p>
   </div>
   <div class='ocr_carea' id='block_1_5' title="bbox 367 3195 577 3277">
    <p class='ocr_par' dir='ltr' id='par_1_5' title="bbox 367 3195 577 3277">
     <span class='ocr_line' id='line_1_25' title="bbox 367 3195 577 3277; baseline -0.014 -13"><span class='ocrx_word' id='word_1_147' title='bbox 367 3195 426 3264; x_wconf 82' lang='lat' dir='ltr'><strong>od.</strong></span> <span class='ocrx_word' id='word_1_148' title='bbox 451 3222 478 3277; x_wconf 91' lang='grc' dir='ltr'><strong>ρ.</strong></span> <span class='ocrx_word' id='word_1_149' title='bbox 502 3195 577 3263; x_wconf 82' lang='grc'><strong>299.</strong></span> 
     </span>
    </p>
   </div>
   <div class='ocr_carea' id='block_1_6' title="bbox 322 3303 1514 3920">
    <p class='ocr_par' dir='ltr' id='par_1_6' title="bbox 502 3303 1332 3388">
     <span class='ocr_line' id='line_1_26' title="bbox 502 3303 1332 3388; baseline -0.001 -19"><span class='ocrx_word' id='word_1_150' title='bbox 502 3305 600 3380; x_wconf 76' lang='grc' dir='ltr'><strong><em>δμῶες</em></strong></span> <span class='ocrx_word' id='word_1_151' title='bbox 624 3303 791 3378; x_wconf 73' lang='grc' dir='ltr'><strong>Ὀδυσσῆος</strong></span> <span class='ocrx_word' id='word_1_152' title='bbox 814 3305 939 3380; x_wconf 75' lang='grc' dir='ltr'><strong><em>τέμενος</em></strong></span> <span class='ocrx_word' id='word_1_153' title='bbox 963 3303 1053 3381; x_wconf 73' lang='grc' dir='ltr'><strong>μέγα</strong></span> <span class='ocrx_word' id='word_1_154' title='bbox 1077 3304 1288 3384; x_wconf 83' lang='grc' dir='ltr'><strong><em>κοπρήσοντες.</em></strong></span> <span class='ocrx_word' id='word_1_155' title='bbox 1327 3377 1332 3388; x_wconf 39' lang='grc'><strong>,</strong></span> 
     </span>
    </p>

    <p class='ocr_par' dir='ltr' id='par_1_7' title="bbox 322 3409 1514 3920">
     <span class='ocr_line' id='line_1_27' title="bbox 367 3409 1511 3498; baseline 0 -23"><span class='ocrx_word' id='word_1_156' title='bbox 367 3409 415 3475; x_wconf 80' lang='lat' dir='ltr'><strong>Ex</strong></span> <span class='ocrx_word' id='word_1_157' title='bbox 438 3413 569 3496; x_wconf 89' lang='lat' dir='ltr'><strong>antiqua</strong></span> <span class='ocrx_word' id='word_1_158' title='bbox 591 3414 809 3488; x_wconf 87' lang='lat' dir='ltr'><strong>annotatione,</strong></span> <span class='ocrx_word' id='word_1_159' title='bbox 835 3433 915 3496; x_wconf 89' lang='lat' dir='ltr'><strong>quae</strong></span> <span class='ocrx_word' id='word_1_160' title='bbox 934 3415 1061 3498; x_wconf 79' lang='lat' dir='ltr'><strong>integra</strong></span> <span class='ocrx_word' id='word_1_161' title='bbox 1079 3415 1183 3476; x_wconf 86' lang='lat' dir='ltr'><strong>exstat</strong></span> <span class='ocrx_word' id='word_1_162' title='bbox 1201 3411 1286 3496; x_wconf 89' lang='lat' dir='ltr'><strong>apud</strong></span> <span class='ocrx_word' id='word_1_163' title='bbox 1302 3411 1511 3496; x_wconf 84' lang='lat' dir='ltr'><strong>Apollonium</strong></span> 
     </span>
     <span class='ocr_line' id='line_1_28' title="bbox 322 3516 1514 3604; baseline 0 -22"><span class='ocrx_word' id='word_1_164' title='bbox 322 3522 355 3582; x_wconf 87' lang='lat' dir='ltr'><strong>et</strong></span> <span class='ocrx_word' id='word_1_165' title='bbox 377 3516 609 3604; x_wconf 78' lang='lat' dir='ltr'><strong>Etymologum</strong></span> <span class='ocrx_word' id='word_1_166' title='bbox 633 3537 791 3604; x_wconf 82' lang='lat' dir='ltr'><strong>magnum</strong></span> <span class='ocrx_word' id='word_1_167' title='bbox 814 3519 848 3581; x_wconf 91' lang='lat' dir='ltr'><strong>in</strong></span> <span class='ocrx_word' id='word_1_168' title='bbox 872 3517 1004 3596; x_wconf 74' lang='grc' dir='ltr'><strong><em>Κάπρος,</em></strong></span> <span class='ocrx_word' id='word_1_169' title='bbox 1030 3521 1062 3582; x_wconf 91' lang='lat' dir='ltr'><strong>et</strong></span> <span class='ocrx_word' id='word_1_170' title='bbox 1085 3523 1174 3601; x_wconf 86' lang='lat' dir='ltr'><strong>parte</strong></span> <span class='ocrx_word' id='word_1_171' title='bbox 1197 3516 1316 3581; x_wconf 89' lang='lat' dir='ltr'><strong>mutila</strong></span> <span class='ocrx_word' id='word_1_172' title='bbox 1339 3517 1422 3603; x_wconf 84' lang='lat' dir='ltr'><strong>apud</strong></span> <span class='ocrx_word' id='word_1_173' title='bbox 1445 3517 1514 3582; x_wconf 90' lang='lat' dir='ltr'><strong>He·</strong></span> 
     </span>
     <span class='ocr_line' id='line_1_29' title="bbox 322 3622 1514 3710; baseline 0.003 -22"><span class='ocrx_word' id='word_1_174' title='bbox 322 3623 470 3709; x_wconf 82' lang='lat' dir='ltr'><strong>ayohium</strong></span> <span class='ocrx_word' id='word_1_175' title='bbox 502 3644 532 3689; x_wconf 83' lang='lat' dir='ltr'><strong>v.</strong></span> <span class='ocrx_word' id='word_1_176' title='bbox 565 3623 681 3701; x_wconf 74' lang='grc' dir='ltr'><strong><em>Κάπρος</em></strong></span> <span class='ocrx_word' id='word_1_177' title='bbox 712 3622 885 3710; x_wconf 77' lang='lat' dir='ltr'><strong>colligitur</strong></span> <span class='ocrx_word' id='word_1_178' title='bbox 909 3624 1130 3698; x_wconf 72' lang='lat' dir='ltr'><strong>xonriccosrec</strong></span> <span class='ocrx_word' id='word_1_179' title='bbox 1170 3643 1236 3687; x_wconf 86' lang='lat' dir='ltr'><strong>esse</strong></span> <span class='ocrx_word' id='word_1_180' title='bbox 1265 3643 1394 3699; x_wconf 82' lang='lat' dir='ltr'><strong>verum,</strong></span> <span class='ocrx_word' id='word_1_181' title='bbox 1432 3645 1514 3709; x_wconf 88' lang='lat' dir='ltr'><strong>quae</strong></span> 
     </span>
     <span class='ocr_line' id='line_1_30' title="bbox 322 3725 1513 3816; baseline 0.003 -23"><span class='ocrx_word' id='word_1_182' title='bbox 322 3729 425 3794; x_wconf 83' lang='lat' dir='ltr'><strong>forma</strong></span> <span class='ocrx_word' id='word_1_183' title='bbox 454 3728 549 3815; x_wconf 82' lang='lat' dir='ltr'><strong>longe</strong></span> <span class='ocrx_word' id='word_1_184' title='bbox 581 3728 698 3793; x_wconf 90' lang='lat' dir='ltr'><strong>melius</strong></span> <span class='ocrx_word' id='word_1_185' title='bbox 730 3750 805 3795; x_wconf 90' lang='lat' dir='ltr'><strong>cum</strong></span> <span class='ocrx_word' id='word_1_186' title='bbox 836 3727 983 3815; x_wconf 78' lang='lat' dir='ltr'><strong>analogia</strong></span> <span class='ocrx_word' id='word_1_187' title='bbox 1014 3725 1206 3794; x_wconf 79' lang='lat' dir='ltr'><strong>Graecitatis</strong></span> <span class='ocrx_word' id='word_1_188' title='bbox 1241 3731 1389 3815; x_wconf 82' lang='lat' dir='ltr'><strong>congruit</strong></span> <span class='ocrx_word' id='word_1_189' title='bbox 1417 3751 1513 3816; x_wconf 86' lang='lat' dir='ltr'><strong>quam</strong></span> 
     </span>
     <span class='ocr_line' id='line_1_31' title="bbox 322 3833 968 3920; baseline -0.002 -22"><span class='ocrx_word' id='word_1_190' title='bbox 322 3835 407 3919; x_wconf 92' lang='lat' dir='ltr'><strong>quod</strong></span> <span class='ocrx_word' id='word_1_191' title='bbox 428 3833 592 3900; x_wconf 85' lang='lat' dir='ltr'><strong>Behherus</strong></span> <span class='ocrx_word' id='word_1_192' title='bbox 615 3836 735 3920; x_wconf 88' lang='lat' dir='ltr'><strong>recepit</strong></span> <span class='ocrx_word' id='word_1_193' title='bbox 758 3835 968 3915; x_wconf 69' lang='grc' dir='ltr'><strong>κοπρήσοντες.</strong></span> 
     </span>
    </p>
   </div>
   <div class='ocr_carea' id='block_1_7' title="bbox 726 4083 1107 4145">
    <p class='ocr_par' dir='ltr' id='par_1_8' title="bbox 726 4083 1107 4145">
     <span class='ocr_line' id='line_1_32' title="bbox 726 4083 1107 4145; baseline -0.005 0"><span class='ocrx_word' id='word_1_194' title='bbox 726 4083 838 4145; x_wconf 85' lang='grc' dir='ltr'><strong>ΝΙΖΩ,</strong></span> <span class='ocrx_word' id='word_1_195' title='bbox 862 4093 926 4144; x_wconf 76' lang='lat' dir='ltr'><strong>NON</strong></span> <span class='ocrx_word' id='word_1_196' title='bbox 949 4083 1107 4144; x_wconf 85' lang='grc' dir='ltr'><strong>ΝΙΠΤΩ.</strong></span> 
     </span>
    </p>
   </div>
   <div class='ocr_carea' id='block_1_8' title="bbox 370 4257 1342 4552">
    <p class='ocr_par' dir='ltr' id='par_1_9' title="bbox 370 4257 1342 4552">
     <span class='ocr_line' id='line_1_33' title="bbox 370 4257 1342 4345; baseline -0.003 -20"><span class='ocrx_word' id='word_1_197' title='bbox 370 4259 428 4328; x_wconf 91' lang='lat' dir='ltr'><strong>Od.</strong></span> <span class='ocrx_word' id='word_1_198' title='bbox 453 4284 483 4325; x_wconf 92' lang='grc' dir='ltr'><strong>σ.</strong></span> <span class='ocrx_word' id='word_1_199' title='bbox 511 4257 584 4325; x_wconf 80' lang='grc'><strong>179.</strong></span> <span class='ocrx_word' id='word_1_200' title='bbox 608 4257 766 4345; x_wconf 90' lang='lat' dir='ltr'><strong>Penelope</strong></span> <span class='ocrx_word' id='word_1_201' title='bbox 789 4259 828 4324; x_wconf 86' lang='lat' dir='ltr'><strong>cd</strong></span> <span class='ocrx_word' id='word_1_202' title='bbox 850 4257 1076 4345; x_wconf 79' lang='lat' dir='ltr'><strong>Eurynomen,</strong></span> <span class='ocrx_word' id='word_1_203' title='bbox 1100 4277 1181 4342; x_wconf 85' lang='lat' dir='ltr'><strong>qnae</strong></span> <span class='ocrx_word' id='word_1_204' title='bbox 1204 4257 1342 4323; x_wconf 85' lang='lat' dir='ltr'><strong>dixerat:</strong></span> 
     </span>
     <span class='ocr_line' id='line_1_34' title="bbox 482 4363 1336 4448; baseline -0.001 -18"><span class='ocrx_word' id='word_1_205' title='bbox 482 4365 558 4431; x_wconf 86' lang='grc' dir='ltr'><strong><em>ἀλλ’</em></strong></span> <span class='ocrx_word' id='word_1_206' title='bbox 582 4363 620 4430; x_wconf 77' lang='lat' dir='ltr'><strong>ta</strong></span> <span class='ocrx_word' id='word_1_207' title='bbox 645 4367 697 4430; x_wconf 80' lang='grc' dir='ltr'><strong>καὶ</strong></span> <span class='ocrx_word' id='word_1_208' title='bbox 722 4368 765 4448; x_wconf 82' lang='grc' dir='ltr'><strong>σῷ</strong></span> <span class='ocrx_word' id='word_1_209' title='bbox 790 4365 877 4430; x_wconf 75' lang='grc' dir='ltr'><strong><em>παιδὶ</em></strong></span> <span class='ocrx_word' id='word_1_210' title='bbox 902 4364 987 4436; x_wconf 77' lang='grc' dir='ltr'><strong><em>εέπος</em></strong></span> <span class='ocrx_word' id='word_1_211' title='bbox 1012 4363 1077 4446; x_wconf 83' lang='grc' dir='ltr'><strong>φάο</strong></span> <span class='ocrx_word' id='word_1_212' title='bbox 1102 4363 1175 4441; x_wconf 75' lang='grc' dir='ltr'><strong>μηδ’</strong></span> <span class='ocrx_word' id='word_1_213' title='bbox 1198 4363 1336 4430; x_wconf 71' lang='grc' dir='ltr'><strong><em>ἐπίκευθε</em></strong></span> 
     </span>
     <span class='ocr_line' id='line_1_35' title="bbox 482 4469 1282 4552; baseline -0.001 -16"><span class='ocrx_word' id='word_1_214' title='bbox 482 4472 577 4552; x_wconf 83' lang='grc' dir='ltr'><strong><em>χρῶτ’</em></strong></span> <span class='ocrx_word' id='word_1_215' title='bbox 599 4471 817 4552; x_wconf 71' lang='grc' dir='ltr'><strong><em>ἀπονιψαμένη</em></strong></span> <span class='ocrx_word' id='word_1_216' title='bbox 843 4470 897 4536; x_wconf 79' lang='grc' dir='ltr'><strong>καὶ</strong></span> <span class='ocrx_word' id='word_1_217' title='bbox 922 4469 1117 4552; x_wconf 76' lang='grc' dir='ltr'><strong><em>ἐπιχρίσασα</em></strong></span> <span class='ocrx_word' id='word_1_218' title='bbox 1140 4469 1282 4552; x_wconf 84' lang='grc' dir='ltr'><strong><em>παρειάς.</em></strong></span> 
     </span>
    </p>
   </div>
   <div class='ocr_carea' id='block_1_9' title="bbox 0 0 1720 5186">
    <p class='ocr_par' dir='ltr' id='par_1_10' title="bbox 0 0 1720 5186">
     <span class='ocr_line' id='line_1_36' title="bbox 0 0 1720 5186; baseline 0 0"><span class='ocrx_word' id='word_1_219' title='bbox 0 0 1720 5186; x_wconf 95' lang='lat' dir='ltr'><strong> </strong></span> 
     </span>
    </p>
   </div>
  </div>
 </body>
</html>
