3358 5200
923 387 984 442 viil

355 565 464 651 ltaque
494 562 551 630 alti
582 562 680 629 stulto
704 557 780 628 ιὶλιῒιι
804 555 846 635 οἷς
867 547 1036 650 legebant,
1062 561 1145 628 alius
1164 561 1292 628 correcto
1315 561 1437 634 scilicet
1465 561 1543 630 ἓοὶλο

356 682 410 759 οἷς.
456 683 541 752 'Puto
571 682 692 750 latebat
722 681 870 766 Ἁλῴοις,
903 681 988 768 quod
1019 682 1104 769 apud
1130 659 1331 772 Hesychtum
1355 690 1388 752 et
1411 685 1491 753 elios
1514 689 1546 752 in

355 807 464 874 'Assa
488 805 697 894 depravatum
720 807 778 871 est.

403 927 548 996 Secunda
569 948 702 1015 persona
721 927 893 994 vorborum
916 927 950 991 in
974 962 994 976 -
1006 948 1080 1004 ιμαι
1101 926 1186 1013 apud
1204 926 1451 995 Demosthenem
1473 949 1548 1016 quo-

358 1071 419 1138 que
452 1051 503 1137 (nt
536 1048 621 1137 apud
655 1069 765 1116 omnes
798 1047 1003 1136 antiquiores)
1034 1049 1068 1112 in
1098 1085 1119 1099 -
1133 1056 1171 1114 el
1203 1050 1319 1116 exibat.
1367 1049 1546 1116 Sexcenties

357 1177 504 1258 corrupta
525 1173 561 1237 in
584 1207 604 1221 -
617 1179 659 1236 HI
684 1175 793 1236 tamen
816 1166 1013 1254 saepiuscule
1034 1171 1069 1233 in
1091 1166 1114 1234 S
1137 1189 1212 1237 vera
1230 1169 1333 1237 forma
1350 1173 1385 1238 in
1408 1194 1465 1236 -ει
1485 1191 1547 1237 eer-

357 1300 434 1363 rata
456 1297 513 1360 est.
560 1257 742 1359 Dinddrfius
764 1310 847 1356 nunc
869 1289 999 1376 quidem
1023 1289 1099 1356 fecit
1121 1291 1205 1376 quod
1227 1293 1261 1356 in
1284 1291 1343 1358 tali
1366 1313 1400 1359 re
1422 1312 1548 1379 semper

359 1421 407 1482 est
430 1413 624 1482 iaciendum.
671 1412 736 1478 Ubi
760 1410 860 1478 semel
881 1413 912 1479 ei
935 1413 1079 1478 constitit
1097 1409 1344 1478 Demosthenem
1364 1412 1416 1478 his
1435 1411 1548 1478 formis

357 1555 543 1605 assensum
566 1555 618 1602 eas
640 1536 759 1620 ubique
781 1533 933 1600 restituit.

401 1656 533 1724 Ostendi
563 1655 733 1742 aliquando
764 1653 881 1721 formas
911 1658 1037 1721 veteres
1065 1651 1160 1736 ήμεν,
1195 1651 1249 1736 ήτε
1272 1659 1305 1721 et
1329 1651 1406 1736 ήοαι
1431 1661 1546 1720 msam

354 1801 413 1846 αοιι
443 1779 551 1866 ubique
572 1776 720 1843 inlibris
742 1797 809 1843 esse
832 1780 994 1862 corruptas
1017 1777 1051 1840 in
1075 1774 1185 1858 ήεμει,
1210 1775 1280 1859 ήετε
1304 1780 1336 1842 et
1359 1775 1468 1859 ήεσαι,
1491 1775 1547 1843 vol

353 1904 388 1968 ln
411 1897 501 1980 ήμεν,
529 1895 583 1976 ήτε
604 1903 637 1965 et
660 1895 748 1974 ήταιι.
779 1895 976 1964 Dindorfius
997 1897 1081 1964 vidit
1099 1896 1133 1962 id
1152 1917 1219 1963 esse
1241 1917 1355 1965 verum
1374 1902 1408 1963 et
1425 1898 1546 1983 ubique

354 2044 452 2092 usum
475 2026 642 2109 antiquum
665 2023 844 2100 revocavit,
869 2019 923 2086 sed
946 2019 1033 2085 idom
1055 2022 1090 2085 in
1109 2019 1197 2105 aliis,
1216 2020 1274 2086 ubi
1292 2019 1403 2086 eadem
1423 2025 1471 2086 ost
1490 2027 1545 2095 τῆς

355 2145 529 2226 ἀναλογίας
569 2141 780 2229 certavisse,
815 2139 1001 2207 instabilem
1031 2146 1064 2207 et
1092 2140 1213 2208 fluxam
1244 2142 1420 2209 scribarum
1449 2139 1545 2208 fidem

355 2269 509 2354 sequitur.

400 2387 437 2454 Si
464 2390 536 2475 quis
557 2388 704 2475 ingentes
727 2383 977 2471 discrepantium
1000 2384 1230 2472 scripturarum
1255 2405 1382 2454 acervos
1404 2385 1546 2472 undique
1601 2397 1608 2410 “

355 2515 521 2597 congestos
541 2509 644 2575 obiter
662 2508 868 2593 spectaverit,
890 2505 983 2572 facile
1001 2504 1133 2572 inducat
1151 2508 1185 2572 in
1196 2509 1341 2574 animum
1352 2508 1544 2574 immensam

354 2647 422 2697 esee
452 2629 534 2717 hanc
563 2628 736 2695 lectionum
764 2626 1008 2694 multitudinem
1030 2633 1063 2693 et
1085 2626 1245 2695 infinitam
1269 2633 1414 2716 copiam,
1439 2629 1546 2696 sedai

354 2750 414 2818 hoc
455 2753 559 2842 egerit
596 2751 746 2816 continuo
777 2748 941 2836 apparebit
975 2747 1085 2815 eadem
1120 2751 1239 2836 ubique
1273 2750 1430 2818 scribendi
1465 2753 1546 2819 vitis

355 2875 529 2942 sexcenties
551 2871 636 2960 apud
658 2892 769 2938 omnes
792 2891 859 2937 esse
881 2873 1017 2957 repetita
1040 2875 1072 2937 et
1094 2869 1317 2959 plerorumque
1336 2871 1461 2939 nullam
1479 2892 1546 2939 om·

316 2995 318 3005 '
354 2998 431 3062 nino
459 2997 617 3062 rationem
646 2990 757 3060 haberi
785 2997 937 3079 oportere.
983 2991 1135 3072 Μυοιήκις
1168 2995 1218 3080 (ut
1247 2995 1307 3062 hoc
1340 3000 1427 3076 utar)
1461 2995 1546 3083 apud

345 3133 465 3185 'omnes
483 3116 599 3183 iisdem
622 3115 727 3181 modis
749 3119 898 3201 peccatur
918 3116 953 3179 in
977 3117 1253 3182 terminationibus
1271 3116 1453 3183 verborum.
1500 3116 1548 3183 Ut

354 3241 390 3305 iu
418 3258 482 3305 uno
509 3239 607 3306 verbo
636 3235 730 3322 quale
760 3235 794 3301 id
824 3239 867 3302 sit
897 3236 1079 3314 ostendam,
1110 3236 1194 3303 nulli
1223 3242 1299 3303 eunt
1324 3234 1456 3304 Codices
1478 3242 1545 3303 tam

356 3361 480 3448 antiqui
502 3364 536 3426 et
557 3357 633 3426 boni
656 3359 713 3424 nbi
733 3377 797 3424 non
819 3359 902 3425 inter
924 3379 957 3424 se
980 3356 1095 3426 stolide
1117 3363 1368 3447 permisceantur

537 3488 634 3556 ποιεῖς
652 3517 694 3530 -
710 3488 808 3564 ποιής.
834 3486 939 3553 ποιοῖς.
964 3479 1089 3556 ποιοίης.

538 3609 678 3669 ποιεῖ-
697 3611 780 3686 ποιῇ.
804 3608 893 3669 ποιοῖ.
921 3601 1029 3678 ποιοίη.

538 3729 621 3791 ποιεῖ
642 3722 793 3812 (secunda
813 3722 957 3812 persona)
978 3759 1020 3772 -
1037 3733 1118 3809 ποιή.
1145 3733 1252 3799 ποιεῖς.

538 3846 718 3922 ποιήσει-
735 3844 856 3927 ποιήση.
881 3846 1017 3922 ποιήσαι.
1042 3847 1186 3924 ποιήσειε.

539 3966 681 4043 ποιήσετε
699 4001 741 4016 -·
759 3967 923 4045 ποιήσητε,
949 3967 1121 4043 ποιήσοιτο.

539 4089 694 4166 ποιήσουσι
712 4125 754 4139 -
771 4089 928 4165 ποιήσοισι.

400 4204 557 4277 Similiter
578 4211 613 4275 in
634 4209 823 4290 ποιησόμεθα
830 4259 839 4290 ,
864 4210 1045 4290 ποιήσεσθε,
1069 4211 1253 4287 ποιήσονται.

536 4331 708 4407 ποιήσετΑΙ
725 4367 769 4382 -
789 4331 951 4408 ποιήσετε
978 4333 1150 4411 ποιήσαιτε.

533 4455 735 4534 ποιήσοντες.
759 4465 966 4535 ποιησομειοι
983 4495 1027 4506 -
1044 4455 1245 4533 ποιήσΑντες.
1270 4465 1487 4537 ποιησΑμειοι.
