3232 5176
875 387 939 456 120

310 577 429 664 poterit
458 578 615 644 sententie
645 579 673 642 si
704 576 776 657 τρίς
802 582 1009 664 expunxeris,
1033 586 1071 645 ut
1093 582 1327 668 coniungantur
1350 581 1401 645 acl
1423 577 1485 646 rote

311 682 472 761 ποταμοὺς
497 720 539 732 -
563 683 802 750 ἀναντλούντυν.

356 894 451 980 Apud
484 892 673 960 Strabonem
707 914 781 982 pag.
818 892 895 959 149.
930 899 1058 984 egregie
1091 897 1280 986 Madvigius
1309 899 1387 962 Ado.
1422 897 1491 962 oric.

1610 715 1614 752 ί

1612 823 1614 858 1

1611 925 1614 968 1

309 1021 384 1088 pag.
416 998 492 1065 532.
524 1002 558 1064 in
589 998 658 1064 loco
690 999 886 1066 conclamato
918 1003 1112 1086 insperatam
1141 1002 1249 1068 lucem
1272 1003 1365 1068 nobis
1388 1002 1493 1068 attulit
1612 1013 1614 1074 1

310 1105 484 1191 supplendo
515 1104 662 1172 lacunam
693 1107 727 1169 in
758 1105 843 1170 hunc
873 1106 1024 1172 modum:
1058 1145 1101 1157 -
1131 1115 1189 1173 τῶν
1220 1108 1254 1173 έν
1284 1113 1339 1174 τοῦ
1363 1111 1492 1187 Τρυῖιιοῖι

310 1211 447 1288 πολέμου
482 1210 728 1291 περιγενομένων.
783 1210 865 1298 (Τῶν
896 1212 959 1293 γάρ
991 1216 1131 1292 Τρυίιιῶν
1161 1215 1285 1294 χρονίοιν
1317 1215 1492 1294 γενομένων)
1612 1245 1614 1287 1

310 1316 364 1382 cccl
396 1317 444 1380 ἐπ’
473 1315 540 1392 ίσηο
563 1316 768 1383 κανυσάνποιν
791 1317 860 1388 τούς
884 1340 919 1383 τε
944 1319 1174 1394 πολεμηθέντας
1198 1319 1250 1384 sat
1275 1320 1346 1393 τοὺς
1372 1319 1492 1392 έλίντιις
1613 1350 1614 1362 ι

309 1425 364 1499 τήν
396 1428 508 1504 Τροίαν
533 1459 574 1472 -
598 1422 713 1498 συνέβη
748 1429 810 1494 τοῖς
841 1447 877 1488 τε
908 1425 1127 1506 περιλειφθεῖσι
1152 1461 1193 1474 -
1219 1433 1337 1490 ΚΑΤΑ
1370 1425 1492 1506 ληεείαε

308 1528 472 1608 τρέπεσθαι
496 1529 636 1598 καὶτοῖς
658 1524 821 1602 Ἕλλησιν.

355 1741 434 1830 Peg.
468 1741 544 1808 150.
576 1739 689 1819 συνέβη
721 1745 784 1813 τοῖο
815 1745 1053 1822 περιλειφθεῖσιν
1082 1744 1268 1810 ἀπελθοῦσιν
1292 1744 1327 1808 ἐκ
1349 1751 1410 1810 τῶν
1432 1767 1489 1809 ιιιν·

311 1847 403 1912 disce
427 1856 544 1913 ΚΑΤΑ
566 1847 693 1927 ληςείαε
714 1846 887 1925 τρέπεσθαι.
923 1846 1115 1913 Mendosum
1135 1854 1183 1915 111
1202 1849 1297 1913 κατά.
1333 1849 1493 1916 Usitatum

311 1957 360 2018 est
390 1959 423 2018 et
452 1955 584 2018 coeteris
615 1958 646 2018 et
670 1950 817 2018 Straboni
841 1952 943 2017 dicere
967 1961 1077 2018 neoc
1100 1953 1154 2021 vel
1177 1955 1259 2020 'em
1283 1955 1411 2034 ληςείας
1433 1954 1495 2034 τρί-

311 2061 441 2134 πεσθαι,
475 2063 513 2124 ut
536 2078 610 2146 pag.
637 2055 712 2122 193.
737 2056 787 2121 ἐπὶ
812 2057 937 2136 ληεείαν
958 2057 1140 2137 τραπέσθαι.
1164 2081 1234 2147 pag.
1264 2058 1340 2126 180.
1364 2083 1495 2142 τετραμ-

311 2164 409 2243 μένων
432 2164 487 2241 ήδη
512 2165 584 2245 πρὸς
611 2163 771 2234 πολιτείας
792 2162 845 2227 καὶ
870 2165 1036 2245 γεωργίας.
1062 2171 1095 2230 et
1117 2168 1163 2231 sic
1185 2165 1263 2231 alibi
1284 2167 1415 2253 passim.

356 2376 437 2464 Pag.
464 2372 539 2441 155.
563 2375 596 2439 αῖ
622 2381 767 2452 γυναῖκες
792 2372 821 2438 δὲ
843 2375 874 2438 ἐν
896 2413 937 2426 -
958 2376 1093 2448 ἀνθιναῖς
1117 2377 1306 2452 έσθήσεσι
1330 2363 1493 2456 διάγουσιν.

310 2480 520 2547 'l'ralaticinm
550 2482 581 2545 in
606 2479 698 2545 libris
720 2480 873 2546 mendum
895 2481 955 2548 hoc
977 2487 1025 2548 est
1048 2487 1085 2547 ut
1108 2483 1272 2548 ’eceiicl
1297 2491 1494 2550 convertetur

310 2587 344 2651 in
370 2586 507 2652 formam
531 2586 686 2650 bardorum
709 2585 857 2660 ἐσίήσεσι.
879 2589 972 2652 utin
994 2585 1099 2652 Lucae
1122 2587 1240 2670 Ειιοιιρ.
1263 2587 1383 2655 XXIV.
1411 2590 1443 2656 4.
1466 2595 1494 2656 ct

312 2691 392 2758 alibi
414 2694 544 2779 passim.

355 2903 435 2992 Pag.
469 2903 543 2969 158.
577 2902 629 2968 set
661 2903 761 2980 λιμένι
794 2905 845 2969 καὶ
871 2905 964 2987 λίμνη
987 2905 1176 2982 ιιειιίσμητοιι
1201 2905 1378 2997 (Carthago
1402 2908 1493 2996 nova)

310 3011 364 3077 καὶ
395 3015 458 3082 τοῖς
483 3013 555 3094 [σοῖν
578 3011 741 3094 ἀργυρίων]
764 3009 955 3086 μετάλλοις,
982 3013 1048 3091 περὶ
1073 3009 1111 3078 ὧν
1135 3018 1364 3093 προειρήκαμεν.
1403 3015 1497 3082 Grae

309 3117 520 3182 111111111τά
545 3117 711 3196 ἀργυρεῖα.
736 3117 778 3180 τά
802 3125 935 3198 χρυτεῖα
959 3117 1219 3204 argentifodinae,
1244 3119 1446 3205 aurifodinae
1466 3127 1496 3186 et

309 3224 393 3298 sim„
424 3221 479 3286 sed
508 3240 603 3287 nemo
635 3223 678 3286 τά
707 3227 765 3286 τῶν
795 3223 959 3301 ἀργυρείων
983 3225 1132 3302 μέταλλα
1156 3245 1311 3310 umquem
1337 3225 1424 3292 dixit
1447 3225 1497 3294 vel

309 3328 412 3393 dicere
442 3329 557 3412 potuit.
601 3325 752 3405 Ἀργύρον
782 3333 814 3392 11
844 3333 958 3407 χρυσοῦ
990 3327 1140 3405 μέταλλα
1171 3335 1255 3396 recte
1279 3331 1418 3409 dicitur,
1444 3331 1496 3397 sed

307 3435 473 3513 ἀργυρείων
496 3431 647 3508 μέταλλα
665 3433 838 3497 absurdum
860 3443 916 3499 eet.
953 3433 1063 3520 Iteque
1082 3435 1152 3503 dele
1172 3438 1316 3521 ineptum
1337 3437 1497 3503 emblema

308 3546 341 3604 et
363 3538 445 3604 nihil
469 3538 661 3604 desiderabis
680 3540 714 3602 in
731 3539 855 3604 verbis:
875 3547 938 3613 τοῖς
958 3540 1148 3618 μετάλλοις.
1170 3541 1236 3622 περὶ
1258 3538 1296 3608 ἀν
1317 3543 1494 3622 εἰρήκαμεν.

352 3750 432 3839 Pag.
458 3748 536 3815 162.
559 3748 594 3812 τὸ
614 3747 646 3814 δὲ
664 3755 843 3814 τελευταῖον
864 3751 889 3815 οι”
910 3759 1095 3827 Νομαντῖνοι
1108 3752 1349 3831 πολιορκούμενοι
1364 3765 1497 3837 ΔῙειιαρ·

306 3856 437 3936 τὲρησαν
464 3857 546 3929 πλήν
576 3853 689 3931 θλίγοιν
717 3861 776 3920 τῶν
807 3853 946 3920 ένδθντυν
969 3857 1004 3921 τὸ
1028 3865 1145 3938 τεῖχος.
1181 3855 1257 3925 Sine
1281 3865 1497 3928 controversie

291 3964 496 4028 'mendosum
529 3965 578 4026 esi
608 3959 841 4039 διεκαρτέρησαν
896 3961 1006 4048 lteque
1036 3963 1187 4031 Meinelre
1217 3966 1497 4047 Ἀῐιειιαρτέρησοιν

306 4069 493 4155 reponebat;
524 4067 578 4132 sed
602 4068 819 4147 ἀποκαρτερεῖν
843 4075 928 4133 certo
951 4075 984 4133 et
1006 4072 1162 4135 constanti
1185 4076 1217 4136 et
1239 4071 1497 4158 frequentissimo

307 4195 368 4240 usu
400 4175 438 4239 de
468 4175 510 4238 iis
541 4173 659 4239 dicitur
689 4175 744 4257 qui
772 4195 828 4237 ινα
854 4182 955 4258 epacte
984 4176 1047 4238 cibo
1077 4176 1226 4240 abstinent
1248 4185 1281 4242 et
1304 4180 1369 4242 cita
1393 4181 1497 4246 ιἰιοάῖσ

298 4281 427 4365 finient.
469 4277 614 4344 Historia
635 4279 907 4344 Numantinorum
931 4278 1072 4366 postulat
1094 4289 1132 4346 ui
1154 4283 1361 4348 rescribatur:
1387 4287 1413 4350 οί
1438 4295 1497 4352 Νο-

305 4390 518 4464 μαντῖνοι-
550 4385 652 4464 λιμῷ
683 4383 981 4465 διεφίάρησαν,
1014 4391 1047 4452 11
1073 4387 1119 4452 sic
1142 4387 1275 4453 demum
1297 4387 1498 4478 intelligitur

306 4493 390 4568 πλήν
414 4489 537 4569 ίλίγριν.
