3232 5176
890 369 955 440 124

334 553 432 624 dedit.
468 555 553 638 Quid
576 561 619 624 sit
642 557 802 641 προσέχειν
824 567 888 634 τοῖς
912 560 1098 641 πράγμασιν
1121 565 1154 626 et
1177 581 1272 646 quam
1297 558 1421 626 sithoc
1436 553 1508 626 utile

333 662 399 742 illi,
432 665 488 748 qni
517 685 637 756 magno
668 669 803 752 imperio
826 667 907 735 velit
929 671 1043 754 potiri,
1067 667 1142 736 vida
1165 666 1250 751 apud
1271 664 1507 750 Demosthenem

186 755 194 768 ’
332 788 406 858 pag.
431 769 486 835 41.
513 768 544 835 6.
569 772 681 838 sese.
707 773 758 838 14.
794 773 962 840 Praeterea
984 794 1042 860 pro
1065 773 1286 849 νατιςσήσατο
1310 771 1436 837 iubente
1453 768 1506 836 loci

331 877 489 942 sententia
510 897 625 963 repone
648 879 886 954 ιιασεΚτιίσατο.

375 1087 492 1153 Editur
522 1088 605 1174 apud
636 1087 833 1154 Sunnnornu
859 1109 933 1178 pag.
960 1087 1034 1154 lSS.
1062 1087 1132 1159 τοὺς
1156 1087 1320 1166 θησαυροὺς
1344 1087 1414 1158 τοὺς
1435 1087 1502 1164 cipe»

329 1192 437 1266 ίίντας
459 1195 534 1274 παρ’
557 1195 662 1266 αὐτοῖς
687 1194 896 1284 (Tectosagis)
923 1194 980 1259 ὑπὸ
1004 1194 1183 1265 Σκιπίωνος
1205 1197 1260 1258 τοῦ
1280 1197 1435 1272 τρατιργοῦ
1452 1198 1500 1255 τῶν

329 1301 486 1376 Ῥωμαίων
511 1299 541 1362 ἐν
561 1301 650 1367 πάλιν
669 1299 815 1382 Tetrica,
837 1309 870 1366 et
888 1309 1095 1386 postpauca:
1116 1299 1356 1379 προσαψάμενον
1373 1297 1401 1362 δ’
1414 1298 1501 1362 αὐτῶν

327 1406 380 1470 τὸν
411 1404 581 1471 ΣΚίπίωνα
612 1404 662 1472 διά
692 1410 782 1471 τοῦτο
814 1408 844 1472 ἐν
874 1406 1094 1486 δυστυχήμασι
1128 1405 1326 1483 κατατρίψαι
1360 1403 1411 1468 τίν
1432 1403 1500 1482 βίον.

326 1510 542 1576 Notissimum
575 1517 622 1576 est
650 1532 765 1578 aurum
788 1510 982 1579 Tolosanum
1007 1512 1106 1598 „qood
1125 1533 1216 1576 οααιυ
1238 1509 1351 1575 excidii
1377 1509 1503 1593 ίανρίυιιι·

227 1685 231 1694 ,
327 1621 525 1702 crocumque
546 1622 610 1681 οιίιι
624 1617 835 1703 ρσιίια.]”υι“ί’
857 1616 971 1684 lustin.
997 1615 1051 1682 32.
1077 1615 1108 1682 3.
1132 1615 1170 1682 st:
1197 1613 1281 1683 Gall.
1306 1615 1348 1682 N.
1368 1617 1408 1680 A.
1429 1612 1456 1679 3.
1475 1612 1501 1678 9.

327 1719 504 1786 Notissima
535 1720 573 1801 Q.
615 1720 747 1789 Servilii
778 1719 945 1809 Onepionis
976 1722 1081 1789 clades
1113 1729 1145 1788 et
1175 1720 1352 1788 calamitas.
1402 1718 1503 1805 Itaque

325 1823 416 1892 nulla
438 1832 486 1892 cst
508 1826 667 1893 dubitatio
690 1831 767 1913 quin
789 1827 903 1895 Strabo
922 1831 1083 1914 scripserit
1101 1829 1269 1898 Καιπίωνος
1291 1834 1324 1893 et
1341 1827 1499 1892 Καιπίωνα

326 1928 392 1997 Οιιτ
420 1933 523 2019 igitur
551 1952 614 1998 non
637 1938 685 1998 est
707 1933 892 2022 receptum?
915 1937 990 2020 quia
1014 1942 1137 2012 ,μοιιιτο
1163 1933 1282 1998 &dices
1304 1933 1504 1998 concutientes

325 2059 428 2102 ινσιιιαιι
458 2037 540 2102 iilud
567 2038 685 2122 inferre
714 2063 773 2104 που
805 2037 891 2104 ίίοοί”
913 2039 1081 2126 respondet
1103 2039 1286 2104 Kramerus.
1322 2037 1395 2103 Ain'
1417 2034 1503 2106 vero?

322 2142 434 2209 Nonne
457 2163 566 2209 omnes
589 2145 705 2228 quibus
727 2147 852 2209 utimur
874 2143 1039 2212 Strabonis
1059 2140 1190 2210 Codices
1210 2165 1248 2208 sn
1267 2163 1332 2210 uno
1351 2142 1504 2209 fluxerunt

323 2268 421 2335 eoque
451 2250 694 2332 mendosissime
723 2257 756 2315 et
783 2247 922 2316 mutilo?
945 2250 1057 2315 Nonne
1080 2251 1194 2336 ingens
1217 2255 1266 2314 est
1287 2247 1433 2315 locorum
1455 2270 1504 2314 nu·
1606 2257 1607 2268 ¹

321 2375 430 2422 merus
462 2355 547 2441 apud
581 2353 769 2421 Strabonem
803 2356 861 2420 ubi
895 2362 1003 2419 certam
1037 2353 1191 2420 librorum
1224 2357 1371 2421 omnium
1404 2353 1502 2421 labem

322 2465 403 2524 certa
425 2460 644 2527 emendatione
667 2467 811 2527 sanatam
831 2457 998 2527 videmus?
1019 2459 1107 2540 Quae
1127 2464 1175 2526 est
1194 2462 1297 2548 igitur
1317 2461 1396 2526 haec
1415 2459 1504 2526 male·

322 2585 398 2632 sana
427 2563 561 2653 religio?
591 2567 722 2632 Accedit
753 2566 837 2651 quod
863 2565 1054 2654 pervulgata
1076 2566 1154 2632 haec
1176 2568 1347 2632 nominum
1369 2566 1503 2632 confusio

323 2676 383 2736 est.
423 2669 616 2737 Plutarchus
638 2673 672 2736 in
694 2671 822 2736 Lucullo
844 2691 911 2757 cap.
938 2669 992 2738 27.
1018 2671 1049 2735 ἐν
1072 2672 1170 2753 ἕνείνρρ
1196 2679 1234 2752 τῇ
1259 2670 1401 2756 introi
1426 2670 1502 2748 uerri

323 2775 498 2851 Σκιπίωνος
528 2776 672 2842 άπῶλετο
696 2777 810 2854 τρατιά
832 2778 1046 2854 συμβαλοῦσα
1071 2775 1239 2855 Κίμβροις,
1263 2784 1349 2844 recte
1372 2797 1503 2844 correxe-

320 2886 398 2947 runt
419 2884 504 2960 μετά
528 2881 705 2953 Καιπίωνος.
731 2889 763 2948 et
785 2885 831 2949 sic
854 2883 967 2950 multis
986 2883 1063 2948 'aliis
1086 2882 1174 2949 locis.
1201 2883 1276 2950 vide
1297 2881 1448 2950 Sintsnis
1467 2881 1503 2947 ad
1605 2917 1606 2924 ι

322 2987 485 3054 Plutarchi
511 2987 613 3052 eree
635 2994 706 3054 αιίιν.
731 3009 799 3075 cap.
826 2988 855 3053 1.

367 3091 477 3158 Simili
506 3113 609 3160 errore
636 3114 708 3182 pag.
743 3091 808 3159 140
839 3097 873 3158 in
904 3094 996 3160 libris
1023 3103 1072 3161 est
1102 3095 1259 3168 Καπίωνος
1293 3095 1428 3176 πύργος,
1452 3094 1503 3160 ubi

322 3221 398 3270 vera
419 3199 522 3265 forma
544 3201 612 3264 sine
634 3198 703 3266 ulla
724 3199 880 3267 librorum
903 3203 1081 3267 reverantia
1103 3199 1182 3267 olim
1206 3207 1355 3268 revocato
1377 3205 1434 3268 cst.

367 3418 449 3507 Pag.
492 3413 566 3484 189.
606 3414 678 3483 τινά
717 3419 776 3483 τῶν
810 3411 940 3499 Φορτίων
980 3412 1144 3496 τοξεύεται
1179 3421 1252 3488 ταίς
1285 3413 1501 3496 οίρμαμάξαιρ.

322 3522 436 3590 Strabo
465 3543 522 3610 pro
553 3519 678 3599 άμαξαι
709 3520 789 3588 solet
820 3519 1010 3602 άρμάμαξαι
1034 3523 1138 3589 dicere
1161 3525 1260 3588 etiam
1283 3522 1322 3588 de
1337 3523 1502 3606 ρίανιίιίι,
1602 3539 1604 3630 p

321 3630 438 3716 quibus
460 3634 517 3694 aut
538 3631 653 3694 vinum
675 3634 731 3694 aut
755 3627 836 3694 aliae
859 3648 980 3694 merces
998 3648 1091 3695 omne
1110 3649 1212 3715 genus
1232 3633 1452 3712 asportantur,
1470 3631 1505 3691 nt

321 3757 395 3824 pag.
419 3733 497 3800 214.
522 3727 595 3799 οἶνον
618 3733 669 3798 ἐπὶ
692 3731 821 3810 ξυλίνων
844 3735 936 3799 τίίων
959 3732 1166 3813 άρμαμάξαις
1185 3734 1360 3804 άναίίντες.
1382 3740 1415 3800 et
1433 3753 1502 3820 pag.

321 3839 398 3907 291.
428 3847 499 3912 ταῖς
523 3835 731 3918 άρμαμάξαις
754 3837 937 3918 ἐπάραντες.
961 3844 994 3904 et
1016 3859 1090 3926 pag.
1115 3838 1193 3906 207.
1216 3839 1259 3904 τά
1283 3839 1398 3921 φορτία
1422 3839 1503 3916 ιιομί·

322 3945 420 4028 ζουσιν
451 3944 668 4023 άρμαμάξαις.
713 3944 822 4010 Etiam
854 3945 893 4011 de
924 3945 1086 4022 curribus,
1116 3947 1151 4009 in
1182 3945 1299 4030 quibus
1329 3945 1354 4010 οί
1378 3943 1503 4022 νομάδες

320 4051 486 4126 habitant,
518 4056 556 4115 ut
585 4071 661 4138 pag.
691 4048 768 4115 294.
799 4059 864 4121 τοῖς
894 4051 1009 4130 νίρρσις
1039 4051 1195 4136 (ονοίὶὐυι)
1217 4051 1278 4115 τιῖιν
1301 4049 1503 4130 άρμαμαξῶν.

319 4157 369 4223 De
399 4156 550 4241 plaustris
580 4159 679 4222 etiam
703 4176 777 4243 pag.
803 4153 876 4220 314.
904 4157 946 4228 είς
970 4147 1003 4227 ἣν
1027 4157 1060 4220 αί
1085 4155 1276 4234 άρμάμαξαι
1300 4155 1503 4233 κατάγονται.

321 4259 447 4328 Caeteri
468 4262 635 4346 scriptores
659 4261 789 4339 άμάξας
814 4259 992 4346 appellant,
1015 4267 1053 4326 nt
1075 4261 1232 4326 Diodorus
1255 4259 1383 4327 Siculus
1403 4259 1440 4326 V.
1452 4257 1503 4325 26.

322 4366 464 4446 άμάξαις
488 4364 661 4447 κομίζοντες
686 4366 738 4430 τίν
761 4362 842 4431 οἶνον.
879 4366 965 4455 Ergo
989 4369 1103 4433 vitiose
1131 4367 1216 4452 apud
1235 4364 1424 4433 Strabonem
1444 4365 1504 4432 edi·

320 4479 375 4542 tur
389 4490 462 4559 pag.
477 4466 556 4540 307.
569 4470 601 4536 ίν
612 4479 685 4544 ταῖς
697 4469 855 4552 'Audisse
868 4472 899 4538 ίν
911 4467 962 4546 αἶς
975 4461 1167 4550 διαιάῶνται,
1180 4491 1238 4559 pro
1249 4470 1502 4551 ’ΛΡΜοιμάξαιω
