3358 5200
854 391 898 461 22

281 585 361 648 tiam
385 605 457 648 cum
482 606 600 674 magno
624 605 753 651 coronae
777 583 892 669 plausu
915 585 1055 648 ornasset
1077 583 1187 667 paucis
1209 586 1336 672 tantum
1357 579 1474 646 leviter

282 691 481 768 immodestia,
506 697 543 754 ut
566 713 622 777 pro
646 692 700 763 riv
725 689 948 766 &toleratione
972 689 1068 752 οἰκίαν
1090 687 1141 750 xci
1162 686 1337 751 Μιλτιάδου
1357 686 1472 750 substi-

283 799 387 860 tueret
421 798 476 870 τῖον
506 797 672 876 Ἀριςείδου
707 795 759 860 cci
792 797 847 868 rio
879 793 1071 870 Μιλτιάδου,
1102 792 1208 857 multo
1239 795 1326 858 enim
1355 789 1474 854 melius

283 901 433 966 Aristidis
453 902 629 986 aediculas,
650 923 747 988 quem
766 903 800 965 in
819 904 1005 986 paupertate
1025 903 1162 964 aetatem
1175 899 1277 984 egisse
1290 895 1471 970 constabat,

282 1011 547 1073 commemoravit
569 1029 666 1092 quam
690 1003 934 1082 Themistoclis,
959 1007 1015 1089 qui
1037 1025 1172 1090 magnas
1195 1025 1212 1068 e
1236 1001 1320 1068 bello
1343 1003 1474 1066 divitias

283 1111 470 1198 collegerat:
494 1119 655 1197 praeterea
677 1132 735 1199 pro
758 1111 812 1194 ὁρρῖ
835 1116 893 1175 τῶν
917 1115 1038 1174 πολλῶν
1062 1110 1144 1174 οὐδὲν
1171 1107 1355 1190 σεμνοτέραν
1380 1101 1474 1170 οὗοοιν

283 1215 387 1282 multo
411 1221 577 1284 venustius
601 1219 684 1283 dixit
706 1222 760 1290 τῆς
781 1222 834 1282 τοῦ
856 1217 1000 1295 γείτονος.
1038 1215 1195 1300 Ιωροοιοι
1214 1235 1271 1280 sue
1290 1219 1475 1297 exutroque

281 1321 350 1386 loco
381 1323 531 1389 conflavit
564 1323 713 1410 pleraque
748 1345 788 1389 ex
824 1325 1027 1388 Ατιὲιιοοτοιοο
1062 1341 1207 1398 sumens,
1242 1319 1405 1386 nonnullis
1435 1339 1475 1383 ex

289 1427 464 1511 Olynthium
495 1433 639 1515 receptis.
686 1429 723 1495 Si
746 1429 824 1515 quid
846 1432 988 1495 mutavit
1012 1429 1151 1493 deterius
1173 1427 1330 1492 reddidit:
1355 1428 1476 1512 optime

283 1531 530 1600 Demosthenes:
564 1537 593 1599 ἕι
625 1537 666 1616 τῷ
695 1543 751 1610 τῆς
776 1535 935 1606 πολιτείοις
960 1534 1020 1608 ἤθει
1045 1532 1207 1611 μένοντες,
1231 1553 1394 1619 perperam
1418 1529 1476 1596 ille

284 1641 428 1722 quisquis
460 1645 525 1704 est:
559 1643 600 1721 τῷ
624 1648 680 1715 τῆς
704 1641 864 1712 πολιτείας
890 1641 1107 1705 ὈΝΟΜΑΤΙ
1132 1638 1330 1716 ἀκολούθους,
1356 1639 1478 1724 cogitat

285 1746 372 1808 enim
396 1745 434 1809 de
454 1749 582 1812 nomine
602 1746 826 1827 δημοκρατίας.
848 1745 902 1811 sed
923 1746 1062 1813 άττιιιιςί
1082 1745 1275 1810 democratia
1295 1747 1311 1818 ἦ
1333 1743 1475 1809 πολιτεία

285 1848 480 1934 appellatur,
511 1873 574 1917 non
604 1858 722 1918 contra.
769 1853 937 1918 Praeterea
958 1853 1119 1916 incautius
1143 1846 1310 1916 Cimonem
1334 1849 1475 1924 addidit,

286 1975 383 2039 quem
408 1959 441 2020 in
464 1977 498 2022 re
521 1956 610 2023 lauta
633 1961 751 2024 vixisse
773 1977 867 2023 nemo
886 1961 1023 2044 ignorat.
1070 1955 1120 2020 lix
1138 1957 1249 2021 eodem
1268 1957 1337 2023 loco
1357 1975 1477 2040 expun-

286 2061 391 2147 genda
420 2066 494 2126 sunt
524 2065 621 2129 rerba
651 2065 702 2128 ιιιιὶ
734 2063 910 2128 Μιλτιάδου
941 2067 974 2127 in
1005 2059 1119 2127 (lodice
1150 2060 1316 2147 Soptime
1340 2063 1476 2127 omissa:

287 2167 372 2231 unde
401 2170 585 2253 irrepserint
614 2172 818 2255 perspicuum
845 2174 910 2246 est,
936 2173 969 2232 ct
991 2188 1083 2253 saepe
1105 2167 1230 2234 videbis
1253 2169 1338 2252 apud
1361 2166 1478 2232 Demo

290 2273 435 2338 sthenem
457 2272 542 2339 locos
565 2274 687 2341 similes
710 2277 755 2340 sic
779 2296 818 2340 ex
839 2273 917 2339 locis
937 2273 1099 2338 similibus
1117 2272 1301 2358 interpolari
1321 2278 1353 2338 et
1372 2273 1480 2337 verbis

288 2379 458 2445 inutilibus
491 2383 618 2467 augeri,
651 2383 742 2445 cuius
772 2382 819 2445 rei
849 2379 932 2444 infra
962 2377 1108 2464 exempla
1139 2378 1357 2464 compluscula
1379 2377 1480 2463 profe

294 2504 413 2548 remus.

334 2587 524 2654 Lectionum
554 2596 662 2656 autem
694 2591 743 2656 bis
774 2597 883 2677 terque
915 2588 1077 2665 οιῦτολεξει
1099 2593 1307 2675 repetitarum
1330 2589 1422 2654 firma
1446 2595 1481 2654 et

290 2693 413 2758 stabilis
448 2694 524 2760 fides
558 2702 606 2760 cst
640 2717 697 2762 nec
731 2699 793 2762 nisi
826 2699 1027 2784 gravissimis
1062 2695 1099 2761 de
1131 2699 1233 2763 causis
1264 2696 1478 2761 sollicitanda.

289 2799 428 2865 Memini
457 2822 557 2886 quum
588 2803 671 2867 mihi
698 2823 754 2888 pro
778 2804 904 2867 ὀπΟΙΑ
929 2805 997 2866 ποτ’
1022 2801 1083 2868 ἕςίι
1108 2802 1259 2866 arrideret
1282 2797 1398 2879 άπΟΤ,
1425 2801 1480 2865 sed

290 2904 373 2970 nihil
403 2925 500 2992 opus:
531 2916 614 2979 ποῖος
638 2911 671 2972 et
694 2909 740 2980 τίς
764 2911 798 2972 in
821 2910 929 2973 Attica
952 2913 1000 2973 est
1019 2929 1141 2990 prorsus
1164 2907 1257 2985 ι’άοοιι,
1282 2928 1358 2971 nam
1381 2907 1466 2992 qucl'

291 3010 409 3076 dicitur
440 3011 523 3086 ποῒάο
547 3039 613 3088 τις,
638 3015 705 3080 ποῖ’
730 3013 825 3079 άττοι.
873 3013 984 3098 Itaque
1007 3013 1097 3078 ὁποῖοι
1121 3011 1196 3076 ποτέ
1220 3018 1267 3078 est
1291 3011 1355 3087 ἥτις
1379 3012 1479 3086 ποτέ,

291 3119 323 3180 et
345 3117 458 3181 ποοοάοο
480 3139 560 3204 quae
582 3120 624 3184 sit
645 3121 748 3184 domus
773 3119 970 3184 Themistoclis
991 3120 1122 3204 perinde
1145 3119 1223 3184 bene
1247 3119 1365 3184 dicitur
1385 3123 1481 3203 atque

293 3225 484 3288 oscarensi
507 3231 556 3289 cit.

337 3433 537 3522 ineleganter
559 3440 772 3522 compositum
797 3441 844 3502 est
867 3437 951 3521 quod
973 3435 1095 3523 legitur
1112 3455 1186 3522 pag.
1209 3433 1262 3500 35.
1284 3433 1338 3501 27.
1359 3442 1481 3500 ΤΟΤΕ

292 3539 348 3617 μὲι
372 3539 407 3612 δὴ
431 3546 536 3606 τοῦτον
558 3544 610 3608 τὸν
633 3541 741 3624 τρόπον
766 3539 834 3622 εἶχε
857 3543 899 3607 τά
924 3541 1105 3623 πράγματα
1129 3541 1249 3612 ἐκείνοις
1264 3579 1306 3589 --
1319 3549 1425 3607 NTNI
1448 3542 1480 3606 δὲ

292 3649 357 3715 πῶς
388 3648 460 3723 ἡμῖν
491 3648 548 3712 ὑπὸ
578 3649 637 3712 τῶν
667 3656 789 3729 κροτῶν
819 3655 878 3713 τῶι
909 3655 1000 3712 ΝΤΝ
1033 3647 1076 3712 τά
1099 3645 1268 3727 πράγματ’
1292 3648 1376 3728 lixam
1403 3646 1482 3727 Quis

293 3771 421 3827 eorum,
439 3753 475 3816 in
493 3753 609 3837 quibus
629 3759 677 3819 est
697 3754 804 3838 aliqua
824 3753 981 3818 scribendi
999 3751 1152 3829 facultas,
1173 3753 1289 3838 frigide
1307 3755 1481 3837 repetitum

293 3855 352 3920 vovi
377 3893 418 3904 -
438 3864 497 3921 τῶν
529 3863 579 3922 νῦν
612 3879 673 3924 non
704 3858 875 3945 diligenter
897 3855 1052 3923 vitasset?
1075 3858 1237 3922 Potuisset
1259 3858 1482 3943 percommode

293 3963 523 4046 oppositionem
549 3966 597 4028 ita
618 3967 802 4029 instituere:
829 3966 951 4028 ‘HMIN
971 3965 1003 4027 δὲ
1027 3970 1091 4035 πῶς
1117 3963 1173 4027 ὑπὸ
1197 3969 1255 4026 τῶν
1278 3971 1400 4044 macris
1423 3971 1481 4028 τῶν

293 4074 384 4131 ΝΥΝ
408 4068 451 4132 τά
475 4069 643 4149 πράγματ’
667 4068 751 4151 {gem
777 4075 808 4134 et
832 4071 904 4147 ἡμῖν
928 4071 973 4134 sic
994 4070 1115 4140 ἐκείνοις
1136 4071 1317 4153 oppositum
1337 4090 1393 4135 suo
1412 4069 1483 4135 loco

293 4175 434 4258 positum
466 4194 532 4238 esse
562 4178 687 4240 senties.
735 4177 818 4240 Ante
848 4175 954 4240 multa
984 4175 1110 4240 saecula
1143 4175 1273 4258 quidam
1301 4173 1400 4240 lector
1422 4175 1484 4240 De

293 4279 468 4342 mosthenis
499 4281 532 4343 in
558 4281 692 4368 vulgata
713 4280 848 4346 lectione
871 4281 1000 4347 attendit
1023 4287 1056 4346 et
1079 4280 1142 4345 alia
1164 4283 1284 4345 ratione
1308 4280 1394 4346 malo
1417 4303 1483 4346 me·

298 4382 365 4446 deri
395 4395 525 4448 conatus
552 4390 609 4448 est.
656 4385 801 4451 Mutavit
823 4393 881 4450 τῶν
905 4392 955 4450 νῦν
979 4389 1013 4451 in
1036 4389 1171 4462 τούτων,
1197 4387 1256 4450 ὑπὸ
1282 4392 1340 4452 τῶν
1363 4391 1485 4466 χροιάν

298 4486 467 4568 τούτων,
500 4494 539 4554 ut
567 4495 615 4555 est
645 4493 679 4555 in
710 4491 832 4556 duobus
855 4491 963 4574 libris,
989 4514 1070 4578 quas
1092 4492 1188 4560 lectio
1211 4497 1249 4558 ut
1274 4497 1322 4559 tot
1346 4492 1426 4558 aliae
1450 4495 1485 4556 in
