3392 5186
884 339 950 408 412

318 535 351 596 et
371 531 477 618 lepide
505 530 611 598 addit:
644 532 677 596 οὐ
709 529 773 612 γὰρ
804 530 889 595 κοντοὶ
923 529 1074 614 διοιφοροδν
1102 533 1128 597 ol
1158 531 1355 612 δυνοιποίτεροι
1385 531 1511 608 οίληίεΐς

316 639 440 717 ίνείρονς
474 639 582 719 ἐρῶσιν.
616 643 648 703 ei
675 641 722 703 iia
751 641 876 725 pergit:
909 637 1072 716 αἰρομένων
1095 638 1127 704 δέ
1150 641 1251 704 αὐτῶν
1276 641 1361 720 ὀρθῶς
1382 639 1432 703 ἐπὶ
1455 642 1510 704 τοῦ

316 743 552 823 Ἀγαμέμνονος
580 745 840 825 έπενεχίήοετοιι·

681 850 818 915 πείίοντο
842 849 873 914 δέ
898 849 1017 928 ποιμένι
1042 857 1135 916 λινῶν.

316 960 361 1038 μη
392 957 539 1040 παρόντος
569 958 633 1039 γοὶρ
661 963 714 1023 τοῦ
747 957 983 1036 Ἀγαμέμνονος
1015 959 1066 1023 τὸν
1098 956 1221 1038 Νέςοροι
1253 955 1341 1036 λέγει
1379 955 1511 1036 ποιμένοι

316 1071 417 1130 λοοῶν·
442 1061 556 1131 ἄτοπον
580 1063 644 1146 γὰρ
668 1065 765 1146 ποιίτιρ
789 1060 916 1130 ἐπεοίοιι
940 1063 1010 1134 τοὺς
1037 1062 1165 1137 ἄλλους.

361 1170 464 1237 Miror
485 1173 588 1258 igitur
610 1191 672 1257 quo
696 1173 788 1256 pecto
811 1170 996 1246 Bshlrerus,
1030 1173 1086 1255 qui
1109 1174 1159 1235 tot
1181 1191 1292 1237 versus
1315 1190 1355 1236 ex
1376 1174 1512 1257 utroque

315 1279 455 1344 carmine
478 1277 644 1344 damnavit
667 1281 700 1342 st
723 1274 874 1360 exclusit,
899 1275 950 1341 his
974 1296 1101 1362 parcere
1124 1279 1272 1362 potuerit„

362 1382 529 1450 Praeterea
551 1383 664 1449 haereo
688 1383 723 1446 in
744 1381 966 1456 ἐΠοινέςηοοιν
990 1401 1046 1467 pro
1070 1381 1234 1458 νίνέςηοοιν.
1278 1382 1363 1464 Quid
1380 1383 1409 1448 si
1432 1383 1511 1450 olim

317 1487 415 1555 fuerit

499 1590 526 1662 οἳ
549 1605 607 1662 ΔΕ
631 1597 671 1661 Τ’
697 1593 852 1669 ἐνέςηοοιν
876 1591 1013 1660 πείίονπί
1031 1617 1067 1659 τε
1092 1593 1210 1673 ποιμένι
1233 1599 1328 1659 λινῶν.

363 1849 454 1918 iliad.
485 1861 520 1917 B.
547 1849 623 1918 lll.

498 1961 575 2031 Ζειίς
598 1981 641 2036 με
664 1955 761 2036 μέγΑ
785 1953 923 2037 Κρονίδης
948 1951 1009 2038 νίκη
1033 1953 1152 2030 ἐνέδησε
1175 1955 1296 2038 βορείη.

361 2063 551 2132 Revooanda
574 2069 641 2130 erat
664 2064 867 2130 Aristarchea
885 2065 1044 2149 scriptura
1061 2063 1184 2140 μέγΛΟ
1204 2084 1260 2148 pro
1279 2063 1386 2142 μέγλ.
1410 2059 1512 2150 Didy-

316 2189 408 2238 mus:
432 2172 446 2237 ί
471 2171 658 2252 ’Λρίςοιρχος
683 2170 713 2234 ἐν
737 2176 809 2242 τοῖς
833 2177 949 2242 Λιποιῖς
971 2167 1174 2247 ἐξηγούμενος
1198 2169 1252 2235 πί·

633 2277 736 2357 οιιίτδιρ
761 2273 857 2341 ἔπειτ’
887 2274 967 2348 Δίοις
991 2298 1026 2340 πε
1051 2275 1168 2353 μέγοις.

317 2380 348 2446 έν
371 2405 428 2447 πινι
452 2388 510 2449 τῶν
530 2383 741 2464 ἠκριβωμένων
774 2381 1002 2460 ὑπομνημάτων
1026 2379 1145 2464 γροίφει
1168 2385 1275 2445 sciara
1298 2381 1384 2446 κοντοὶ
1408 2381 1510 2459 λέξιν·

319 2489 372 2567 „ori
407 2489 479 2553 κοτ’
513 2489 647 2555 έπίίεπον
679 2489 767 2568 λέγει
800 2487 951 2566 μέγοις,
986 2488 1075 2552 οίλλίι
1107 2487 1180 2569 πρὸς
1211 2486 1425 2562 οίντιδιοιςολέρν
1455 2491 1510 2553 ποῦ

317 2593 416 2675 ἐτέρου
440 2595 583 2669 Αίοονοος.
608 2590 683 2659 ίποιν
705 2595 739 2660 δέ
762 2593 860 2678 λέγη·

669 2702 746 2775 Ζειίς
770 2725 812 2780 με
835 2699 958 2780 μέγΑΟ
986 2698 1126 2781 Κρονίδης

318 2806 417 2872 οὐκέτι
441 2804 486 2873 ὅτι
511 2807 564 2874 nal
588 2803 686 2890 ἕτερος
709 2805 815 2889 μικρίς
838 2805 929 2877 ἐςιν.”

363 2913 455 2995 Quod
482 2912 636 3002 vulgatur
666 2913 757 2994 μὲγοι
788 2934 844 2999 pro
874 2911 1027 2992 μεγοίλως
1058 2915 1217 2999 positum,
1242 2918 1280 2977 ut
1303 2916 1410 2998 aiunt,
1434 2935 1510 2978 cum

316 3023 447 3086 caeteris
473 3021 576 3089 sorbis
597 3041 661 3086 non
684 3020 829 3106 quadrat.
877 3019 1068 3085 Rectissime
1088 3019 1206 3086 dicitur
1228 3016 1250 3084 ὦ
1270 3021 1346 3098 μέγ’
1366 3021 1507 3099 νίννοδές,

316 3125 372 3192 sed
398 3145 460 3211 quo
491 3125 586 3192 modo
616 3127 723 3193 verbis
754 3124 816 3208 ἄνη
840 3123 958 3200 ἐνέδησε
982 3125 1093 3208 βορειη
1116 3125 1190 3190 addi
1218 3129 1318 3211 possit
1339 3127 1429 3207 μέγοι
1453 3131 1510 3192 aut

315 3231 467 3312 μεγοίλως
502 3236 558 3298 aut
592 3232 711 3314 οφίδροι
743 3237 800 3298 aut
830 3231 911 3298 ποίνν
948 3237 1005 3297 sut
1035 3231 1210 3318 quidquam
1241 3233 1279 3299 de
1310 3253 1426 3321 genere
1448 3232 1509 3298 hoo

315 3358 410 3405 nemo
433 3337 526 3404 facilc
549 3337 703 3404 ostendet.

362 3445 467 3526 Quam
491 3447 534 3509 sit
556 3443 680 3510 lubrice
702 3441 780 3510 fides
803 3443 996 3512 scholiorum
1020 3449 1052 3510 ei
1074 3465 1314 3532 nonnumquam
1336 3443 1374 3511 de
1394 3443 1508 3510 iisdem

315 3573 379 3618 non
402 3551 513 3617 eadem
538 3549 643 3616 doceri
665 3551 805 3616 ostendit
827 3551 915 3616 locus
939 3561 964 3616 1.
987 3549 1223 3617 renuidem
1241 3573 1352 3619 versus
1370 3551 1507 3639 legitur:

499 3655 575 3729 Ζειίς
596 3681 638 3734 με
661 3655 783 3735 cloec
807 3656 945 3738 Κρονίδης
968 3653 1030 3740 ἄτη
1053 3657 1172 3734 ἐνέδησε
1195 3657 1317 3739 βοορείη.

316 3761 374 3829 ubi
408 3765 595 3829 annotetur:
634 3759 820 3845 Ἀρίςοιρχος
856 3763 910 3828 σὺν
940 3764 983 3844 τῷ
1021 3769 1044 3828 C
1073 3763 1190 3842 μέγοις.
1226 3771 1257 3828 et
1288 3765 1306 3841 ἦ
1337 3764 1430 3838 διπλῆ
1462 3758 1507 3828 ὅτι

290 3857 436 3935 ΙῘιιίΕΓΑ
467 3869 516 3935 δεῖ
543 3865 678 3952 γριίΦειν
712 3869 782 3935 cirri
813 3873 866 3934 τοῦ
893 3869 1089 3950 μεγοίλως
1111 3869 1149 3941 ὥς
1172 3869 1299 3952 caios.
1346 3866 1508 3947 Ἀδίκιμος

317 3973 348 4041 δέ
372 3975 454 4042 ποίνν
479 3976 496 4050 οἱ
528 3975 613 4054 μετὰ
642 3979 696 4041 ποῦ
724 3987 746 4040 C
770 3975 894 4058 γροιφιί.
941 3975 1013 4042 Non
1040 3973 1244 4042 Aristarchus
1274 3977 1357 4042 inter
1387 3995 1420 4040 se
1451 3995 1510 4062 pu·

315 4083 448 4170 gnaniia
472 4079 599 4160 docuit,
624 4080 680 4146 sed
702 4079 843 4148 sublesta
866 4086 915 4148 est
940 4084 1072 4148 testium
1096 4078 1183 4148 fides.

362 4350 454 4422 Iliad.
478 4363 518 4418 Δ.
542 4347 620 4419 208.
669 4337 673 4346 '

498 4453 536 4534 ὦς
559 4459 662 4541 Φοίπο,
686 4461 728 4542 τῷ
751 4459 778 4525 δ’
802 4457 864 4544 ίίρκ
887 4459 979 4540 ίιιμδν
1002 4461 1043 4528 ἐνί
1068 4463 1208 4540 sollercia
1229 4458 1329 4546 ίρινεν.
