3232 5176
751 395 795 468 85

165 587 228 656 καὶ
253 593 384 656 σωθῶσιν
408 611 427 656 a
447 591 530 658 bono
552 593 704 677 scriptore
727 591 790 657 dici
812 589 975 678 potuisse?
1005 613 1045 658 ne
1068 612 1087 658 a
1109 592 1194 659 malo
1218 591 1365 679 quidem,

164 701 212 762 nt
235 716 297 785 ego
321 698 464 764 arbitror.

219 910 302 1000 Psg.
327 910 404 978 210.
430 911 482 978 18.
507 915 581 991 ἡμῖν
604 910 785 994 συμμάχων
803 912 1017 992 γεγενημένων
1034 915 1125 980 τῶνδε
1146 915 1199 980 καὶ
1219 915 1257 980 δι’
1278 917 1364 994 ἡμᾶς

162 1017 381 1097 σεσωσμένων.
426 1018 464 1083 In
494 1017 517 1084 S
548 1019 663 1086 diserte
694 1022 850 1106 scriptum
880 1021 950 1088 vidi
979 1021 1046 1087 Fal.
1080 1019 1145 1088 527
1177 1039 1286 1089 verse:
1323 1019 1363 1088 δι’

163 1127 260 1204 ἡμᾶς
283 1123 460 1205 σεσωμένων
483 1126 558 1210 (nou
581 1127 802 1213 σεσωσμένων).
848 1125 925 1194 Esse
946 1126 1030 1194 hane
1055 1133 1197 1193 veterem
1219 1129 1365 1194 Atticam

162 1232 312 1297 formam
329 1231 526 1298 ostendimus
546 1233 585 1297 ad
603 1231 748 1300 Platonis
763 1233 889 1298 esiciam
904 1231 1175 1300 Mnemos.1875.
1195 1255 1271 1323 pag.
1287 1233 1363 1303 190.

218 1442 388 1529 Sequitur:
413 1440 471 1515 ὅτε
495 1455 650 1528 πανταχῇ
674 1444 825 1527 συμφέρει
848 1447 930 1525 μήτε
953 1446 1094 1527 προέσθαι
1115 1448 1184 1520 τοὺς
1208 1445 1363 1529 Ἀρκάδας

162 1551 255 1629 μήτε
280 1549 319 1616 δι’
343 1550 457 1624 αὐτοὺς
480 1551 710 1633 περιγεγονέναι
730 1552 836 1619 δοκεῖν.
872 1552 1036 1619 Dobreeus
1053 1555 1207 1635 προεῖσθαι
1228 1557 1364 1642 corrige·

163 1657 245 1734 bat,
273 1656 329 1722 scd
358 1660 524 1743 passivum
553 1679 699 1744 praesens
722 1659 877 1738 προΐεσθαι
909 1665 957 1726 est
989 1660 1115 1726 melius.
1163 1659 1263 1746 Saepe
1285 1661 1363 1727 haec

163 1766 257 1829 inter
278 1783 313 1829 se
335 1765 464 1830 misceri
486 1785 582 1850 supra
602 1765 809 1832 ostendimus.

419 1984 516 2041 ΠΕΡΙ
540 1983 640 2042 ΤΩΝ
665 1985 776 2043 neoc
800 1977 1117 2046 ἈΛΕΞΑΝΔΡΟΝ.

213 2187 295 2276 Pag.
322 2185 399 2252 212.
426 2185 477 2252 16.
503 2182 591 2265 οἶμαι
616 2187 661 2264 δ’,
693 2190 720 2254 εἰ
743 2185 822 2263 ἦσαν
845 2190 930 2256 κατά
955 2191 1007 2256 τὸν
1030 2190 1090 2256 νυνὶ
1114 2189 1220 2273 χράνον
1244 2191 1269 2256 ol
1293 2200 1364 2256 Πει-

164 2295 345 2376 aaronem
371 2293 426 2359 καέ
447 2316 495 2365 τις
518 2291 663 2376 ἐβιάζετο
686 2294 840 2375 κατάγειν
859 2296 970 2367 αὐτοὺς
991 2295 1198 2378 ἁρπάσαντας
1220 2293 1259 2360 άν
1279 2297 1363 2374 epse

161 2403 212 2467 τά
247 2397 335 2466 ὅπλα
371 2400 477 2466 πάντα
521 2399 651 2465 κίνδυνον
695 2402 856 2479 ὑπομεῖναι
877 2402 963 2468 ·άντ1
998 2406 1052 2467 τοῦ
1086 2400 1360 2478 nassiternam.

163 2507 323 2594 Quisquis
344 2507 422 2572 haec
445 2508 584 2592 scripsit,
609 2505 791 2592 Hyperides
813 2529 852 2573 an
876 2510 947 2593 quis
972 2507 1071 2586 alius,
1097 2511 1264 2594 scripserat
1288 2511 1356 2575 άντὶ

161 2620 221 2680 τοῦ
247 2613 522 2692 ΚΛΤΛδέξοισάαι.
570 2611 848 2692 Quemadmodum
871 2617 957 2680 enim
988 2613 1142 2692 κατάγειν
1166 2619 1198 2679 et
1220 2615 1361 2680 κατιέναι

162 2722 344 2786 sexcenties
375 2719 459 2806 apud
490 2741 598 2786 omnes
626 2722 663 2784 dc
691 2721 827 2785 οωωέὶὐια
855 2725 1034 2807 ponuntur,
1065 2723 1110 2786 sic
1143 2723 1257 2787 civitas
1280 2744 1360 2807 qnae

164 2826 278 2892 exules
300 2826 406 2910 recipit
435 2831 520 2892 certo
551 2830 584 2891 et
613 2829 739 2912 proprio
769 2846 831 2891 usu
858 2825 977 2891 dicitur
1000 2845 1053 2891 eos
1082 2826 1359 2908 ΚΑΤΛδέχεσθαι.

162 2930 277 3016 Multa
299 2936 375 2998 sunt
396 2931 493 2997 huius
515 2952 592 2997 usus
616 2931 701 3017 apud
724 2928 870 2997 Oratores
893 2935 926 2998 et
948 2931 1028 2998 alios
1051 2931 1206 3018 exempla.

212 3149 293 3236 Pag.
318 3143 394 3212 213.
421 3143 473 3212 17.
499 3144 619 3212 διὸκαὶ
645 3143 797 3223 κατάγειν
820 3143 871 3210 τὸν
893 3141 1092 3227 Ἀλέξανδρον
1115 3144 1238 3219 αὐτούς.
1285 3145 1355 3212 11110

163 3276 243 3326 rere
265 3259 488 3320 κατωΓΑΓιῖν.
535 3249 661 3317 Passim
691 3251 769 3317 haec
797 3250 926 3317 contusa
953 3251 1094 3330 ridebis,
1120 3253 1218 3318 stiam
1240 3255 1275 3316 in
1296 3251 1357 3317 hoc

162 3366 236 3450 ipso
258 3359 328 3426 loco
351 3379 426 3447 pag.
451 3357 527 3423 213.
556 3355 609 3423 14.
633 3357 770 3439 πολεμέιρ
793 3356 975 3440 χρησόμεθα
998 3359 1040 3439 τῷ
1065 3355 1356 3436 καταΓΑΓάνπι,8

164 3465 342 3546 κατάγοντι
364 3467 497 3543 riflum,
520 3469 559 3530 ut
581 3463 680 3530 rides.
707 3464 746 3529 cf.
770 3467 803 3530 et
825 3483 897 3553 pag.
925 3463 1001 3530 213.
1028 3463 1083 3532 27.

209 3679 369 3747 Mendum
389 3678 561 3744 sexcenties
579 3675 657 3743 alibi
675 3675 840 3741 sublatum
855 3677 1060 3762 pertinaciter
1073 3675 1177 3741 haesit
1188 3695 1260 3763 pag.
1276 3672 1353 3741 216.

161 3785 217 3852 21.
242 3792 306 3858 πῶς
330 3785 379 3850 δεῖ
398 3785 529 3865 χρῆσθαι
553 3789 616 3855 τοῖς
640 3780 823 3851 δεσποτικῶς
846 3782 899 3848 καὶ
925 3784 1068 3861 άοελγῶς
1084 3779 1282 3858 διακειμένοις
1302 3781 1355 3845 καὶ

162 3893 215 3959 διά
238 3891 344 3963 τέλους
367 3888 411 3954 τά
440 3889 498 3966 μέν
525 3887 776 3965 ἐπιβουλεύουσι,
801 3887 843 3952 τά
868 3887 898 3953 δέ
922 3899 1112 3954 ΠΡΛττουσι
1138 3886 1190 3952 καὶ
1216 3910 1356 3966 καταγε-

162 4005 238 4064 λῶσι
269 4003 326 4071 τῆς
359 4003 456 4070 κοινῆς
489 3995 614 4074 cipriane.
661 3992 737 4060 Sine
759 4014 849 4060 more
872 3997 1012 4083 corrige:
1038 3993 1081 4058 τά
1104 3993 1136 4058 δέ
1157 3995 1356 4059 ΠΡΟΟΤάτ-

162 4127 260 4170 τουσι.
294 4101 412 4168 Paullo
434 4105 507 4166 ante
525 4098 646 4187 legitur
662 4120 736 4188 pag.
750 4099 828 4165 216.
845 4099 895 4165 11.
921 4101 955 4166 έιι
974 4099 1218 4182 προστάγματος
1240 4097 1355 4175 ἄλλους

162 4213 354 4289 κατήγαγεν
361 4255 371 4286 ,
395 4207 453 4273 ubi
474 4203 557 4273 liber
579 4226 661 4272 unus
684 4205 874 4288 πράγματος
897 4206 1010 4281 habet,
1032 4205 1088 4272 sed
1112 4211 1296 4272 comestum.

208 4421 291 4511 Peg.
323 4419 399 4486 216.
431 4417 484 4484 28.
516 4419 575 4485 κάν
598 4415 653 4498 μέν
681 4442 711 4484 τι
740 4417 853 4502 ᾖπρὸς
877 4424 935 4484 τῶν
959 4419 1072 4502 έχέρῶν
1102 4417 1200 4508 [κατά
1222 4426 1278 4495 τῆς
1301 4418 1356 4485 πά·

164 4531 256 4616 λεως]
281 4528 312 4594 έν
336 4533 401 4599 τοῖς
426 4520 538 4610 ὅρκοις,
568 4529 658 4592 τοῦτο
680 4527 737 4604 μέν
757 4526 881 4607 ἰσχυρὸν
905 4524 954 4592 ciel
978 4527 1169 4601 ποιήσουσιν·
1193 4524 1247 4590 έάν
1269 4524 1301 4590 δέ
1325 4547 1355 4593 τι
