3410 5180
727 379 793 450 499

161 577 219 637 τῶν
249 568 465 655 ψηφισμάτων
496 573 597 636 αὐτῶν
634 571 705 650 ὑμῖν
741 570 825 636 είσίν.
871 571 1043 638 Meniieeto
1076 570 1265 636 mendosum
1299 572 1348 638 eet

161 676 304 757 νεώτεροι.
351 677 490 743 Memini
521 697 622 762 quum
653 676 736 742 mihi
767 677 889 742 Bakiue
925 699 1016 743 meus
1048 678 1167 744 dioerot
1197 677 1348 756 κενθτεμι

161 785 224 849 eibi
257 783 360 848 videri
390 803 456 849 esee
486 782 671 870 legendum.
719 781 877 867 Equidem
908 781 1078 864 οὶκυρότεροι
1109 785 1244 856 conieci,
1274 785 1349 867 quia

160 909 223 954 non
246 887 340 954 aliter
357 891 392 953 in
411 888 469 954 tali
487 909 521 953 re
543 887 688 953 dicebant
707 909 817 954 omuee
836 909 933 972 quom
951 887 1041 968 νόμος
1061 889 1157 970 κύριος
1176 893 1209 954 et
1229 887 1348 969 ἄκυρος.

205 1095 284 1183 Peg.
318 1094 394 1160 485.
429 1093 482 1160 10.
506 1096 615 1160 συνίεθ’
638 1091 669 1160 ὃν
692 1094 801 1173 τρόπον
824 1097 838 1162 ό
863 1095 966 1162 Σόλων
989 1098 1059 1171 τοὺς
1081 1096 1190 1174 νόμους
1217 1096 1269 1184 [ὡς
1293 1119 1350 1160 κα-

161 1205 234 1286 λῶς]
264 1202 383 1267 κελεύει
407 1200 535 1287 τιθέναι;
559 1201 740 1285 Utrumque
761 1204 937 1269 rectissime
960 1203 1077 1270 dieitur
1097 1203 1205 1268 συνίεθ’
1229 1199 1260 1268 ὃν
1283 1195 1352 1282 τρόὲ

162 1331 216 1372 πον
247 1314 280 1374 et
310 1308 418 1373 συνίεθ’
449 1307 487 1381 ὡς
519 1314 621 1380 καλῶς
654 1308 772 1373 κελεύει
803 1308 931 1393 τιθέναι,
964 1310 1019 1375 sed
1046 1331 1110 1375 non
1135 1313 1268 1395 possunt
1288 1308 1351 1374 duo

162 1414 240 1479 heeo
263 1415 423 1500 coniungi.
469 1413 592 1479 Deinde
614 1414 687 1480 vide
710 1413 912 1500 mihiquem
935 1415 1071 1482 absurdo
1093 1415 1162 1482 loeo
1185 1417 1223 1489 ὡς
1247 1419 1350 1486 καλῶς

161 1521 204 1584 sit
226 1521 460 1605 interpositum.
506 1519 583 1584 Fuit
606 1519 686 1586 olim
708 1521 754 1583 eie
775 1522 931 1606 seriptum

435 1625 568 1689 συνίεθ’
600 1621 636 1688 ὃν
667 1625 798 1704 τρόπον

432 1730 447 1794 ὁ
472 1730 567 1796 σόλων
591 1731 665 1795 τούσ
689 1729 801 1811 νόμουσ
936 1751 972 1801 ε,
990 1757 1075 1803 „am

434 1835 552 1903 κελεύει
576 1835 701 1902 τιθέναι.

207 2041 286 2129 Peg.
325 2041 401 2108 485.
439 2041 492 2110 17.
528 2043 666 2109 ostendit
700 2063 797 2127 quam
832 2042 946 2108 multis
978 2046 1178 2110 cautionibus
1209 2068 1247 2113 ex
1280 2047 1352 2135 lege

164 2145 288 2212 Solonis
311 2149 466 2214 utendum
490 2159 571 2214 esset
594 2151 634 2213 iis
657 2151 712 2232 qui
735 2147 844 2236 legem
866 2169 983 2214 novem
1007 2149 1088 2215 ferre
1110 2149 1240 2217 vellent.
1275 2153 1353 2220 Post

164 2250 228 2316 elie
258 2255 305 2317 ita
336 2253 431 2318 dicit:
464 2256 516 2320 καί
549 2253 604 2334 πρὸ
635 2255 748 2318 τούτων
779 2252 815 2331 γ’
842 2252 991 2331 ἐπέταξεν
1014 2254 1142 2321 έκθεῖναι
1166 2257 1275 2336 πρόσθε
1295 2266 1354 2324 τῶν

164 2357 329 2437 ἐπωνύμων
359 2358 411 2425 καί
442 2359 485 2440 τῷ
509 2367 707 2464 χγραμματεῖ
739 2359 959 2447 παραδοῦναιῂ
983 2365 1088 2426 τοῦτον
1123 2362 1155 2427 δέ
1189 2364 1220 2427 ἕν
1250 2373 1354 2431 TAIC

101 2555 102 2562 ἵ
165 2464 342 2540 ἐκκλησίαις
375 2467 633 2545 ἀναγιγνώσκειν,
664 2463 703 2530 ἵν’
726 2463 834 2539 ἕκαςος
860 2467 942 2543 ὑμῶν
970 2467 1105 2538 οἰκούσας
1129 2475 1353 2536 ΠΟΛΛΑΚΙΟ

164 2570 216 2634 καί
250 2571 335 2636 κατθι
366 2575 484 2651 σχολὴν
507 2571 703 2652 σκεψόμενος
728 2563 750 2636 οἳ
775 2568 849 2652 dvii
872 2572 923 2636 καί
949 2572 1054 2638 δίκαια
1078 2573 1131 2638 καὶ
1154 2575 1353 2658 συμφέροντα

164 2681 269 2741 ταῦτα
293 2679 447 2759 νομοθετῇ.
490 2678 575 2758 Quid
599 2683 646 2743 eet
670 2678 701 2742 έν
723 2684 795 2748 ταῖς
820 2676 1017 2752 έκκλησίαιςί
1058 2678 1194 2745 Perinde
1216 2703 1353 2766 pravum

164 2786 258 2867 etque
287 2783 322 2847 id
344 2784 427 2866 quod
449 2781 472 2848 S
496 2784 624 2849 exhibet
648 2784 678 2846 ἐν
703 2783 881 2857 ἐκκλησίαις
906 2787 974 2850 eine
998 2783 1143 2850 articulo.
1190 2784 1353 2853 Dobreeue

166 2889 260 2964 „vide
278 2911 318 2951 ιιιι
342 2888 372 2951 ἕν
395 2888 489 2966 τρισὶν
509 2889 685 2961 ἐκκλησίαις
706 2889 810 2968 deperit
837 2888 1010 2973 Uiuianus?
1045 2888 1257 2957 Vehementer
1279 2895 1355 2958 erri-

165 2993 235 3057 det:
260 2995 305 3058 eie
332 2995 417 3057 enim
441 3014 485 3077 sq.
510 2993 645 3064 οἰκούσας
669 2991 820 3065 πολλάκις
846 2994 1044 3081 intelligitur
1067 2999 1099 3058 et
1126 2997 1267 3079 postulet
1298 2996 1355 3062 eli-

165 3098 242 3183 quid
271 3099 493 3164 huiuscemodi
524 3101 593 3184 ipse
622 3100 668 3164 rei
698 3103 824 3163 natura.
870 3099 988 3164 Fuerat
1016 3089 1355 3168 eN‘reKKAHCIAIC

165 3211 197 3271 et
220 3203 311 3270 feeile
333 3207 458 3269 numeri
480 3209 556 3270 note
577 3203 705 3290 negligi
727 3206 834 3288 potuit
858 3208 890 3268 et
908 3205 1020 3288 perire.
1040 3203 1079 3268 ef.
1100 3225 1174 3292 pag.
1197 3205 1274 3290 707,
1294 3206 1352 3286 28,

165 3312 218 3375 οὐκ
240 3311 325 3384 εὐθὺς
349 3309 460 3376 τιθέναι
485 3312 549 3396 (τόν
573 3308 673 3396 νόμον)
703 3306 898 3388 προσέταξαν
922 3308 1011 3374 οὶλλοὶ
1029 3311 1084 3383 την
1106 3311 1210 3390 τρίτην
1232 3311 1355 3378 exite-

165 3415 224 3493 ξαν
254 3417 421 3490 ἐκκλησίαν
451 3417 504 3482 καί
528 3416 589 3482 οὐδ’
614 3417 644 3480 ἕν
668 3415 771 3496 παύση
795 3413 906 3479 τιθέναι
933 3413 1097 3479 δεδώκασιν
1119 3416 1209 3482 οὶλλιὶ
1232 3416 1355 3496 σκέψα·

167 3524 236 3588 σθαι
260 3523 328 3587 καθ’
349 3518 414 3586 ύτι
438 3524 509 3595 τοὺς
533 3523 697 3600 νομοθέτας
723 3522 868 3586 καθιεῖτε.

212 3731 371 3797 Continuo
401 3734 560 3816 sequitur:
592 3731 706 3796 τούτων
736 3729 834 3794 τοίνυν
858 3728 1008 3796 τοσούτων
1031 3726 1120 3794 όντων
1146 3727 1296 3816 [δικαίων]
1319 3733 1355 3797 τὸ

167 3836 279 3913 πλῆθος
312 3836 411 3900 οὑτοσί
442 3837 499 3913 μὲν
533 3835 592 3902 οὐδ’
626 3837 722 3901 ότιούν
756 3834 879 3909 έποίησε
915 3835 1116 3921 [Λεπτίνης],
1137 3873 1178 3882 -
1197 3839 1286 3916 ἡμεῖς
1324 3839 1354 3904 δὲ

167 3940 284 4007 ποίντα.
330 3942 507 4008 Dobraeue:
536 3943 659 4025 „malim
683 3942 798 4006 τούτων
823 3941 922 4006 τοίνυν
945 3941 1094 4007 τοσούτων
1116 3939 1207 4006 θντυν
1226 3942 1261 4007 τό
1279 3951 1357 4018 πλῆ-

168 4049 214 4120 θος
248 4049 332 4134 (τῶνι
364 4047 496 4112 δικαίων.
546 4048 629 4112 Certe
653 4048 866 4112 τοιόίίιισιιιόιιωι
888 4053 957 4112 τῶν.
1008 4047 1066 4128 Qu.
1092 4047 1242 4113 τοσούτων
1265 4047 1354 4115 όντων

170 4153 253 4240 (τῶν)
277 4151 401 4218 δικαίων
423 4153 458 4218 τό
480 4152 623 4226 πλῆθος.”

214 4259 289 4324 Sine
321 4260 419 4327 dubio
450 4259 669 4347 coniungenda
699 4265 773 4324 eunt
807 4277 870 4323 uno
903 4263 1011 4324 tenore
1041 4257 1190 4323 τοσούτων
1211 4257 1301 4326 όντων
1324 4265 1359 4330 τό

169 4369 283 4440 πλῆθος
308 4375 340 4432 et
364 4365 486 4432 δικαίων
509 4365 644 4431 ertioulo
666 4386 770 4431 curere
793 4386 855 4430 non
880 4369 992 4450 potest.
1030 4363 1092 4430 Sed
1112 4367 1219 4451 ipsum
1240 4366 1361 4436 δικαίων

169 4476 317 4560 spurium
346 4478 395 4539 eet
425 4477 458 4538 et
487 4470 669 4538 delendum.
714 4471 786 4538 Non
816 4468 1017 4557 appellentur
1041 4473 1128 4536 enim
1142 4469 1257 4538 eima
1279 4495 1360 4560 quae
