3358 5200
846 371 890 447 60

312 567 481 655 Sequitur:
514 567 657 649 οὐδέτεροι
680 567 744 649 γὰρ
768 569 870 656 [πρὸς]
895 569 930 634 τδ
955 579 993 651 τῇ
1019 567 1107 634 πίλει
1132 565 1287 650 συμφέρον
1312 571 1461 634 σκοποῦν-

265 699 317 749 τες
341 674 404 741 οὔτ’
428 675 600 741 ἐπαινοῦσιν
621 673 692 739 οὔτε
715 675 946 757 δυσχεραίνουσι
969 676 1004 740 τδ
1029 679 1166 755 πρᾶγμα
1191 677 1267 740 ἀλλ’
1289 676 1327 746 τίς
1349 673 1461 741 ἑκσίτε-

264 806 306 862 ροι
336 781 446 863 χρείας
478 781 531 846 καὶ
566 781 739 862 περιουσίας
770 779 902 862 ἔχουσιν.
949 780 1061 847 Nonne
1083 784 1287 867 perspicuum
1312 787 1359 847 aot
1382 781 1460 862 πρίς

264 908 331 953 osse
364 884 590 953 resecandum?
621 886 777 952 Dicebant
811 885 1005 963 ἀποβλέπειν
1038 888 1082 956 εῖς
1118 886 1171 953 val
1206 886 1278 966 τρίς
1314 911 1362 971 τι,
1399 886 1458 952 sed

265 1000 389 1059 σκοπεῖν
418 1016 459 1058 τι.
507 991 608 1077 Saepo
639 991 711 1073 πρίς
735 995 834 1058 otiam
857 994 892 1058 in
916 991 939 1057 S
962 997 1091 1078 proptor
1113 991 1370 1077 compendiolum
1393 1012 1461 1056 non

263 1096 468 1165 intollootnm
490 1099 602 1183 pariit,
628 1100 719 1163 onina
741 1101 787 1163 rei
810 1098 893 1164 infra
911 1095 1058 1183 exempla
1077 1117 1281 1182 expromam:
1302 1118 1460 1164 nonnum-

264 1226 361 1291 quam
384 1205 550 1270 contrario,
563 1223 666 1269 erroro
689 1205 804 1269 vitioso
827 1203 977 1269 abundat.

307 1311 371 1377 Pro
394 1309 567 1389 περιουσίας
589 1307 822 1394 Harpocration
844 1310 879 1374 in
905 1311 972 1374 auia
994 1307 1087 1375 libris
1110 1307 1300 1384 ΠΑΡουσίας
1319 1314 1463 1396 repperit

264 1438 295 1485 v.
328 1416 554 1496 Παρουσίατ
585 1416 654 1481 οῖντί
685 1419 739 1481 τοῦ
772 1414 1001 1496 περιουσία.
1033 1413 1228 1494 Δημοσίίνης
1259 1417 1289 1480 ἐν
1321 1417 1363 1498 τῷ
1387 1419 1458 1499 περὶ

262 1520 444 1600 σνντιίξευς.
471 1559 515 1571 -
539 1521 591 1587 καί
617 1519 738 1602 Κρσίτης
764 1521 899 1600 Θηρίοις·

628 1625 753 1708 ἔχοντες
777 1629 897 1704 εὔπαίη
919 1627 988 1706 βίον

626 1732 796 1813 παρουσίαν
818 1757 854 1797 τε
876 1732 1057 1816 χρημάτων.

309 1837 385 1906 Sine
408 1839 620 1905 controversia
641 1838 717 1904 libri
740 1841 791 1904 aui
813 1841 895 1905 vitio
914 1840 1063 1925 deoeptua
1082 1844 1147 1904 aot:
1167 1843 1374 1924 nequeenim
1392 1865 1458 1906 τα-

263 1953 358 2025 ρεῖναι
378 1941 537 2032 signifioat
556 1951 821 2030 attonitaeque
841 1945 992 2018 παρουσία
1013 1945 1077 2011 dici
1096 1949 1201 2030 potest
1219 1965 1275 2030 pro
1285 1947 1454 2025 περιουσία.

263 2049 363 2136 Saepo
405 2048 690 2136 Harpocrationem
724 2052 858 2116 vitiosae
892 2050 1043 2116 lectiones
1076 2053 1110 2115 in
1145 2049 1300 2116 iooularoa
1334 2072 1455 2118 errores

263 2157 468 2223 induxerunt.
515 2155 618 2222 Nemo
641 2158 709 2220 aina
732 2158 799 2221 rian
821 2155 909 2244 legat
932 2177 1013 2242 qnae
1036 2158 1162 2242 aoripait
1184 2178 1216 2223 ν.
1242 2156 1398 2235 ’Λπρίτυν
1422 2163 1458 2223 et

265 2285 297 2330 v.
322 2261 486 2345 Καιμσίζη,
511 2262 568 2327 ubi
592 2263 727 2328 coniecit
749 2267 848 2344 λητιῖν
871 2268 903 2328 et
925 2259 1088 2344 βλιααζη,
1113 2261 1168 2328 aed
1191 2283 1266 2329 vara
1289 2261 1456 2329 loctio'est

263 2368 430 2450 Παρνίπον
461 2373 492 2434 et
516 2365 705 2450 Κλιαακίζη.
752 2367 845 2449 Παριί
869 2374 902 2435 ot
924 2367 994 2449 περί
1015 2371 1083 2433 iam
1105 2373 1177 2432 tum
1200 2371 1235 2432 in
1258 2364 1356 2435 Oodd.
1381 2388 1456 2435 oon-

261 2475 483 2540 fnndebantur.
515 2474 579 2540 vid.
610 2473 799 2560 Harpocrat.
824 2496 855 2540 v.
881 2475 1057 2556 Περίτασις.
1104 2473 1234 2539 Fafellit
1254 2474 1341 2540 idem
1364 2495 1455 2541 mon·

260 2580 339 2646 dnm
358 2579 487 2644 Aelium
507 2578 701 2666 Dionysium
721 2579 751 2644 ἐν
771 2587 834 2654 τοῖς
847 2583 1003 2652 Ἀττικοῖς
1015 2579 1186 2658 Ὀνίμασιν
1197 2579 1282 2666 apud
1292 2579 1448 2644 Photium

260 2708 293 2752 v.
323 2685 546 2764 Παρουσίατ
569 2683 702 2763 λέγεται
726 2682 819 2758 οὕτως
843 2686 893 2752 ἐπί
917 2695 974 2762 τῆς
996 2691 1055 2753 τοῖν
1080 2686 1235 2766 παρίντισν
1258 2686 1447 2765 δαψιλείας,

260 2794 299 2866 οῖς
322 2791 374 2858 καί
400 2792 430 2856 ἐν
450 2791 493 2872 τῷ
516 2789 682 2865 Πλοίτισνος
706 2790 825 2858 Φσίυνι·

577 2899 615 2972 ὥς
638 2896 690 2963 καί
715 2903 765 2963 νῦν
789 2896 903 2978 ἔχομεν
928 2899 1107 2978 παρουσίας.

260 3005 313 3072 καί
338 3004 418 3071 πολύ
441 3003 502 3072 ἕσιν
527 3003 577 3068 ἐπὶ
600 3004 709 3070 τούτου
733 3005 807 3085 παρ’
831 3007 937 3078 αὐτοῖς
964 3005 1061 3093 (mala
1084 3007 1248 3094 corrigunt
1264 3004 1446 3092 Ἀττικοῖς).

261 3112 365 3179 Nemo
395 3131 550 3195 umquam
582 3130 618 3176 ao
646 3131 739 3176 sonan
762 3115 819 3176 ant
845 3111 929 3177 dixit
951 3117 1007 3176 ant
1030 3111 1134 3177 dicero
1156 3114 1263 3198 potnit
1284 3111 1448 3193 παρουσία.

260 3217 354 3284 Plato
374 3212 524 3283 Comicus
547 3215 686 3282 dixerat:

578 3325 616 3396 ὥς
640 3321 693 3388 καί
717 3327 768 3388 νῦν
792 3321 907 3406 ἔχομεν
930 3324 1112 3404 περιουσίας.

252 3453 312 3518 pro
339 3427 492 3516 praeacuti
521 3429 623 3514 οσρῖσ,
655 3433 693 3494 nt
721 3429 1083 3515 pseudoDomoathenaa
1111 3433 1150 3503 οῖς
1179 3427 1314 3509 ἕκσίτεροι
1336 3426 1447 3510 χρείας

260 3537 313 3603 καὶ
346 3535 519 3617 περιουσίας
550 3532 676 3617 ἔχομεν.
724 3534 835 3632 Ipsina·
858 3535 1008 3624 Dionysii
1030 3556 1168 3602 errorem
1193 3555 1259 3600 osae
1282 3536 1448 3619 aequantia

260 3644 487 3711 demonstrant.
535 3639 598 3707 Sed
621 3639 661 3707 ad
682 3643 856 3709 orationem
880 3648 1032 3709 revertor.

305 3746 464 3815 Continuo
494 3749 654 3834 sequitur:
685 3748 746 3826 tyb
776 3746 808 3813 δὲ
838 3752 928 3814 τοῦτο
959 3748 1016 3827 μὲν
1049 3747 1114 3814 οὔτ’
1149 3747 1188 3814 ἂν
1219 3745 1449 3826 εἰσηγησαίμην

259 3857 324 3924 οὔτ’
348 3854 387 3921 ῖιν
411 3853 469 3942 (sio
491 3851 527 3939 S)
552 3851 736 3932 οίντείπσιρηι.
752 3855 804 3936 [ὠς
828 3856 862 3920 οὐ
885 3855 935 3920 δεῖ
955 3852 1166 3939 inuadunt
1188 3860 1323 3932 παραινῶ
1342 3849 1447 3931 μέντοι

259 3969 384 4031 σκοπεῖν
414 3959 467 4025 καί
498 3955 675 4038 λογίζεσθαι
707 3961 780 4039 πρὸς
812 3961 895 4038 ὑμεῖς
928 3960 1042 4034 αὐτοὺς
1066 3958 1111 4028 ὅτι
1135 3961 1297 4041 τοίρνιίριον
1320 3958 1378 4036 μέν
1400 3957 1449 4027 ἕςι

259 4074 369 4140 τοῦτο,
401 4064 468 4148 περί
499 4068 574 4152 (non
606 4064 692 4153 ὑπέρ)
722 4061 758 4131 οὗ
783 4067 990 4145 βουλεύεσίε,
1015 4069 1138 4150 μικρόν,
1164 4068 1199 4133 τδ
1224 4065 1250 4130 δ’
1273 4064 1336 4138 ἔίος
1358 4063 1450 4143 μέγα

259 4173 273 4242 ὃ
305 4174 452 4254 γίγνεται
484 4172 569 4250 μετὰ
600 4172 718 4238 τούτου.
768 4170 844 4240 Sine
876 4194 967 4239 mora
998 4173 1068 4240 dola
1091 4173 1266 4239 absurdum
1289 4170 1452 4237 emblema

259 4284 299 4353 ὡς
330 4281 362 4346 οὒ
390 4280 439 4344 δεῖ
466 4277 652 4357 λαμβάνειν.
699 4279 771 4345 Ηοο
801 4301 905 4344 unum
936 4279 1043 4346 deerat
1065 4285 1104 4346 nt
1125 4284 1197 4365 post
1219 4275 1450 4355 εἰσηγησαίμην

259 4405 384 4480 quoquo
407 4383 554 4450 additum
577 4390 658 4451 assat
680 4387 719 4458 νίς
743 4385 792 4452 δεῖ
810 4384 1000 4466 λαμβάνειν.
