3392 5186
821 345 823 350 '
887 335 951 404 360

316 551 389 598 mm
413 535 461 598 est
475 527 645 614 praecentis
667 529 820 614 temporis
841 548 899 614 pro
923 525 1112 608 ὁρμώμενος,
1135 524 1240 590 veluti
1259 536 1296 593 P.
1319 524 1396 594 738.
1417 530 1450 592 et
1469 535 1512 592 Φ.

321 635 372 702 14.
397 641 456 717 πῦρ
481 672 500 684 -
520 633 640 715 ὄρμενον
671 631 835 714 ἐξαίφνης,
869 639 901 698 et
931 643 972 697 Λ.
999 631 1074 698 326.
1099 628 1196 695 πάλιν
1221 629 1351 712 έρμένω,
1375 637 1409 696 et
1432 629 1512 698 572.

317 741 430 823 ίρμενα
461 738 592 821 πρόσσω.
642 739 693 804 sic
725 739 875 820 δέχμενος
900 760 1025 824 qnoque
1048 738 1211 803 Homerus
1236 739 1360 806 dixerat
1384 743 1515 824 quotics

318 851 474 914 sententis
493 869 633 930 ρνοοεοοω
656 850 783 930 tempus
803 845 972 911 manifesto
991 847 1142 930 requirit,
1163 845 1265 910 veluti
1282 845 1366 911 Iliad
1380 857 1413 910 B.
1431 844 1510 912 794„

499 947 530 1025 ὃς
554 951 662 1033 Τρώων
687 949 799 1023 σκοπὸς
824 948 867 1030 ίζε
890 989 931 1000 -

499 1057 649 1137 δέχμενος
672 1054 789 1121 έππέσε
814 1061 927 1138 ναῦφιν
951 1057 1155 1139 ἀφορμηθεῖεν
1178 1056 1319 1138 Ἀχαιοί.

320 1171 352 1232 et
374 1175 398 1229 1.
425 1162 502 1228 191.

523 1265 700 1348 Πάσροκλοε
727 1305 768 1316 -
1041 1263 1094 1342 ἥεο
1115 1275 1213 1349 σιωπῇ

522 1373 673 1454 δέχμενος
696 1373 845 1447 Αἰακίδην
869 1372 960 1438 έπέπε
985 1371 1103 1449 λέξειεν
1125 1372 1244 1438 ἀείδων.

320 1481 450 1548 sedebat
468 1483 602 1564 uterque
621 1486 790 1563 eccpectans
810 1479 1088 1560 (προσδεχόμενος,
1112 1479 1303 1560 προσμένων,
1329 1477 1514 1564 προσδοκῶν)

319 1588 400 1654 ulter
420 1587 498 1652 dum
517 1585 624 1650 hostes
643 1585 845 1659 advenirent,
866 1584 946 1650 elter
969 1585 1047 1649 dum
1066 1584 1209 1650 Achilles
1228 1585 1344 1650 feceret
1364 1585 1515 1650 nectendi

318 1691 427 1758 finem.
472 1689 650 1776 Utrobique
673 1690 882 1771 προσδοκήσας
908 1711 982 1754 cum
1006 1694 1163 1778 sententie
1186 1699 1321 1778 pugnat.
1354 1689 1516 1756 Similiter

323 1810 361 1865 Σ.
387 1797 464 1864 524.

457 1901 507 1967 δύο
530 1901 635 1968 σκοποί
658 1898 742 1966 είαπο
756 1939 797 1950 -
811 1898 954 1981 δέχμενοι
978 1901 1097 1966 δππίσε
1120 1909 1211 1980 μῆλα
1235 1902 1372 1968 ειδοίασο.

321 2013 409 2077 etin
433 2006 546 2097 Odyss.
576 2032 603 2074 ν.
629 2006 706 2073 385.

672 2111 796 2193 πατέρα
820 2111 1032 2194 προσεδέρκετο
1050 2111 1205 2195 ,δέχμενος
1228 2115 1292 2178 αίεί

502 2221 621 2286 έππδπε
645 2219 680 2294 δη
704 2227 868 2299 μνηςῆρσιν
891 2219 1029 2284 ἀναιδέσι
1051 2228 1163 2302 χεῖρας
1189 2221 1309 2302 ἔφησεν.

321 2328 377 2393 ubi
400 2325 453 2393 vel
484 2326 547 2391 αίεί
578 2324 724 2391 additum
742 2325 912 2409 praecentis
935 2329 1088 2410 temporis
1111 2328 1273 2391 notionem
1296 2329 1404 2413 arguit
1462 2325 1515 2392 Si·

321 2432 444 2497 militer
464 2433 499 2495 in
522 2433 716 2514 compositis.
754 2430 845 2496 Iliad.
871 2440 909 2494 H.
935 2430 1011 2496 415.

434 2528 461 2600 cl
485 2536 512 2600 δ’
537 2533 604 2600 ἕατ’
627 2536 657 2598 έν
680 2537 777 2618 ἀγορῇ
802 2574 844 2586 -
869 2536 1083 2616 ποσιδέχμενοι
1108 2538 1220 2603 έππίτ’
1244 2536 1290 2619 ἀρ’
1314 2535 1391 2603 enoc

783 2679 789 2696 ·
854 2642 973 2715 Ἰδαῖος.

323 2756 355 2817 et
379 2759 404 2814 Ι.
430 2745 508 2816 628.

640 2851 671 2920 ol'
687 2875 745 2920 που
769 2858 819 2920 νῦν
843 2852 935 2921 ἕαται
960 2855 1186 2937 ποπιδέχμενοι.

323 2967 355 3027 et
372 2969 409 3027 K.
423 2958 499 3026 123.

457 3066 532 3132 ἀλλ’
555 3067 611 3145 ε’μέ
633 3069 662 3132 π’
687 3063 820 3147 είσορέων
841 3067 893 3132 καί
917 3067 992 3144 έμίρν
1016 3068 1237 3148 ποσιδέχμενος
1263 3070 1365 3150 ὁρμήν.

260 3251 267 3260 ,
320 3173 377 3239 ubi
407 3193 508 3259 neque
538 3173 652 3238 εἰσιδών
683 3194 785 3258 neque
816 3171 1059 3254 προσδεξάμενος
1090 3175 1186 3241 hebet
1216 3174 1334 3239 lorum.
1388 3172 1512 3239 llcdem

321 3279 416 3345 modo
440 3279 649 3360 ὑποδέχμενοσ
666 3279 838 3364 praecentis
860 3283 1013 3366 temporis
1038 3283 1142 3346 estin
1165 3279 1276 3368 Odyss.
1303 3289 1343 3346 N.
1370 3277 1446 3344 310.

1070 3388 1157 3452 ἀλλά
1182 3395 1279 3468 σιωπῇ

456 3490 594 3572 πάσχειν
619 3489 726 3567 cinyra
751 3491 857 3556 πολλοὶ
877 3490 953 3568 βίαι
979 3491 1186 3573 ὑποδέχμενος
1212 3493 1332 3571 ἀνδρῶν.

322 3603 354 3664 et
377 3609 416 3664 Π.
443 3596 518 3663 189.
566 3595 723 3661 Omnibus
753 3595 804 3660 hie
835 3597 929 3675 locis,
963 3602 995 3662 et
1025 3596 1104 3662 alibi
1131 3601 1268 3683 passim,
1293 3600 1327 3662 in
1350 3596 1442 3662 libris
1466 3602 1516 3662 est

321 3705 487 3787 δέγμενος,
519 3701 756 3778 ποτιδέγμενος,
788 3701 992 3782 ὑποδέγμενος
1024 3703 1062 3768 sb
1094 3703 1249 3782 ἐδέγμην,
1281 3708 1319 3767 ut
1349 3705 1384 3767 in
1406 3703 1514 3770 verbis

322 3807 471 3898 Cyclopis
494 3805 607 3895 Odyss.
633 3817 657 3872 1.
686 3805 763 3873 513.

479 3917 556 3980 ἀλλ’
582 3917 643 3982 αίεί
666 3939 735 3980 τινα
759 3918 852 3998 φῶτα
874 3915 980 3995 μέγαν
1005 3915 1058 3982 καί
1082 3917 1177 3982 καλὸν
1202 3915 1337 3995 ἐδέγμην

481 4019 577 4086 ένέάδ’
601 4022 789 4089 ἐλεύσεσθαι.

320 4127 426 4192 idest
457 4126 680 4206 reccidissent,
713 4132 746 4193 et
778 4127 850 4193 eliis
873 4126 961 4193 locis.
1008 4127 1158 4194 Indicabo
1181 4149 1264 4193 nunc
1287 4127 1407 4192 formae
1432 4129 1515 4192 nnti-

321 4252 402 4316 quee
425 4230 575 4316 reliquias
604 4233 756 4318 quasdem
781 4239 812 4298 et
835 4235 985 4320 vestigia.
1032 4233 1214 4320 Hesychius
1245 4235 1385 4299 servarit
1410 4231 1513 4312 Δέχ-

321 4355 456 4415 μενοςτ
481 4338 743 4423 προσδεχόμενος,
765 4339 817 4404 sed
838 4338 924 4404 idem
941 4344 1012 4423 post
1028 4358 1146 4425 peuce:
1172 4352 1198 4404 Δ
1210 4340 1401 4419 έγμενοςτ
1423 4360 1515 4417 προσ-

321 4439 516 4526 δεχόμενος,
546 4445 738 4526 προσμένων,
777 4444 905 4510 exhibet
944 4445 1166 4531 duplicemque
1205 4444 1284 4510 olim
1320 4445 1513 4532 scripturam
