3410 5180
744 369 810 440 463

179 569 360 642 σωφρονεῖτε
385 564 436 631 vel
460 563 499 628 aia
522 567 694 644 σωφρονῆτε
719 565 831 647 suapte
853 566 969 628 natura
988 583 1063 628 oum
1074 573 1193 652 sutoro
1213 563 1374 649 componi·

179 675 248 749 tur,
279 681 316 736 ut
346 673 381 738 in
411 672 531 738 vicinia
553 689 628 756 psg.
653 665 707 734 72.
731 666 786 734 20.
819 662 920 747 ύςερον
943 667 1170 748 βουλεύσεσθε,
1193 670 1231 738 ἂν
1256 675 1374 751 σοοΦρο-

179 785 268 862 ννῑτε,
291 782 324 844 et
346 778 521 844 sexcenties
543 774 633 842 alibi.
659 774 699 840 cf.
723 774 802 840 Non.
824 773 918 840 hecti.
943 794 1017 864 pag.
1044 775 1123 844 523.

225 986 365 1054 Evidens
398 993 432 1052 et
463 987 665 1073 perinapium
698 982 859 1050 emblema
887 1004 920 1069 p.
953 982 1007 1051 77.
1039 983 1094 1052 28.
1126 992 1184 1052 τῶν
1218 986 1374 1064 διοικήσειν

188 1091 391 1182 [μελλόντων]
420 1129 462 1140 -
488 1091 729 1175 ὑπεσχημένων,
754 1091 900 1155 omnium
923 1109 1075 1158 consensu
1099 1090 1250 1160 Reiskius
1270 1095 1374 1160 eiecit.

183 1197 289 1285 Stipes
320 1219 381 1265 non
405 1198 488 1265 vidit
513 1197 670 1273 διοικήσειν
695 1195 918 1278 ὑπεσχημένων
941 1217 1008 1262 esse
1032 1201 1200 1266 coniuncte
1222 1205 1255 1266 et
1277 1197 1376 1264 stulto

183 1306 318 1370 inseruit
348 1305 433 1390 quod
462 1306 496 1368 in
527 1305 660 1370 buccam
683 1303 773 1370 venit
794 1300 981 1380 μελλόντων.
1031 1302 1149 1372 Omnes
1171 1311 1279 1372 tamen
1301 1303 1377 1370 libri

185 1415 217 1477 et
239 1409 263 1476 8
286 1411 345 1478 hac
367 1409 495 1478 macula
518 1410 629 1477 iniecti
651 1416 737 1475 sunt.

228 1619 309 1706 Peg.
343 1618 396 1688 79.
428 1617 485 1686 20.
518 1618 573 1702 ἐφ’
607 1622 679 1696 ύμῖν
702 1621 765 1699 γὰρ
790 1612 823 1692 ἦν
848 1620 865 1694 7
889 1619 1067 1686 Μακεδονία
1092 1620 1144 1685 καὶ
1168 1620 1277 1704 φόρους
1303 1624 1375 1700 ύμῖν

186 1721 300 1808 ἔφερον.
349 1724 435 1814 Lege
467 1727 541 1807 ’Ὑφ’
573 1730 657 1804 ύμῖν.
705 1724 831 1790 Passim
862 1724 939 1791 haec
970 1730 1094 1812 praeter
1124 1728 1287 1814 scriptoris
1309 1748 1377 1794 sen-

185 1831 321 1897 tentiam
353 1832 474 1898 scribas
496 1831 702 1898 confundunt.
749 1829 848 1898 Recte
871 1831 1023 1898 scribitur
1043 1853 1115 1920 pag.
1144 1831 1217 1899 104.
1246 1834 1297 1901 17.
1323 1832 1377 1916 ὑφ’

186 1937 289 2018 αύτῷ,
314 1949 347 2004 σι
368 1941 488 2024 passim
512 1939 567 2016 ὑφ’
591 1937 674 2018 αύτῷ
699 1937 858 2002 τοιεῑσόαι.
905 1934 1061 2032 Peccatnr
1083 1938 1195 2004 eodem
1218 1939 1314 2006 modo
1341 1941 1377 2004 in

185 2042 208 2110 S
227 2065 259 2130 p.
281 2043 358 2112 147.
378 2041 434 2112 27.
453 2043 527 2126 Ἐφ’
548 2045 631 2125 αύτῷ
651 2042 853 2119 τοιύσαούαι,
875 2043 1045 2110 emendate·
1059 2047 1175 2110 caeteri
1193 2045 1376 2126 ’Ὑφἀὑτῷ.

230 2253 313 2343 Peg.
342 2251 398 2320 80.
422 2252 477 2320 23.
500 2253 593 2317 ταῦτ’
617 2247 665 2318 οὖν
687 2251 777 2318 οἴεσθ’
803 2251 842 2316 oia
866 2254 1019 2318 Φόλιπτον
1043 2254 1171 2334 ἀξιῶσαι
1197 2255 1279 2333 ease
1301 2279 1377 2334 ony-

185 2369 327 2442 χωρῆσαι
350 2361 434 2442 αύτῷ
458 2361 484 2424 εἷ
505 2360 549 2437 μὴ
570 2357 652 2435 ύμῶυ
672 2359 729 2436 μὲν
749 2358 951 2446 κατεφρόνει,
971 2356 1019 2432 οὓς
1039 2363 1066 2426 δ’
1087 2361 1189 2428 όνόόδε
1210 2365 1377 2446 noiomo

186 2467 297 2548 φίλους
327 2469 493 2542 κεκτῆσθαι
524 2467 642 2534 τούτοις
673 2464 875 2538 ΔΙετίτευευ;
905 2464 1098 2534 Mendosum
1129 2473 1178 2533 est
1211 2466 1380 2538 διετίτευεν

187 2579 219 2641 et
248 2573 308 2640 hoc
337 2573 408 2640 loco
430 2577 463 2641 ei
486 2593 561 2662 pag.
588 2570 665 2637 145.
690 2569 722 2636 2.
747 2570 899 2649 βασιλεὺς
925 2572 956 2638 δὲ
980 2571 1050 2638 καό’
1075 2573 1167 2638 αύτόν
1189 2574 1246 2653 μὲν
1271 2574 1379 2653 ὁμοίως

186 2677 306 2756 ύτατιν
325 2679 435 2752 ἄτιτος
457 2675 511 2766 ἦν,
531 2680 601 2751 τοὺς
623 2679 653 2743 n
675 2677 896 2760 κρατουμένους
916 2678 959 2760 τῷ
980 2679 1108 2761 τολέμιρ
1127 2680 1380 2760 τροσλαμβόνων

187 2785 263 2869 ἄχρι
285 2781 320 2851 ού
339 2794 403 2858 τοῖς
427 2783 535 2865 ἑτέροις
560 2785 595 2863 ἐξ
618 2786 683 2850 icoo
702 2785 838 2858 ντοιύσΛΙ
861 2786 1083 2863 ΔΙετισεύετο,
1104 2784 1202 2852 ἔπειτ’
1216 2789 1276 2867 οὐχ
1289 2785 1380 2866 ἦττον

187 2892 280 2958 αύτόν
312 2891 434 2968 ἐμίσουν
464 2891 513 2963 οὓς
541 2891 647 2954 τύσειε
670 2895 728 2956 τῶν
753 2890 952 2971 ὑπαρχόντων
976 2892 1090 2974 ἐχθρῶν
1114 2890 1148 2970 ἐξ
1172 2895 1283 2975 ἀρχῆς.
1331 2892 1380 2959 Ex

188 2995 303 3066 Graeci
325 2999 479 3064 sermonis
501 2995 649 3084 analogia
669 2995 835 3065 διατιεεύω
859 2995 933 3082 plus
955 3003 1004 3063 est
1027 3017 1124 3082 qnam
1144 3001 1258 3068 τιεεύω
1278 3005 1381 3066 notata

188 3125 249 3190 que
279 3110 387 3169 οσοίοοιο
418 3124 455 3169 ac
471 3107 646 3188 perpetuam
669 3099 782 3167 fidem:
808 3102 822 3166 ό
846 3101 978 3170 τιςεύων
1001 3102 1088 3166 habet
1099 3104 1216 3186 fidem,
1243 3105 1257 3170 ό
1278 3105 1381 3171 διατι-

187 3212 281 3280 τεύων
311 3209 354 3274 σύ
380 3217 538 3276 extremum
569 3205 666 3273 fidem
696 3213 818 3274 servat:
851 3209 960 3292 itaque
994 3207 1169 3274 absurdum
1204 3215 1253 3277 est
1285 3208 1382 3294 μέχρι

188 3316 266 3388 τινὸς
302 3317 514 3383 ΔΙΑτοεεύειν
546 3317 578 3382 ei
609 3315 715 3399 inopie
746 3313 864 3379 dicitnr
884 3311 959 3394 ἄχρι
984 3309 1020 3380 ὀύ
1041 3321 1104 3388 τοῖς
1129 3315 1237 3397 ἑτέροις
1262 3314 1296 3394 ἐξ
1318 3315 1382 3383 ἴσον

189 3423 326 3497 τοιύσΑΙ
359 3421 585 3499 ΔΙετιτεύετο,
618 3419 674 3488 sed
706 3421 778 3504 qnis
800 3438 864 3484 non
886 3420 998 3484 statim
1021 3419 1111 3488 videi
1134 3421 1292 3490 ἐτιτεύετο
1317 3443 1384 3488 esse

190 3527 364 3616 legendnm
394 3533 427 3594 et
454 3537 499 3592 Al
524 3547 564 3594 ex
588 3535 631 3592 Al
654 3525 860 3611 praecedente
883 3523 1082 3592 adhaesisse?
1128 3527 1165 3592 In
1188 3527 1291 3613 priore
1314 3527 1383 3594 loco

190 3633 365 3699 secundnm
395 3635 539 3700 Atticam
567 3633 830 3718 compositionem
860 3639 916 3695 Ae
940 3633 974 3696 in
996 3631 1126 3718 epodosi
1149 3639 1197 3699 est
1219 3633 1382 3720 duplican-

191 3737 287 3803 dum:
318 3735 369 3813 οὓς
396 3741 423 3804 δ’
446 3737 549 3804 ἒνόόδε
573 3739 738 3822 τρούριρται
761 3738 873 3818 φόλους
897 3738 1062 3812 κεκτῆσθαι
1095 3738 1213 3811 τούτοις
1242 3740 1282 3803 Δ’
1314 3739 1383 3806 ἐτό-

190 3868 286 3913 τευεν.
333 3841 509 3910 Subiiciam
540 3842 626 3909 locos
656 3842 808 3928 quosdam
835 3843 1060 3911 Demosthenis
1079 3846 1135 3910 nbi
1157 3847 1236 3912 haec
1258 3845 1385 3918 dicendi

194 3948 388 4017 consuetudo
411 3951 576 4036 perspicue
599 3955 746 4034 apparat:
771 3969 844 4037 ρος.
870 3946 947 4014 100.
971 3947 1025 4015 21.
1046 3950 1196 4036 (repetite
1217 3950 1293 4018 135.
1316 3951 1384 4039 17.)

192 4061 251 4122 τῶν
283 4055 340 4134 μὲν
370 4055 400 4120 όν
432 4055 539 4139 Θρᾴκη
561 4060 662 4120 κακῶν
686 4091 728 4104 -
754 4054 867 4120 τούτων
890 4063 987 4120 ΜΕΝ
1011 4056 1181 4133 ἐπιθυμεῖν.
1206 4077 1279 4144 pag.
1309 4057 1384 4125 113.

190 4161 245 4230 29.
277 4153 304 4227 οἳ
333 4163 480 4239 ἕτοόιρσαν
511 4159 570 4241 μέν
592 4195 636 4208 -
660 4158 783 4234 τούτους
816 4168 923 4226 ΜΕΝ.
955 4181 1029 4248 peg.
1054 4159 1132 4228 217.
1156 4160 1188 4229 2.
1213 4161 1385 4243 λιμένα

194 4307 236 4318 -
259 4273 350 4335 τοῦτο
381 4275 476 4334 ΜΕΝ
498 4303 565 4346 -,
595 4266 649 4331 ἐὰν
680 4264 713 4331 δέ
742 4289 771 4332 τι
797 4303 838 4314 -
863 4270 953 4331 τοῦτο
986 4275 1053 4333 ΔΕ.
1083 4289 1160 4356 pag.
1193 4267 1290 4335 1182.
1331 4269 1384 4338 17.

192 4373 214 4444 ἃ
246 4375 305 4454 μὲν
334 4372 517 4454 ύμολόγιισε
542 4409 583 4422 -
608 4373 722 4437 τούτων
755 4378 850 4438 ΜΘΝ
882 4372 954 4452 μηδ’
978 4372 1075 4439 ότιοῦν
1098 4383 1203 4441 ποιεῖν.
1230 4397 1303 4466 pag.
1330 4376 1385 4446 90.

192 4481 248 4549 20.
279 4478 339 4547 ότα
372 4479 404 4548 δέ
429 4487 471 4531 ’-
495 4478 563 4560 περὶ
596 4479 710 4546 τούτων
742 4486 809 4546 ΔΕ.
840 4498 915 4567 pag.
946 4475 1025 4548 837.
1051 4479 1104 4548 17.
1136 4482 1235 4557 αύτὶιν
1265 4482 1297 4548 δὲ
1330 4487 1387 4560 τόρν
