3392 5186
880 345 946 414 370

613 537 667 612 ἤδη
691 535 754 617 γὰρ
777 534 863 617 dirior
880 532 960 600 Ἧεν
983 533 1033 600 ἐπὶ
1057 533 1175 615 χθόνα,

318 641 372 706 sed
403 645 440 705 tn
470 663 584 709 revoea
610 643 786 730 fugitivam
816 639 982 706 litemlam
1012 661 1048 706 aa
1079 638 1215 704 rescribe
1238 635 1334 702 Ἧῐεν
1358 633 1435 722 (ᾖεν)
1460 635 1518 700 ἐπὶ

317 743 433 825 χθόνα,
458 749 691 834 quodpropter
714 747 763 812 ἐπὶ
787 745 893 830 godus
919 749 993 832 (non
1016 745 1115 829 xdovd
1140 746 1353 810 necessarium
1376 747 1434 808 est.

364 850 498 939 Saepius
517 853 718 920 Aristarchus
737 873 793 940 pro
812 849 861 926 ἦεν
881 855 1023 938 reposuit
1042 849 1111 932 ᾖεν,
1128 848 1231 916 veluti
1250 847 1363 936 Odyss.
1378 859 1416 914 Σ.
1432 848 1518 914 253.

544 951 628 1037 uerri
652 967 731 1024 τοῖσι
755 957 783 1024 δ’
810 959 882 1035 ἐμὸς
907 957 994 1029 πόσος
1019 951 1069 1030 ἦεν
1090 953 1270 1026 Ὀδυσσεύς.

318 1064 374 1128 ubi
397 1064 574 1152 Didymus:
607 1063 671 1146 piar
704 1065 758 1130 σὺν
789 1065 832 1144 τῷ
866 1074 879 1128 1
912 1062 1094 1142 ’Λρίςαρχος
1124 1061 1177 1126 καὶ
1211 1057 1419 1140 Ἀροςοφοὶνης
1442 1060 1518 1124 ἀντὶ

316 1175 370 1234 τοῦ
395 1165 413 1242 ἦ
420 1195 456 1234 εν
479 1173 602 1258 corrige
633 1171 702 1235 cirri
735 1173 789 1235 τοῦ
824 1171 879 1253 ᾔει.
927 1169 1113 1236 Promissus
1136 1168 1221 1253 apud
1244 1167 1423 1234 Homerum
1448 1167 1520 1242 ἤϊεν

314 1281 347 1342 et
370 1273 421 1356 ᾖεν
443 1279 518 1364 poni
540 1276 652 1344 solent.

875 1587 956 1654 LVI.

618 1807 869 1864 xscMoAIAI
895 1835 937 1847 -
960 1813 1223 1862 nnonssasmss.

366 2009 403 2074 In
426 2007 561 2074 Homeri
580 2008 742 2085 versibus,
763 2027 899 2093 quornm
920 2026 1014 2073 nemo
1032 2009 1081 2070 est
1100 2007 1192 2071 testis
1211 2009 1244 2072 et
1263 2015 1372 2075 auctor
1390 2015 1518 2094 praeter

321 2113 452 2181 Oodiees
476 2117 531 2200 qui
554 2113 649 2180 hodie
669 2118 856 2199 supersunt,
877 2131 968 2197 saepe
988 2113 1133 2178 invenias
1151 2113 1308 2179 immanes
1324 2115 1433 2181 hiatus
1452 2137 1517 2182 non

321 2225 485 2286 cantorum
518 2225 665 2286 veterum
695 2221 819 2284 incuria
849 2219 904 2284 aed
936 2217 1113 2283 seribamm
1146 2221 1299 2302 sequioris
1329 2225 1443 2288 aetatis
1467 2243 1517 2288 so-

322 2326 429 2392 cordia
458 2333 549 2393 natos
579 2331 612 2393 et
641 2324 799 2412 probabili
829 2325 1052 2391 emendatione
1082 2325 1310 2405 removendos,
1345 2326 1450 2392 veluti
1480 2331 1516 2394 in

322 2431 414 2497 Iliad.
439 2443 479 2498 Ψ.
506 2431 560 2500 71.

480 2537 579 2602 trima
603 2563 645 2616 με
669 2533 735 2602 irre
760 2536 886 2618 πάχοςα
910 2535 1015 2609 πύλας
1040 2536 1161 2603 'Arriae
1185 2537 1316 2618 περήσω.

319 2645 377 2708 ubi
405 2663 468 2710 non
499 2649 627 2710 tantum
658 2646 795 2730 turpiter
825 2643 916 2708 hiant
948 2645 1077 2708 numeri
1102 2644 1137 2707 in
1162 2667 1204 2721 με
1228 2640 1313 2722 ὅττι,
1335 2645 1389 2710 sed
1413 2639 1517 2713 etiam

323 2751 427 2816 omnis
454 2749 626 2815 verborum
657 2751 845 2834 compositio
876 2747 1043 2814 olandieat.
1093 2747 1177 2828 Quid
1209 2755 1256 2814 est
1284 2752 1368 2815 enim
1392 2753 1518 2830 renisa

324 2859 356 2920 et
378 2853 462 2920 unde
482 2853 620 2941 pendet?
654 2855 784 2941 Optime
807 2856 915 2920 omnia
938 2871 971 2919 se
995 2854 1159 2920 habebunt
1180 2855 1237 2920 ubi
1265 2859 1454 2922 conareris:

480 2960 580 3026 θαπτε
605 2963 640 3039 μ’
663 2957 774 3028 ὅΠΩΟ
794 2959 930 3034 ”nidera
954 2958 1060 3031 πύλας
1081 2959 1202 3025 ’Aeliae
1225 2963 1354 3041 περήσω.

366 3068 438 3135 Νο11
459 3070 568 3133 minus
590 3066 682 3134 foeda
701 3072 750 3132 est
771 3065 907 3154 vulgata
930 3064 1026 3132 leetio
1049 3064 1163 3154 Odyss.
1188 3083 1218 3132 1.
1247 3066 1322 3134 144.

504 3173 605 3250 errori,
630 3171 726 3250 οοὶοαξ
749 3177 812 3244 πῶς
837 3170 888 3236 κέν
912 3195 952 3249 με
978 3172 1127 3250 ἀναγνοίη
1150 3175 1202 3239 τὸν
1229 3171 1330 3257 ἐόντα.

322 3278 377 3346 sed
399 3278 488 3346 sarili
509 3281 637 3366 negotio
661 3280 872 3343 restituentur
895 3279 1022 3343 numeri
1044 3280 1091 3344 sio

592 3385 731 3456 ὈΠπος
757 3381 791 3448 κέ
815 3386 850 3460 μ’
874 3383 1024 3461 ἀναγνοίη
1051 3385 1103 3450 τὸν
1126 3383 1226 3451 ἐόντα.

366 3489 402 3554 ln
432 3489 544 3555 eodem
571 3487 731 3576 Odysseae
759 3487 842 3554 libro
872 3503 904 3554 λ.
932 3487 985 3554 52.
1011 3510 1074 3557 non
1098 3494 1207 3558 minus
1229 3491 1385 3560 molestus
1407 3493 1522 3562 hiatus

323 3597 428 3662 estin
455 3594 578 3661 verbis:

616 3702 650 3765 οὐ
673 3699 737 3780 γάρ
762 3724 809 3765 πο)
834 3699 986 3766 ἐτέθαπτο
1012 3700 1070 3767 ὑπὸ
1097 3701 1214 3782 χθονός.

321 3827 401 3893 quae
424 3827 515 3872 aures
544 3807 624 3874 ferre
653 3811 786 3894 possunt
816 3809 851 3871 in
873 3806 1067 3872 mollissimo
1088 3811 1229 3875 earmine
1252 3809 1425 3877 Homerioo
1448 3811 1519 3877 ἐτέ-

321 3915 421 3978 θαπτο
445 3911 524 3978 ordi
559 3913 644 3994 Quid
666 3911 791 4002 igitur?
826 3913 955 3999 Rspone
977 3917 1243 4001 praepositionem
1264 3919 1298 3982 in
1321 3916 1381 3983 tali
1398 3939 1434 3984 re
1451 3922 1522 3985 nsi·

324 4025 442 4087 tetam:

572 4127 606 4190 οὐ
627 4123 691 4205 γάρ
716 4150 763 4191 πω
788 4126 940 4192 ἐτέθαπτο
967 4135 1083 4192 ΚΑΤΑ
1107 4127 1223 4208 χθονός.

323 4237 355 4298 et
377 4251 428 4300 res
450 4229 540 4304 selva
562 4233 632 4300 erit
