3404 5192
787 357 855 428 263

452 551 485 616 νθ
510 549 572 630 γὰρ
595 549 702 632 σφῷν
725 573 766 626 γε
789 545 877 627 γένος
901 548 1049 616 θπθλωλε
1073 552 1195 626 τοκήων.

226 659 410 722 annotatur:
441 655 535 735 χωρὶς
558 659 612 720 τοῦ
636 664 650 720 Ι
676 657 694 731 i
719 657 845 734 σφῶν,
871 656 909 727 ὥς
935 653 1120 738 Ἀρίςνιρχνς
1147 695 1189 706 -
1214 656 1354 730 ἐπίτηδες
1380 657 1412 722 δὲ

227 759 411 842 Ἀρθςνιρχος
437 761 642 832 ἀθετουμένων
666 766 725 824 τῶν
749 759 846 840 ςθχων
870 759 922 824 καὶ
948 759 1021 825 ἄνευ
1045 767 1097 825 τοῦ
1121 772 1134 826 Ι
1155 761 1241 826 rinos
1261 766 1316 834 την
1334 786 1411 842 ype-

225 868 288 950 Φην
318 865 367 932 iun
398 868 562 932 καὶτοῦτο
588 865 659 945 πρὸς
683 865 737 938 την
761 865 903 938 ἀθέτησιν
927 865 1090 946 annilina
1138 869 1311 933 Aristonici
1333 867 1411 932 haec

225 978 309 1038 sunt.
375 971 536 1059 Didymus
570 971 676 1037 addit:
713 971 925 1050 πρνηθετνῦντν
960 972 1012 1036 καὶ
1049 973 1135 1053 παρὰ
1170 973 1321 1055 Ζηννθθτῳ
1356 975 1410 1038 nni

225 1076 434 1161 Ἀρνςνφνθνεν.
468 1077 505 1143 ro'
535 1101 570 1142 rr
598 1076 661 1157 γὰρ
696 1084 833 1167 ΟΦΩΙΝ
867 1079 928 1157 οὐχ
962 1083 1133 1157 Ὁμηρικῶς
1168 1077 1411 1158 μοννσνλλθβως

225 1184 369 1265 ἐξηνέχθη
394 1181 412 1250 i
433 1207 467 1248 τε
491 1180 612 1256 innuere
637 1187 696 1247 τῶν
719 1181 789 1248 νέων
812 1183 866 1247 οὐκ
889 1184 1075 1259 tralleon.
1123 1183 1161 1250 In
1183 1186 1234 1250 his
1257 1186 1340 1272 quod
1361 1184 1412 1250 fir·

225 1291 409 1354 missimum
434 1294 663 1376 argumentum
691 1307 758 1352 esse
780 1287 909 1354 videtur
930 1287 1111 1354 invalidum
1135 1296 1199 1356 est:
1224 1293 1251 1355 si
1274 1294 1359 1372 σφῶΐ
1380 1295 1413 1356 et

226 1399 282 1460 νῶϊ
310 1395 452 1461 Homero
482 1400 516 1460 et
546 1393 615 1477 σφῴ
647 1398 679 1460 et
702 1389 738 1473 νςθ
762 1398 934 1479 potuerunt
955 1414 1083 1471 sonare,
1107 1398 1178 1481 quis
1199 1416 1294 1462 sanus
1316 1402 1413 1484 negot

226 1500 335 1566 eodem
366 1502 435 1566 iure
462 1501 567 1579 σφῶϊν
589 1501 624 1563 in
648 1499 735 1579 σφῷν
759 1499 902 1564 contrahi
925 1497 1085 1584 potuisse?
1108 1503 1142 1565 in
1163 1505 1252 1568 tanta
1275 1523 1411 1588 praeser-

225 1607 286 1670 tim
309 1605 540 1671 eiusdemmodi
563 1604 647 1690 apud
670 1604 850 1670 Homerum
874 1604 1067 1685 σννηηέσεων
1089 1607 1274 1692 frequentia.
1299 1607 1411 1674 Sintne

225 1715 334 1776 autem
356 1718 420 1776 tres
441 1731 569 1780 versus,
591 1730 670 1796 quos
689 1712 834 1775 unanimi
854 1729 1004 1775 consensu
1023 1715 1087 1777 tres
1107 1709 1220 1779 Oritici
1239 1713 1409 1792 ὠβέηνσννν,

226 1816 458 1882 accommodati
490 1816 529 1881 ad
551 1814 614 1880 loci
636 1820 784 1880 naturam
809 1821 841 1880 et
864 1823 1091 1902 argumentum
1115 1838 1155 1882 an
1176 1839 1239 1883 non
1261 1822 1325 1884 sint
1347 1819 1411 1885 aliu

225 1924 367 2006 quaestio
399 1927 447 1987 est
475 1924 522 1987 ita
552 1923 719 1987 coniuncta
749 1941 824 1986 cum
854 1923 1006 2006 cuiusque
1036 1926 1192 1989 sententia
1226 1925 1264 1990 de
1293 1926 1409 1992 horum

224 2029 404 2092 carminum
434 2029 558 2115 origine
588 2030 620 2092 et
651 2027 885 2092 conservatione
916 2033 949 2092 et
978 2031 1223 2112 compositione,
1249 2035 1287 2095 ut
1308 2033 1409 2098 satius

225 2135 268 2198 sit
289 2134 370 2198 hanc
393 2134 640 2199 controversiam
664 2152 783 2198 exano
807 2135 921 2218 cuique
943 2133 1061 2198 iudicio
1085 2134 1297 2202 dirimendam
1315 2135 1409 2202 relin-

223 2259 335 2325 quere,
366 2241 476 2325 itaque
504 2241 544 2311 ὡς
575 2236 685 2312 iunceo
716 2237 824 2303 inuria
854 2239 948 2304 πεθθεν
980 2236 1072 2313 οὕτως
1107 2240 1225 2320 έχέτω·
1259 2241 1311 2306 τὸν
1346 2243 1409 2323 γὰρ

223 2343 429 2423 invenirem
460 2343 513 2410 nal
538 2347 756 2427 Φνλνννκοῦντνν
778 2344 890 2408 πείθειν
914 2342 945 2409 έν
966 2367 1004 2422 γε
1029 2351 1093 2418 τοῖς
1112 2347 1256 2420 resoluere
1277 2352 1408 2430 μηχανή

223 2448 286 2519 iser
308 2451 447 2530 οὐδεμίαν.

788 2763 842 2834 IV.

705 2984 920 3040 ΔΙΓΑΜΜΑ.

267 3187 401 3254 Homeri
433 3185 541 3251 Editio
572 3204 592 3248 a
621 3183 765 3249 Bellero
797 3190 906 3250 curata
936 3184 1062 3250 Bonnae
1094 3179 1183 3248 1858
1214 3205 1407 3272 quamquam

222 3293 412 3382 languidum
436 3311 471 3357 oc
491 3290 588 3356 senile
608 3310 704 3375 opus,
726 3290 786 3356 hoc
805 3297 913 3355 tamen
930 3289 1027 3355 habet
1045 3295 1168 3374 practer
1190 3295 1312 3356 caetera
1335 3294 1408 3360 boni

225 3407 260 3467 ut
289 3402 454 3486 antiquam
484 3397 615 3484 linguae
643 3396 833 3463 Homericae
862 3396 991 3461 literam
1022 3405 1049 3461 F
1073 3403 1245 3480 „poalquon
1267 3405 1409 3466 vetustate

222 3519 252 3572 et
281 3505 462 3589 negligentia
483 3503 619 3588 perierat
635 3502 822 3566 admirabili
851 3501 987 3566 Bentleii
1014 3501 1177 3582 rapacitate
1204 3502 1240 3564 ab
1262 3503 1410 3569 obliuione

221 3610 418 3678 vindicataffl
442 3629 481 3676 ex
504 3608 600 3696 longo
624 3607 720 3674 exilio
741 3607 870 3673 tandem
894 3610 928 3672 in
949 3603 1123 3673 Homerico
1145 3609 1285 3680 carmina
1308 3608 1409 3674 idest

221 3721 256 3784 in
286 3720 448 3802 antiquam
479 3717 617 3801 patriam
646 3713 808 3779 reduxerit
839 3733 913 3778 oum
944 3712 1122 3778 incredibili
1147 3717 1179 3776 et
1201 3716 1354 3778 sermonis
1376 3721 1409 3780 et

221 3825 317 3890 metri
343 3821 509 3888 Homerici
532 3818 758 3884 emolumento.
805 3814 907 3883 Caute
930 3818 1103 3884 admodum
1126 3821 1158 3882 et
1181 3819 1408 3904 circumspecte

221 3929 385 3995 Bcklrerus
415 3929 449 3990 in
480 3946 517 3990 ea
545 3945 579 3990 re
608 3929 753 3990 versatus
783 3929 846 3992 est.
880 3923 934 3989 sed
963 3925 1064 3988 satius
1087 3927 1134 3986 est
1156 3925 1263 4006 ipsum
1288 3923 1407 3990 audire.

223 4036 365 4114 „Reduci
395 4033 557 4114 digamma,
589 4032 710 4114 inquit,
742 4031 796 4092 red
825 4035 966 4114 quantum
990 4035 1125 4111 poteram
1145 4034 1173 4090 el
1195 4028 1302 4091 licebat
1324 4037 1409 4094 eante

218 4140 451 4226 pedetentimque
479 4137 603 4212 rednai,
634 4136 688 4199 sed
717 4136 752 4198 in
781 4135 877 4199 eedem
909 4133 1016 4198 redeosi
1037 4155 1130 4204 ενανν,
1150 4133 1300 4216 poenam
1322 4134 1406 4198 illam

220 4244 392 4332 nnnifeelie
413 4241 560 4325 antigii,
583 4263 643 4306 non
665 4247 795 4324 optatam
817 4239 957 4322 capideve
978 4237 1155 4321 aneplnn’R
1205 4238 1353 4304 Arduum
1376 4247 1409 4306 et

220 4371 335 4437 anceps
357 4351 525 4438 negotium
549 4352 597 4413 est
620 4350 653 4412 et
675 4344 869 4432 periculosae
891 4343 1024 4430 plenum
1047 4363 1126 4429 opus
1148 4341 1244 4409 aleae.
1292 4343 1355 4425 Qui
1374 4349 1409 4411 in

221 4455 363 4525 Homero
393 4453 513 4522 edendo
543 4450 667 4519 nullum
694 4455 748 4517 τοῦ
773 4449 926 4531 θθγεμμνν
949 4452 1105 4518 rationem
1127 4449 1246 4518 hubent
1267 4447 1410 4522 levitatis
