<?xml version="1.0" encoding="UTF-8"?>
<!DOCTYPE html PUBLIC "-//W3C//DTD XHTML 1.0 Transitional//EN"
    "http://www.w3.org/TR/xhtml1/DTD/xhtml1-transitional.dtd">
<html xmlns="http://www.w3.org/1999/xhtml" xml:lang="en" lang="en">
 <head>
  <title>
</title>
<meta http-equiv="Content-Type" content="text/html;charset=utf-8" />
  <meta name='ocr-system' content='tesseract 3.04.00' />
  <meta name='ocr-capabilities' content='ocr_page ocr_carea ocr_par ocr_line ocrx_word'/>
</head>
<body>
  <div class='ocr_page' id='page_1' title='image "./miscellaneacrit01cobegoog_0142.png"; bbox 0 0 3232 5176; ppageno 0'>
   <div class='ocr_carea' id='block_1_1' title="bbox 669 401 733 476">
    <p class='ocr_par' dir='ltr' id='par_1_1' title="bbox 669 401 733 476">
     <span class='ocr_line' id='line_1_1' title="bbox 669 401 733 476; baseline 0.031 -2"><span class='ocrx_word' id='word_1_1' title='bbox 669 401 733 476; x_wconf 76' lang='lat'>117</span> 
     </span>
    </p>
   </div>
   <div class='ocr_carea' id='block_1_2' title="bbox 112 591 1293 787">
    <p class='ocr_par' dir='ltr' id='par_1_2' title="bbox 112 591 1293 787">
     <span class='ocr_line' id='line_1_2' title="bbox 115 591 1293 688; baseline 0.004 -28"><span class='ocrx_word' id='word_1_2' title='bbox 115 591 311 676; x_wconf 73' lang='grc' dir='ltr'>ἐπιβάλλειν,</span> <span class='ocrx_word' id='word_1_3' title='bbox 347 597 402 664; x_wconf 83' lang='lat' dir='ltr'>ced</span> <span class='ocrx_word' id='word_1_4' title='bbox 435 597 512 683; x_wconf 90' lang='lat' dir='ltr'>quid</span> <span class='ocrx_word' id='word_1_5' title='bbox 547 595 660 666; x_wconf 81' lang='lat' dir='ltr'>Strabo</span> <span class='ocrx_word' id='word_1_6' title='bbox 694 602 855 684; x_wconf 79' lang='lat' dir='ltr'><strong>scripserit</strong></span> <span class='ocrx_word' id='word_1_7' title='bbox 885 601 984 667; x_wconf 82' lang='lat' dir='ltr'>vides.</span> <span class='ocrx_word' id='word_1_8' title='bbox 1030 599 1224 688; x_wconf 86' lang='lat' dir='ltr'>Occupavit,</span> <span class='ocrx_word' id='word_1_9' title='bbox 1254 603 1293 666; x_wconf 91' lang='lat' dir='ltr'>ut</span> 
     </span>
     <span class='ocr_line' id='line_1_3' title="bbox 112 703 1035 787; baseline 0.002 -19"><span class='ocrx_word' id='word_1_10' title='bbox 112 724 189 769; x_wconf 86' lang='lat' dir='ltr'>nune</span> <span class='ocrx_word' id='word_1_11' title='bbox 210 704 322 784; x_wconf 80' lang='lat' dir='ltr'>rideo,</span> <span class='ocrx_word' id='word_1_12' title='bbox 344 703 505 770; x_wconf 83' lang='lat' dir='ltr'>Miillerus</span> <span class='ocrx_word' id='word_1_13' title='bbox 528 704 694 771; x_wconf 78' lang='lat' dir='ltr'>emendare</span> <span class='ocrx_word' id='word_1_14' title='bbox 716 706 887 784; x_wconf 72' lang='grc' dir='ltr'>ἐπιβαίνειν</span> <span class='ocrx_word' id='word_1_15' title='bbox 910 705 1035 787; x_wconf 73' lang='grc' dir='ltr'><strong><em>ἡμέρας.</em></strong></span> 
     </span>
    </p>
   </div>
   <div class='ocr_carea' id='block_1_3' title="bbox 107 911 1292 2694">
    <p class='ocr_par' dir='ltr' id='par_1_3' title="bbox 107 911 1291 1931">
     <span class='ocr_line' id='line_1_4' title="bbox 149 911 1289 1006; baseline 0.002 -27"><span class='ocrx_word' id='word_1_16' title='bbox 149 914 226 1002; x_wconf 81' lang='lat' dir='ltr'>Pag.</span> <span class='ocrx_word' id='word_1_17' title='bbox 252 911 329 979; x_wconf 89' lang='grc'><strong>139.</strong></span> <span class='ocrx_word' id='word_1_18' title='bbox 353 914 526 995; x_wconf 74' lang='grc' dir='ltr'><strong><em>σοφώτατοι</em></strong></span> <span class='ocrx_word' id='word_1_19' title='bbox 550 911 579 978; x_wconf 76' lang='grc' dir='ltr'>δ’</span> <span class='ocrx_word' id='word_1_20' title='bbox 604 911 801 995; x_wconf 65' lang='grc' dir='ltr'>ἐξετάζονται</span> <span class='ocrx_word' id='word_1_21' title='bbox 824 920 883 1006; x_wconf 82' lang='grc' dir='ltr'>τῶν</span> <span class='ocrx_word' id='word_1_22' title='bbox 905 915 1031 996; x_wconf 71' lang='grc' dir='ltr'><strong><em>Ἰβήρων</em></strong></span> <span class='ocrx_word' id='word_1_23' title='bbox 1053 911 1133 982; x_wconf 78' lang='grc' dir='ltr'><strong><em>οὗτοι</em></strong></span> <span class='ocrx_word' id='word_1_24' title='bbox 1157 915 1289 1003; x_wconf 76' lang='lat' dir='ltr'>(Turde-</span> 
     </span>
     <span class='ocr_line' id='line_1_5' title="bbox 110 1019 1290 1102; baseline 0.001 -16"><span class='ocrx_word' id='word_1_25' title='bbox 110 1022 184 1098; x_wconf 77' lang='lat' dir='ltr'>tani)</span> <span class='ocrx_word' id='word_1_26' title='bbox 207 1020 260 1084; x_wconf 87' lang='grc' dir='ltr'>καί</span> <span class='ocrx_word' id='word_1_27' title='bbox 286 1029 494 1102; x_wconf 70' lang='grc' dir='ltr'>γραμματικῇ</span> <span class='ocrx_word' id='word_1_28' title='bbox 517 1026 651 1102; x_wconf 74' lang='grc' dir='ltr'><strong><em>χρῶνταιν</em></strong></span> <span class='ocrx_word' id='word_1_29' title='bbox 676 1019 723 1098; x_wconf 86' lang='lat' dir='ltr'>(id</span> <span class='ocrx_word' id='word_1_30' title='bbox 747 1025 794 1085; x_wconf 83' lang='lat' dir='ltr'>est</span> <span class='ocrx_word' id='word_1_31' title='bbox 814 1021 981 1086; x_wconf 76' lang='grc' dir='ltr'><strong><em>άίάίοταιτοιιν</em></strong></span> <span class='ocrx_word' id='word_1_32' title='bbox 999 1044 1084 1086; x_wconf 68' lang='lat' dir='ltr'>mum</span> <span class='ocrx_word' id='word_1_33' title='bbox 1103 1023 1290 1088; x_wconf 74' lang='lat' dir='ltr'>habeateive</span> 
     </span>
     <span class='ocr_line' id='line_1_6' title="bbox 107 1123 1290 1212; baseline 0.001 -21"><span class='ocrx_word' id='word_1_34' title='bbox 107 1133 200 1191; x_wconf 69' lang='lat' dir='ltr'>meuc</span> <span class='ocrx_word' id='word_1_35' title='bbox 228 1125 380 1191; x_wconf 74' lang='grc' dir='ltr'><strong><em>νοτίίοαάί</em></strong></span> <span class='ocrx_word' id='word_1_36' title='bbox 410 1132 519 1202; x_wconf 74' lang='lat' dir='ltr'>arim,</span> <span class='ocrx_word' id='word_1_37' title='bbox 553 1125 752 1203; x_wconf 70' lang='grc' dir='ltr'><strong><em>γραμμάτων</em></strong></span> <span class='ocrx_word' id='word_1_38' title='bbox 784 1123 921 1207; x_wconf 81' lang='grc' dir='ltr'><strong><em>ἔμπειροί</em></strong></span> <span class='ocrx_word' id='word_1_39' title='bbox 941 1128 1046 1212; x_wconf 79' lang='grc' dir='ltr'><strong><em>εἰσιν),</em></strong></span> <span class='ocrx_word' id='word_1_40' title='bbox 1072 1127 1124 1192; x_wconf 80' lang='grc' dir='ltr'>καί</span> <span class='ocrx_word' id='word_1_41' title='bbox 1149 1135 1204 1203; x_wconf 72' lang='grc' dir='ltr'>τῆς</span> <span class='ocrx_word' id='word_1_42' title='bbox 1229 1150 1290 1192; x_wconf 88' lang='grc' dir='ltr'>πα-</span> 
     </span>
     <span class='ocr_line' id='line_1_7' title="bbox 108 1228 1291 1313; baseline 0.001 -17"><span class='ocrx_word' id='word_1_43' title='bbox 108 1235 197 1304; x_wconf 80' lang='grc' dir='ltr'><strong><em>λαιάς</em></strong></span> <span class='ocrx_word' id='word_1_44' title='bbox 227 1232 352 1310; x_wconf 70' lang='lat' dir='ltr'>aviana</span> <span class='ocrx_word' id='word_1_45' title='bbox 385 1228 490 1313; x_wconf 81' lang='grc' dir='ltr'><strong><em>ἔχοντι</em></strong></span> <span class='ocrx_word' id='word_1_46' title='bbox 521 1231 767 1310; x_wconf 72' lang='grc' dir='ltr'><strong><em>συγγράμματα</em></strong></span> <span class='ocrx_word' id='word_1_47' title='bbox 792 1233 844 1297; x_wconf 77' lang='grc' dir='ltr'>καί</span> <span class='ocrx_word' id='word_1_48' title='bbox 870 1234 1004 1308; x_wconf 76' lang='grc' dir='ltr'><strong><em>ποιήσεις</em></strong></span> <span class='ocrx_word' id='word_1_49' title='bbox 1029 1233 1081 1298; x_wconf 81' lang='grc' dir='ltr'>καί</span> <span class='ocrx_word' id='word_1_50' title='bbox 1105 1232 1211 1311; x_wconf 80' lang='grc' dir='ltr'><strong><em>νάμονς</em></strong></span> <span class='ocrx_word' id='word_1_51' title='bbox 1235 1234 1291 1310; x_wconf 80' lang='grc' dir='ltr'><strong><em>ἐμ-</em></strong></span> 
     </span>
     <span class='ocr_line' id='line_1_8' title="bbox 109 1319 1290 1425; baseline 0.002 -25"><span class='ocrx_word' id='word_1_52' title='bbox 109 1335 229 1417; x_wconf 75' lang='grc' dir='ltr'><strong><em>μέτρους</em></strong></span> <span class='ocrx_word' id='word_1_53' title='bbox 261 1337 481 1416; x_wconf 74' lang='grc' dir='ltr'><strong><em>ἑξακισχιλίων</em></strong></span> <span class='ocrx_word' id='word_1_54' title='bbox 513 1319 606 1411; x_wconf 75' lang='grc' dir='ltr'><strong><em>ἑτῶν,</em></strong></span> <span class='ocrx_word' id='word_1_55' title='bbox 641 1333 679 1408; x_wconf 79' lang='grc' dir='ltr'>ίίς</span> <span class='ocrx_word' id='word_1_56' title='bbox 714 1344 824 1417; x_wconf 84' lang='grc' dir='ltr'><strong><em>Φασιν.</em></strong></span> <span class='ocrx_word' id='word_1_57' title='bbox 871 1337 1039 1404; x_wconf 76' lang='lat' dir='ltr'>Mainake:</span> <span class='ocrx_word' id='word_1_58' title='bbox 1073 1340 1159 1425; x_wconf 81' lang='lat' dir='ltr'>„quia</span> <span class='ocrx_word' id='word_1_59' title='bbox 1189 1339 1290 1402; x_wconf 82' lang='grc' dir='ltr'><strong><em>οτοάοί</em></strong></span> 
     </span>
     <span class='ocr_line' id='line_1_9' title="bbox 108 1443 1289 1528; baseline 0.003 -22"><span class='ocrx_word' id='word_1_60' title='bbox 108 1449 186 1507; x_wconf 77' lang='lat' dir='ltr'>tanto</span> <span class='ocrx_word' id='word_1_61' title='bbox 215 1443 399 1528; x_wconf 70' lang='lat' dir='ltr'>antiquitate</span> <span class='ocrx_word' id='word_1_62' title='bbox 428 1443 530 1507; x_wconf 69' lang='lat' dir='ltr'>Iberos</span> <span class='ocrx_word' id='word_1_63' title='bbox 555 1443 702 1524; x_wconf 77' lang='grc' dir='ltr'><strong><em>ρίοτίαίοο</em></strong></span> <span class='ocrx_word' id='word_1_64' title='bbox 732 1443 817 1508; x_wconf 77' lang='lat' dir='ltr'>ecoe?</span> <span class='ocrx_word' id='word_1_65' title='bbox 847 1451 879 1507; x_wconf 83' lang='lat' dir='ltr'>at</span> <span class='ocrx_word' id='word_1_66' title='bbox 906 1445 1091 1508; x_wconf 77' lang='grc' dir='ltr'><strong><em>οονάάοαάιικν</em></strong></span> <span class='ocrx_word' id='word_1_67' title='bbox 1112 1445 1178 1509; x_wconf 79' lang='lat' dir='ltr'>aiae</span> <span class='ocrx_word' id='word_1_68' title='bbox 1200 1444 1289 1509; x_wconf 75' lang='lat' dir='ltr'>dadin</span> 
     </span>
     <span class='ocr_line' id='line_1_10' title="bbox 109 1547 1290 1638; baseline 0.004 -27"><span class='ocrx_word' id='word_1_69' title='bbox 109 1547 321 1632; x_wconf 70' lang='grc' dir='ltr'><strong><em>ἑξακισχιλίων</em></strong></span> <span class='ocrx_word' id='word_1_70' title='bbox 343 1547 454 1613; x_wconf 55' lang='lat' dir='ltr'>inda?</span> <span class='ocrx_word' id='word_1_71' title='bbox 499 1549 593 1633; x_wconf 88' lang='lat' dir='ltr'><strong>Apud</strong></span> <span class='ocrx_word' id='word_1_72' title='bbox 616 1548 764 1614; x_wconf 81' lang='lat' dir='ltr'>barbaros</span> <span class='ocrx_word' id='word_1_73' title='bbox 787 1547 916 1634; x_wconf 88' lang='lat' dir='ltr'>quidem</span> <span class='ocrx_word' id='word_1_74' title='bbox 939 1552 973 1614; x_wconf 94' lang='lat' dir='ltr'>in</span> <span class='ocrx_word' id='word_1_75' title='bbox 1004 1549 1063 1616; x_wconf 88' lang='lat' dir='ltr'>tali</span> <span class='ocrx_word' id='word_1_76' title='bbox 1081 1572 1115 1616; x_wconf 84' lang='lat' dir='ltr'>re</span> <span class='ocrx_word' id='word_1_77' title='bbox 1131 1550 1290 1638; x_wconf 81' lang='lat' dir='ltr'>gloriandi</span> 
     </span>
     <span class='ocr_line' id='line_1_11' title="bbox 107 1653 1289 1742; baseline 0.002 -24"><span class='ocrx_word' id='word_1_78' title='bbox 107 1676 159 1720; x_wconf 90' lang='lat' dir='ltr'>nec</span> <span class='ocrx_word' id='word_1_79' title='bbox 179 1656 283 1740; x_wconf 88' lang='lat' dir='ltr'>pudor</span> <span class='ocrx_word' id='word_1_80' title='bbox 305 1675 362 1720; x_wconf 87' lang='lat' dir='ltr'>nec</span> <span class='ocrx_word' id='word_1_81' title='bbox 384 1654 499 1719; x_wconf 81' lang='lat' dir='ltr'>modus</span> <span class='ocrx_word' id='word_1_82' title='bbox 522 1660 588 1732; x_wconf 86' lang='lat' dir='ltr'>eat,</span> <span class='ocrx_word' id='word_1_83' title='bbox 612 1675 713 1739; x_wconf 88' lang='lat' dir='ltr'>neque</span> <span class='ocrx_word' id='word_1_84' title='bbox 733 1657 890 1742; x_wconf 81' lang='lat' dir='ltr'>cogitavit</span> <span class='ocrx_word' id='word_1_85' title='bbox 908 1653 1057 1722; x_wconf 85' lang='lat' dir='ltr'>Meinelre</span> <span class='ocrx_word' id='word_1_86' title='bbox 1079 1654 1190 1728; x_wconf 64' lang='lat' dir='ltr'>cunda</span> <span class='ocrx_word' id='word_1_87' title='bbox 1207 1663 1289 1736; x_wconf 85' lang='grc' dir='ltr'><strong><em>Φασι</em></strong></span> 
     </span>
     <span class='ocr_line' id='line_1_12' title="bbox 107 1758 1290 1844; baseline 0.004 -21"><span class='ocrx_word' id='word_1_88' title='bbox 107 1760 146 1823; x_wconf 82' lang='lat' dir='ltr'>eit</span> <span class='ocrx_word' id='word_1_89' title='bbox 173 1760 339 1838; x_wconf 88' lang='lat' dir='ltr'>additum,</span> <span class='ocrx_word' id='word_1_90' title='bbox 368 1760 484 1844; x_wconf 84' lang='lat' dir='ltr'>quibus</span> <span class='ocrx_word' id='word_1_91' title='bbox 506 1760 611 1826; x_wconf 79' lang='lat' dir='ltr'>verbis</span> <span class='ocrx_word' id='word_1_92' title='bbox 634 1763 711 1827; x_wconf 84' lang='lat' dir='ltr'>eatis</span> <span class='ocrx_word' id='word_1_93' title='bbox 733 1760 853 1827; x_wconf 88' lang='lat' dir='ltr'>indicat</span> <span class='ocrx_word' id='word_1_94' title='bbox 875 1758 990 1827; x_wconf 82' lang='lat' dir='ltr'>Strabo</span> <span class='ocrx_word' id='word_1_95' title='bbox 1012 1763 1129 1828; x_wconf 89' lang='lat' dir='ltr'>horum</span> <span class='ocrx_word' id='word_1_96' title='bbox 1151 1782 1184 1828; x_wconf 86' lang='lat' dir='ltr'>eo</span> <span class='ocrx_word' id='word_1_97' title='bbox 1207 1760 1290 1827; x_wconf 85' lang='lat' dir='ltr'>nihil</span> 
     </span>
     <span class='ocr_line' id='line_1_13' title="bbox 109 1866 234 1931; baseline 0 0"><span class='ocrx_word' id='word_1_98' title='bbox 109 1866 234 1931; x_wconf 84' lang='lat' dir='ltr'>credere.</span> 
     </span>
    </p>

    <p class='ocr_par' dir='ltr' id='par_1_4' title="bbox 107 1969 1292 2694">
     <span class='ocr_line' id='line_1_14' title="bbox 147 1969 1289 2059; baseline 0.004 -23"><span class='ocrx_word' id='word_1_99' title='bbox 147 1971 181 2036; x_wconf 93' lang='lat' dir='ltr'>ln</span> <span class='ocrx_word' id='word_1_100' title='bbox 211 1972 324 2039; x_wconf 83' lang='lat' dir='ltr'>eadem</span> <span class='ocrx_word' id='word_1_101' title='bbox 355 1993 389 2037; x_wconf 89' lang='lat' dir='ltr'>re</span> <span class='ocrx_word' id='word_1_102' title='bbox 420 1969 534 2038; x_wconf 82' lang='lat' dir='ltr'>Graeci</span> <span class='ocrx_word' id='word_1_103' title='bbox 563 1992 625 2037; x_wconf 92' lang='lat' dir='ltr'>non</span> <span class='ocrx_word' id='word_1_104' title='bbox 649 1977 724 2038; x_wconf 85' lang='lat' dir='ltr'>eunt</span> <span class='ocrx_word' id='word_1_105' title='bbox 745 1972 851 2038; x_wconf 90' lang='lat' dir='ltr'>multo</span> <span class='ocrx_word' id='word_1_106' title='bbox 874 1975 1011 2039; x_wconf 79' lang='lat' dir='ltr'>saniores</span> <span class='ocrx_word' id='word_1_107' title='bbox 1033 1994 1130 2059; x_wconf 87' lang='lat' dir='ltr'>quam</span> <span class='ocrx_word' id='word_1_108' title='bbox 1152 1973 1289 2040; x_wconf 87' lang='lat' dir='ltr'>barbari.</span> 
     </span>
     <span class='ocr_line' id='line_1_15' title="bbox 107 2068 1292 2165; baseline 0.003 -25"><span class='ocrx_word' id='word_1_109' title='bbox 107 2075 192 2143; x_wconf 85' lang='lat' dir='ltr'>Plato</span> <span class='ocrx_word' id='word_1_110' title='bbox 219 2081 258 2143; x_wconf 89' lang='lat' dir='ltr'>in</span> <span class='ocrx_word' id='word_1_111' title='bbox 294 2077 414 2142; x_wconf 73' lang='grc' dir='ltr'><strong><em>’.Ιίιαααο</em></strong></span> <span class='ocrx_word' id='word_1_112' title='bbox 444 2098 517 2165; x_wconf 82' lang='lat' dir='ltr'>pag.</span> <span class='ocrx_word' id='word_1_113' title='bbox 543 2076 598 2143; x_wconf 81' lang='lat'>23.</span> <span class='ocrx_word' id='word_1_114' title='bbox 622 2097 652 2144; x_wconf 81' lang='lat' dir='ltr'>n.</span> <span class='ocrx_word' id='word_1_115' title='bbox 677 2068 758 2144; x_wconf 80' lang='lat' dir='ltr'>serio</span> <span class='ocrx_word' id='word_1_116' title='bbox 779 2079 907 2145; x_wconf 81' lang='lat' dir='ltr'>videtur</span> <span class='ocrx_word' id='word_1_117' title='bbox 929 2078 1053 2144; x_wconf 89' lang='lat' dir='ltr'>credere</span> <span class='ocrx_word' id='word_1_118' title='bbox 1076 2079 1292 2144; x_wconf 80' lang='lat' dir='ltr'>sacerdotibus</span> 
     </span>
     <span class='ocr_line' id='line_1_16' title="bbox 108 2183 1290 2271; baseline 0.001 -25"><span class='ocrx_word' id='word_1_119' title='bbox 108 2183 292 2267; x_wconf 79' lang='lat' dir='ltr'>quibusdam</span> <span class='ocrx_word' id='word_1_120' title='bbox 327 2185 497 2270; x_wconf 81' lang='lat' dir='ltr'>Aegyptiis</span> <span class='ocrx_word' id='word_1_121' title='bbox 531 2203 651 2271; x_wconf 74' lang='lat' dir='ltr'>magna</span> <span class='ocrx_word' id='word_1_122' title='bbox 687 2205 761 2250; x_wconf 90' lang='lat' dir='ltr'>cum</span> <span class='ocrx_word' id='word_1_123' title='bbox 799 2186 958 2271; x_wconf 77' lang='lat' dir='ltr'>gravitate</span> <span class='ocrx_word' id='word_1_124' title='bbox 990 2183 1184 2249; x_wconf 78' lang='lat' dir='ltr'>dicentibus:</span> <span class='ocrx_word' id='word_1_125' title='bbox 1216 2185 1290 2263; x_wconf 88' lang='grc' dir='ltr'><strong><em>παρ’</em></strong></span> 
     </span>
     <span class='ocr_line' id='line_1_17' title="bbox 109 2277 1289 2369; baseline 0.003 -18"><span class='ocrx_word' id='word_1_126' title='bbox 109 2289 175 2364; x_wconf 67' lang='grc' dir='ltr'><strong><em>ἡμῖν</em></strong></span> <span class='ocrx_word' id='word_1_127' title='bbox 205 2291 235 2354; x_wconf 77' lang='grc' dir='ltr'>ἐν</span> <span class='ocrx_word' id='word_1_128' title='bbox 268 2277 451 2369; x_wconf 79' lang='grc' dir='ltr'><strong><em>τοῖςίεροῑς</em></strong></span> <span class='ocrx_word' id='word_1_129' title='bbox 483 2288 671 2367; x_wconf 73' lang='grc' dir='ltr'><strong><em>γράμμασιν</em></strong></span> <span class='ocrx_word' id='word_1_130' title='bbox 694 2290 1025 2369; x_wconf 80' lang='grc' dir='ltr'><strong><em>ὀκτακισχιλίων</em></strong></span> <span class='ocrx_word' id='word_1_131' title='bbox 1047 2290 1142 2353; x_wconf 80' lang='grc' dir='ltr'><strong><em>ἐτῶν</em></strong></span> <span class='ocrx_word' id='word_1_132' title='bbox 1165 2290 1289 2368; x_wconf 81' lang='grc' dir='ltr'><strong><em>άριάμὸς</em></strong></span> 
     </span>
     <span class='ocr_line' id='line_1_18' title="bbox 108 2394 1289 2480; baseline -0.002 -20"><span class='ocrx_word' id='word_1_133' title='bbox 108 2394 301 2480; x_wconf 73' lang='grc' dir='ltr'><strong><em>γέγραπται,</em></strong></span> <span class='ocrx_word' id='word_1_134' title='bbox 342 2399 374 2461; x_wconf 89' lang='lat' dir='ltr'>ot</span> <span class='ocrx_word' id='word_1_135' title='bbox 412 2395 554 2462; x_wconf 82' lang='lat' dir='ltr'>fabulam</span> <span class='ocrx_word' id='word_1_136' title='bbox 584 2396 623 2460; x_wconf 89' lang='lat' dir='ltr'>de</span> <span class='ocrx_word' id='word_1_137' title='bbox 654 2394 759 2460; x_wconf 83' lang='lat' dir='ltr'>insula</span> <span class='ocrx_word' id='word_1_138' title='bbox 789 2394 954 2460; x_wconf 78' lang='lat' dir='ltr'>Atlantide</span> <span class='ocrx_word' id='word_1_139' title='bbox 986 2415 1025 2458; x_wconf 83' lang='lat' dir='ltr'>ex</span> <span class='ocrx_word' id='word_1_140' title='bbox 1055 2399 1123 2460; x_wconf 90' lang='lat' dir='ltr'>tam</span> <span class='ocrx_word' id='word_1_141' title='bbox 1152 2397 1289 2460; x_wconf 81' lang='lat' dir='ltr'>vetustis</span> 
     </span>
     <span class='ocr_line' id='line_1_19' title="bbox 107 2495 1288 2589; baseline 0.002 -25"><span class='ocrx_word' id='word_1_142' title='bbox 107 2495 266 2567; x_wconf 86' lang='lat' dir='ltr'>literarum</span> <span class='ocrx_word' id='word_1_143' title='bbox 296 2502 513 2567; x_wconf 79' lang='lat' dir='ltr'>monumentis</span> <span class='ocrx_word' id='word_1_144' title='bbox 542 2501 582 2566; x_wconf 90' lang='lat' dir='ltr'>ad</span> <span class='ocrx_word' id='word_1_145' title='bbox 606 2498 731 2566; x_wconf 78' lang='lat' dir='ltr'>Solonio</span> <span class='ocrx_word' id='word_1_146' title='bbox 754 2506 890 2566; x_wconf 86' lang='lat' dir='ltr'>aetatem</span> <span class='ocrx_word' id='word_1_147' title='bbox 913 2506 1121 2589; x_wconf 79' lang='lat' dir='ltr'>propagatam</span> <span class='ocrx_word' id='word_1_148' title='bbox 1145 2507 1178 2566; x_wconf 88' lang='lat' dir='ltr'>et</span> <span class='ocrx_word' id='word_1_149' title='bbox 1201 2500 1288 2566; x_wconf 79' lang='lat' dir='ltr'>Posi-</span> 
     </span>
     <span class='ocr_line' id='line_1_20' title="bbox 107 2603 1285 2694; baseline 0.002 -24"><span class='ocrx_word' id='word_1_150' title='bbox 107 2604 210 2672; x_wconf 86' lang='lat' dir='ltr'>doniua</span> <span class='ocrx_word' id='word_1_151' title='bbox 232 2613 266 2673; x_wconf 85' lang='lat' dir='ltr'>et</span> <span class='ocrx_word' id='word_1_152' title='bbox 285 2604 400 2672; x_wconf 84' lang='lat' dir='ltr'>Strabo</span> <span class='ocrx_word' id='word_1_153' title='bbox 417 2626 528 2673; x_wconf 81' lang='lat' dir='ltr'>reram</span> <span class='ocrx_word' id='word_1_154' title='bbox 547 2626 613 2671; x_wconf 82' lang='lat' dir='ltr'>ease</span> <span class='ocrx_word' id='word_1_155' title='bbox 634 2605 811 2672; x_wconf 86' lang='lat' dir='ltr'>credebant.</span> <span class='ocrx_word' id='word_1_156' title='bbox 832 2606 898 2673; x_wconf 81' lang='lat' dir='ltr'>vid.</span> <span class='ocrx_word' id='word_1_157' title='bbox 919 2603 1108 2672; x_wconf 77' lang='lat' dir='ltr'>Strabonem</span> <span class='ocrx_word' id='word_1_158' title='bbox 1121 2626 1194 2694; x_wconf 80' lang='lat' dir='ltr'>pag.</span> <span class='ocrx_word' id='word_1_159' title='bbox 1209 2605 1285 2672; x_wconf 80' lang='lat'>102.</span> 
     </span>
    </p>
   </div>
   <div class='ocr_carea' id='block_1_4' title="bbox 106 2805 1286 3113">
    <p class='ocr_par' dir='ltr' id='par_1_5' title="bbox 106 2805 1286 3113">
     <span class='ocr_line' id='line_1_21' title="bbox 147 2805 1286 2904; baseline 0.001 -25"><span class='ocrx_word' id='word_1_160' title='bbox 147 2815 222 2904; x_wconf 80' lang='lat' dir='ltr'>Peg.</span> <span class='ocrx_word' id='word_1_161' title='bbox 262 2813 337 2880; x_wconf 81' lang='lat'>140.</span> <span class='ocrx_word' id='word_1_162' title='bbox 376 2814 410 2878; x_wconf 81' lang='lat' dir='ltr'>ri</span> <span class='ocrx_word' id='word_1_163' title='bbox 446 2821 502 2889; x_wconf 76' lang='grc' dir='ltr'>τῆς</span> <span class='ocrx_word' id='word_1_164' title='bbox 538 2812 701 2893; x_wconf 83' lang='grc' dir='ltr'><strong><em>ΦωοΦίρον</em></strong></span> <span class='ocrx_word' id='word_1_165' title='bbox 736 2814 833 2890; x_wconf 84' lang='grc' dir='ltr'><strong><em>ίερίν,</em></strong></span> <span class='ocrx_word' id='word_1_166' title='bbox 869 2805 903 2887; x_wconf 72' lang='grc' dir='ltr'>ἣν</span> <span class='ocrx_word' id='word_1_167' title='bbox 940 2818 1068 2880; x_wconf 83' lang='grc' dir='ltr'><strong><em>καλοῦσι</em></strong></span> <span class='ocrx_word' id='word_1_168' title='bbox 1102 2822 1286 2880; x_wconf 77' lang='grc' dir='ltr'><strong>ΛΟΤΚΕΜ</strong></span> 
     </span>
     <span class='ocr_line' id='line_1_22' title="bbox 108 2919 1285 2999; baseline 0.002 -15"><span class='ocrx_word' id='word_1_169' title='bbox 108 2928 302 2988; x_wconf 73' lang='lat' dir='ltr'>normani.</span> <span class='ocrx_word' id='word_1_170' title='bbox 350 2919 537 2986; x_wconf 88' lang='lat' dir='ltr'>Retinuerat</span> <span class='ocrx_word' id='word_1_171' title='bbox 566 2940 629 2986; x_wconf 90' lang='lat' dir='ltr'>non</span> <span class='ocrx_word' id='word_1_172' title='bbox 658 2919 773 2999; x_wconf 82' lang='lat' dir='ltr'>semel,</span> <span class='ocrx_word' id='word_1_173' title='bbox 806 2920 861 2986; x_wconf 83' lang='lat' dir='ltr'>aed</span> <span class='ocrx_word' id='word_1_174' title='bbox 891 2920 941 2985; x_wconf 83' lang='lat' dir='ltr'>bia</span> <span class='ocrx_word' id='word_1_175' title='bbox 971 2919 1108 2986; x_wconf 90' lang='lat' dir='ltr'>formam</span> <span class='ocrx_word' id='word_1_176' title='bbox 1136 2920 1285 2986; x_wconf 75' lang='lat' dir='ltr'>Latinam</span> 
     </span>
     <span class='ocr_line' id='line_1_23' title="bbox 106 3023 1215 3113; baseline 0.001 -23"><span class='ocrx_word' id='word_1_177' title='bbox 106 3031 216 3108; x_wconf 80' lang='grc' dir='ltr'><strong><em>λιῡκνμ</em></strong></span> <span class='ocrx_word' id='word_1_178' title='bbox 238 3026 397 3105; x_wconf 72' lang='grc' dir='ltr'><strong><em>δονβίαΜ.</em></strong></span> <span class='ocrx_word' id='word_1_179' title='bbox 433 3025 575 3093; x_wconf 81' lang='lat' dir='ltr'>Diviaim</span> <span class='ocrx_word' id='word_1_180' title='bbox 597 3025 697 3090; x_wconf 80' lang='lat' dir='ltr'>scribe</span> <span class='ocrx_word' id='word_1_181' title='bbox 721 3045 795 3113; x_wconf 81' lang='lat' dir='ltr'>pag.</span> <span class='ocrx_word' id='word_1_182' title='bbox 820 3023 886 3091; x_wconf 84' lang='lat'>213</span> <span class='ocrx_word' id='word_1_183' title='bbox 911 3023 1044 3104; x_wconf 84' lang='grc' dir='ltr'><strong><em>Νάβονμ</em></strong></span> <span class='ocrx_word' id='word_1_184' title='bbox 1068 3024 1215 3104; x_wconf 79' lang='grc' dir='ltr'><strong><em>Κώμονμ.</em></strong></span> 
     </span>
    </p>
   </div>
   <div class='ocr_carea' id='block_1_5' title="bbox 106 3231 1286 3631">
    <p class='ocr_par' dir='ltr' id='par_1_6' title="bbox 106 3231 1286 3631">
     <span class='ocr_line' id='line_1_24' title="bbox 145 3231 1285 3322; baseline -0.001 -20"><span class='ocrx_word' id='word_1_185' title='bbox 145 3232 269 3302; x_wconf 68' lang='lat' dir='ltr'>Emito</span> <span class='ocrx_word' id='word_1_186' title='bbox 299 3254 372 3322; x_wconf 78' lang='lat' dir='ltr'>pag.</span> <span class='ocrx_word' id='word_1_187' title='bbox 404 3232 481 3298; x_wconf 82' lang='lat'>142.</span> <span class='ocrx_word' id='word_1_188' title='bbox 520 3231 555 3296; x_wconf 77' lang='grc' dir='ltr'>τί</span> <span class='ocrx_word' id='word_1_189' title='bbox 587 3237 761 3309; x_wconf 82' lang='grc' dir='ltr'><strong><em>περιττεῦον</em></strong></span> <span class='ocrx_word' id='word_1_190' title='bbox 792 3239 851 3298; x_wconf 78' lang='grc' dir='ltr'>τῶν</span> <span class='ocrx_word' id='word_1_191' title='bbox 881 3238 1004 3313; x_wconf 78' lang='grc' dir='ltr'><strong><em>καρπῶν</em></strong></span> <span class='ocrx_word' id='word_1_192' title='bbox 1035 3235 1285 3312; x_wconf 78' lang='grc' dir='ltr'><strong><em>άπεμπολθίται</em></strong></span> 
     </span>
     <span class='ocr_line' id='line_1_25' title="bbox 106 3336 1285 3424; baseline -0.002 -17"><span class='ocrx_word' id='word_1_193' title='bbox 106 3341 213 3422; x_wconf 59' lang='lat' dir='ltr'>inlice.</span> <span class='ocrx_word' id='word_1_194' title='bbox 247 3340 333 3406; x_wconf 78' lang='lat' dir='ltr'>Facu</span> <span class='ocrx_word' id='word_1_195' title='bbox 356 3336 587 3406; x_wconf 78' lang='lat' dir='ltr'>Graeculorum</span> <span class='ocrx_word' id='word_1_196' title='bbox 610 3337 735 3404; x_wconf 86' lang='lat' dir='ltr'>dicebat</span> <span class='ocrx_word' id='word_1_197' title='bbox 758 3339 973 3422; x_wconf 83' lang='grc' dir='ltr'><strong><em>άτεμπολεῖν,</em></strong></span> <span class='ocrx_word' id='word_1_198' title='bbox 997 3345 1054 3405; x_wconf 90' lang='lat' dir='ltr'>ant</span> <span class='ocrx_word' id='word_1_199' title='bbox 1076 3340 1175 3405; x_wconf 79' lang='lat' dir='ltr'>etiam</span> <span class='ocrx_word' id='word_1_200' title='bbox 1192 3342 1285 3424; x_wconf 83' lang='lat' dir='ltr'>peine</span> 
     </span>
     <span class='ocr_line' id='line_1_26' title="bbox 107 3442 1286 3531; baseline 0.001 -22"><span class='ocrx_word' id='word_1_201' title='bbox 107 3447 320 3524; x_wconf 80' lang='grc' dir='ltr'><strong><em>άτομπωλεῖν,</em></strong></span> <span class='ocrx_word' id='word_1_202' title='bbox 351 3445 390 3510; x_wconf 89' lang='lat' dir='ltr'>de</span> <span class='ocrx_word' id='word_1_203' title='bbox 420 3445 523 3510; x_wconf 89' lang='lat' dir='ltr'>forma</span> <span class='ocrx_word' id='word_1_204' title='bbox 546 3451 659 3508; x_wconf 83' lang='grc' dir='ltr'><strong><em>πωλεῖν</em></strong></span> <span class='ocrx_word' id='word_1_205' title='bbox 684 3446 870 3531; x_wconf 77' lang='lat' dir='ltr'>cogitantes.</span> <span class='ocrx_word' id='word_1_206' title='bbox 905 3442 1019 3510; x_wconf 78' lang='lat' dir='ltr'>Strabo</span> <span class='ocrx_word' id='word_1_207' title='bbox 1042 3456 1080 3509; x_wconf 88' lang='lat' dir='ltr'>ut</span> <span class='ocrx_word' id='word_1_208' title='bbox 1103 3464 1212 3510; x_wconf 82' lang='lat' dir='ltr'>omnes</span> <span class='ocrx_word' id='word_1_209' title='bbox 1234 3465 1286 3510; x_wconf 84' lang='lat' dir='ltr'>ve·</span> 
     </span>
     <span class='ocr_line' id='line_1_27' title="bbox 108 3549 590 3631; baseline -0.008 -13"><span class='ocrx_word' id='word_1_210' title='bbox 108 3555 181 3620; x_wconf 81' lang='lat' dir='ltr'>terea</span> <span class='ocrx_word' id='word_1_211' title='bbox 202 3555 433 3631; x_wconf 78' lang='grc' dir='ltr'><strong><em>άπεμπολᾶπαι</em></strong></span> <span class='ocrx_word' id='word_1_212' title='bbox 457 3549 590 3615; x_wconf 79' lang='lat' dir='ltr'>dixemt.</span> 
     </span>
    </p>
   </div>
   <div class='ocr_carea' id='block_1_6' title="bbox 107 3751 1286 4582">
    <p class='ocr_par' dir='ltr' id='par_1_7' title="bbox 107 3751 1286 4163">
     <span class='ocr_line' id='line_1_28' title="bbox 145 3751 1285 3856; baseline -0.006 -30"><span class='ocrx_word' id='word_1_213' title='bbox 145 3757 220 3856; x_wconf 67' lang='lat' dir='ltr'>Peg.</span> <span class='ocrx_word' id='word_1_214' title='bbox 251 3759 329 3826; x_wconf 81' lang='lat'>144.</span> <span class='ocrx_word' id='word_1_215' title='bbox 361 3759 400 3823; x_wconf 91' lang='lat' dir='ltr'>de</span> <span class='ocrx_word' id='word_1_216' title='bbox 430 3755 684 3823; x_wconf 75' lang='lat' dir='ltr'>Turdetanorum</span> <span class='ocrx_word' id='word_1_217' title='bbox 708 3756 821 3842; x_wconf 82' lang='lat' dir='ltr'>opibus</span> <span class='ocrx_word' id='word_1_218' title='bbox 843 3751 973 3822; x_wconf 79' lang='lat' dir='ltr'>Strabo:</span> <span class='ocrx_word' id='word_1_219' title='bbox 999 3755 1051 3821; x_wconf 80' lang='grc' dir='ltr'>καί</span> <span class='ocrx_word' id='word_1_220' title='bbox 1076 3754 1161 3835; x_wconf 72' lang='grc' dir='ltr'><strong><em>κηρία</em></strong></span> <span class='ocrx_word' id='word_1_221' title='bbox 1186 3754 1218 3820; x_wconf 73' lang='grc' dir='ltr'>δὲ</span> <span class='ocrx_word' id='word_1_222' title='bbox 1243 3791 1285 3805; x_wconf 88' lang='lat'>--</span> 
     </span>
     <span class='ocr_line' id='line_1_29' title="bbox 107 3861 1286 3943; baseline -0.003 -13"><span class='ocrx_word' id='word_1_223' title='bbox 107 3861 249 3943; x_wconf 72' lang='grc' dir='ltr'><strong><em>ὶξάχοται</em></strong></span> <span class='ocrx_word' id='word_1_224' title='bbox 280 3864 333 3930; x_wconf 80' lang='grc' dir='ltr'>καί</span> <span class='ocrx_word' id='word_1_225' title='bbox 364 3861 471 3934; x_wconf 75' lang='grc' dir='ltr'><strong><em>κόκκος</em></strong></span> <span class='ocrx_word' id='word_1_226' title='bbox 506 3863 606 3935; x_wconf 68' lang='grc' dir='ltr'><strong><em>πολλὴ</em></strong></span> <span class='ocrx_word' id='word_1_227' title='bbox 631 3861 683 3927; x_wconf 78' lang='grc' dir='ltr'>καὶ</span> <span class='ocrx_word' id='word_1_228' title='bbox 713 3863 822 3939; x_wconf 80' lang='grc' dir='ltr'><strong><em>μίλτος</em></strong></span> <span class='ocrx_word' id='word_1_229' title='bbox 846 3864 878 3926; x_wconf 82' lang='grc' dir='ltr'>οὔ</span> <span class='ocrx_word' id='word_1_230' title='bbox 902 3862 1013 3943; x_wconf 84' lang='grc' dir='ltr'><strong><em>χείρων</em></strong></span> <span class='ocrx_word' id='word_1_231' title='bbox 1036 3869 1091 3936; x_wconf 76' lang='grc' dir='ltr'>τῆς</span> <span class='ocrx_word' id='word_1_232' title='bbox 1116 3870 1286 3937; x_wconf 76' lang='grc' dir='ltr'><strong><em>Σινωπικιῑς</em></strong></span> 
     </span>
     <span class='ocr_line' id='line_1_30' title="bbox 111 3965 1284 4060; baseline -0.009 -18"><span class='ocrx_word' id='word_1_233' title='bbox 111 3966 201 4060; x_wconf 64' lang='lat'>[7541.</span> <span class='ocrx_word' id='word_1_234' title='bbox 248 3969 328 4036; x_wconf 84' lang='lat' dir='ltr'>Dcle</span> <span class='ocrx_word' id='word_1_235' title='bbox 356 3977 432 4048; x_wconf 72' lang='grc' dir='ltr'>γῆς,</span> <span class='ocrx_word' id='word_1_236' title='bbox 456 3989 530 4034; x_wconf 88' lang='lat' dir='ltr'>nam</span> <span class='ocrx_word' id='word_1_237' title='bbox 555 3967 725 4055; x_wconf 79' lang='lat' dir='ltr'>cogitando</span> <span class='ocrx_word' id='word_1_238' title='bbox 749 3965 962 4055; x_wconf 80' lang='lat' dir='ltr'>supplendum</span> <span class='ocrx_word' id='word_1_239' title='bbox 984 3969 1115 4046; x_wconf 81' lang='grc' dir='ltr'><strong><em>μίλτνν,</em></strong></span> <span class='ocrx_word' id='word_1_240' title='bbox 1140 3973 1178 4033; x_wconf 89' lang='lat' dir='ltr'>ut</span> <span class='ocrx_word' id='word_1_241' title='bbox 1199 3971 1284 4034; x_wconf 87' lang='lat' dir='ltr'>recte</span> 
     </span>
     <span class='ocr_line' id='line_1_31' title="bbox 107 4075 936 4163; baseline -0.007 -22"><span class='ocrx_word' id='word_1_242' title='bbox 107 4084 293 4163; x_wconf 74' lang='lat' dir='ltr'>postpauca</span> <span class='ocrx_word' id='word_1_243' title='bbox 315 4075 481 4142; x_wconf 77' lang='lat' dir='ltr'>scribitur:</span> <span class='ocrx_word' id='word_1_244' title='bbox 506 4075 540 4139; x_wconf 82' lang='grc' dir='ltr'>οὖ</span> <span class='ocrx_word' id='word_1_245' title='bbox 563 4076 672 4152; x_wconf 80' lang='grc' dir='ltr'><strong><em>χείρων</em></strong></span> <span class='ocrx_word' id='word_1_246' title='bbox 697 4081 752 4146; x_wconf 72' lang='grc' dir='ltr'>τῆς</span> <span class='ocrx_word' id='word_1_247' title='bbox 779 4079 936 4146; x_wconf 73' lang='grc' dir='ltr'><strong><em>Ποντικῆς.</em></strong></span> 
     </span>
    </p>

    <p class='ocr_par' dir='ltr' id='par_1_8' title="bbox 109 4176 1284 4582">
     <span class='ocr_line' id='line_1_32' title="bbox 147 4176 1283 4265; baseline -0.004 -16"><span class='ocrx_word' id='word_1_248' title='bbox 147 4181 181 4248; x_wconf 94' lang='lat' dir='ltr'>ln</span> <span class='ocrx_word' id='word_1_249' title='bbox 208 4183 328 4249; x_wconf 81' lang='lat' dir='ltr'>vicinia</span> <span class='ocrx_word' id='word_1_250' title='bbox 354 4181 427 4265; x_wconf 85' lang='lat' dir='ltr'>quie</span> <span class='ocrx_word' id='word_1_251' title='bbox 455 4179 562 4244; x_wconf 85' lang='lat' dir='ltr'>credat</span> <span class='ocrx_word' id='word_1_252' title='bbox 592 4176 781 4244; x_wconf 81' lang='lat' dir='ltr'>Strabonem</span> <span class='ocrx_word' id='word_1_253' title='bbox 813 4179 947 4243; x_wconf 80' lang='lat' dir='ltr'>scribere</span> <span class='ocrx_word' id='word_1_254' title='bbox 970 4181 1128 4262; x_wconf 81' lang='lat' dir='ltr'>potuisse:</span> <span class='ocrx_word' id='word_1_255' title='bbox 1153 4176 1283 4258; x_wconf 74' lang='grc' dir='ltr'><strong><em>ἄφθονος</em></strong></span> 
     </span>
     <span class='ocr_line' id='line_1_33' title="bbox 109 4279 1284 4371; baseline 0.001 -20"><span class='ocrx_word' id='word_1_256' title='bbox 109 4283 205 4352; x_wconf 67' lang='lat' dir='ltr'>dact</span> <span class='ocrx_word' id='word_1_257' title='bbox 228 4284 439 4365; x_wconf 68' lang='grc' dir='ltr'><strong><em>βοσκημάτων</em></strong></span> <span class='ocrx_word' id='word_1_258' title='bbox 463 4286 668 4350; x_wconf 80' lang='grc' dir='ltr'>ἈΦΘΟΝΙΛ</span> <span class='ocrx_word' id='word_1_259' title='bbox 693 4279 865 4348; x_wconf 87' lang='grc' dir='ltr'><strong><em>παντοίωνί</em></strong></span> <span class='ocrx_word' id='word_1_260' title='bbox 884 4288 918 4347; x_wconf 87' lang='lat' dir='ltr'>at</span> <span class='ocrx_word' id='word_1_261' title='bbox 938 4288 973 4347; x_wconf 89' lang='lat' dir='ltr'>tu</span> <span class='ocrx_word' id='word_1_262' title='bbox 994 4287 1132 4371; x_wconf 79' lang='lat' dir='ltr'>corrige:</span> <span class='ocrx_word' id='word_1_263' title='bbox 1154 4285 1284 4368; x_wconf 81' lang='grc' dir='ltr'><strong><em>άΦίονος</em></strong></span> 
     </span>
     <span class='ocr_line' id='line_1_34' title="bbox 110 4386 1284 4478; baseline -0.002 -20"><span class='ocrx_word' id='word_1_264' title='bbox 110 4427 148 4441; x_wconf 88' lang='grc'><strong>-</strong></span> <span class='ocrx_word' id='word_1_265' title='bbox 170 4402 281 4460; x_wconf 82' lang='grc' dir='ltr'>ΦΟΡΑ</span> <span class='ocrx_word' id='word_1_266' title='bbox 312 4391 474 4457; x_wconf 88' lang='grc' dir='ltr'><strong><em>παντοίων.</em></strong></span> <span class='ocrx_word' id='word_1_267' title='bbox 520 4387 678 4475; x_wconf 82' lang='lat' dir='ltr'>Compara</span> <span class='ocrx_word' id='word_1_268' title='bbox 706 4409 782 4478; x_wconf 80' lang='lat' dir='ltr'>pag.</span> <span class='ocrx_word' id='word_1_269' title='bbox 817 4386 893 4454; x_wconf 79' lang='lat'>145.</span> <span class='ocrx_word' id='word_1_270' title='bbox 925 4393 1023 4470; x_wconf 69' lang='grc' dir='ltr'><strong><em>Φοράς</em></strong></span> <span class='ocrx_word' id='word_1_271' title='bbox 1054 4397 1108 4463; x_wconf 71' lang='grc' dir='ltr'>τῆς</span> <span class='ocrx_word' id='word_1_272' title='bbox 1140 4391 1284 4469; x_wconf 79' lang='grc' dir='ltr'><strong><em>βαλάνου</em></strong></span> 
     </span>
     <span class='ocr_line' id='line_1_35' title="bbox 109 4491 1283 4582; baseline -0.002 -17"><span class='ocrx_word' id='word_1_273' title='bbox 109 4499 265 4580; x_wconf 71' lang='grc' dir='ltr'><strong><em>γενομένης</em></strong></span> <span class='ocrx_word' id='word_1_274' title='bbox 297 4497 396 4581; x_wconf 78' lang='grc' dir='ltr'><strong><em>Φοράν</em></strong></span> <span class='ocrx_word' id='word_1_275' title='bbox 418 4495 470 4563; x_wconf 73' lang='grc' dir='ltr'>καὶ</span> <span class='ocrx_word' id='word_1_276' title='bbox 495 4497 554 4562; x_wconf 80' lang='grc' dir='ltr'>τῶν</span> <span class='ocrx_word' id='word_1_277' title='bbox 578 4495 685 4563; x_wconf 83' lang='grc' dir='ltr'><strong><em>ίάννων</em></strong></span> <span class='ocrx_word' id='word_1_278' title='bbox 707 4491 795 4562; x_wconf 78' lang='grc' dir='ltr'><strong><em>οίναι.</em></strong></span> <span class='ocrx_word' id='word_1_279' title='bbox 818 4499 851 4560; x_wconf 87' lang='lat' dir='ltr'>et</span> <span class='ocrx_word' id='word_1_280' title='bbox 872 4514 946 4582; x_wconf 78' lang='lat' dir='ltr'>pag.</span> <span class='ocrx_word' id='word_1_281' title='bbox 972 4493 1048 4562; x_wconf 78' lang='lat'><strong>197.</strong></span> <span class='ocrx_word' id='word_1_282' title='bbox 1073 4496 1112 4562; x_wconf 85' lang='lat' dir='ltr'>de</span> <span class='ocrx_word' id='word_1_283' title='bbox 1134 4495 1283 4571; x_wconf 79' lang='lat' dir='ltr'>Druidu:</span> 
     </span>
    </p>
   </div>
   <div class='ocr_carea' id='block_1_7' title="bbox 0 0 1620 5176">
    <p class='ocr_par' dir='ltr' id='par_1_9' title="bbox 0 0 1620 5176">
     <span class='ocr_line' id='line_1_36' title="bbox 0 0 1620 5176; baseline 0 0"><span class='ocrx_word' id='word_1_284' title='bbox 0 0 1620 5176; x_wconf 95' lang='lat' dir='ltr'> </span> 
     </span>
    </p>
   </div>
  </div>
 </body>
</html>
