3404 5192
743 383 809 466 ott

153 657 156 662 ,
227 587 269 651 Ν.
294 583 370 651 204.

361 690 415 770 ἧκε
438 691 470 757 δέ
493 717 545 770 μιν
568 692 734 772 σφαιρηδὸν
758 689 951 770 εελιξοὶμενος
977 688 1013 755 δι’
1037 688 1154 769 θμίλου.

181 800 297 876 scribe,
321 804 477 885 utsupra
501 799 715 884 ostendimus,

452 905 618 986 σφαιρηδὸν
642 904 674 970 δέ
698 928 750 982 μιν
773 899 825 979 ἧκε
847 895 1053 980 εελιξοίμενος.

228 1012 262 1069 Ρ.
288 1001 363 1069 283.

362 1106 476 1188 ῥηιδίως
502 1109 648 1174 ἐκέδασσε
669 1107 861 1186 εελιξοίμενος
887 1109 936 1174 διδ
960 1107 1095 1186 βήσσας.

226 1212 351 1279 Pessivi
374 1215 509 1278 soristus
530 1233 594 1279 uno
615 1213 685 1279 loeo
707 1219 868 1300 comparet
888 1223 935 1278 M.
960 1211 1013 1278 74.

363 1317 463 1383 οὐκέτ’
489 1317 586 1384 ἔπειτ’
609 1319 658 1384 ue
682 1319 744 1385 οὐδ’
768 1319 909 1398 ἄγγελον
932 1319 1112 1384 ἀπονέεσθαι
1169 1401 1171 1405 ,

344 1420 490 1504 ’ἄψορρον
513 1425 583 1489 τοτὶ
606 1423 681 1492 σοίτν
704 1427 899 1506 εελιχθέντων
923 1426 974 1488 ὑπ’
998 1427 1146 1506 Ἀχαιῶν.

227 1527 334 1595 Semel
357 1535 389 1594 et
411 1531 530 1595 iterum
552 1531 775 1616 imperfectum
794 1531 949 1597 εελίσσετο
968 1532 1123 1616 reperitur
1140 1533 1175 1594 in
1193 1529 1307 1618 Odyss.
1327 1539 1363 1594 Τ.

182 1633 235 1701 24.
261 1641 293 1701 et
316 1632 370 1700 28.
1110 1628 1111 1632 ’

318 1741 491 1819 νωλεμέως·
516 1741 598 1819 erte
621 1739 715 1810 αὐτὸς
733 1740 887 1805 εελίσσετο
911 1739 981 1804 ἔνθα
1005 1740 1057 1805 καί
1082 1739 1163 1808 ἔνθα.

317 1843 354 1920 ὥς
379 1848 427 1927 ἄρ’
449 1843 499 1922 ὅγ’
524 1844 594 1908 ἔνθα
617 1848 668 1909 καί
695 1844 764 1909 ἔνθα
787 1850 940 1910 εελίσσετο
965 1846 1164 1926 μερμηρίζων.

181 1956 267 2040 prior
294 1974 405 2018 versus
436 1953 568 2017 vitiatus
591 1957 639 2016 est
661 1951 716 2016 sed
739 1972 778 2016 ex
800 1957 875 2017 notu
896 1950 1030 2016 Homeri
1054 1953 1281 2036 compositione
1304 1971 1367 2016 non

184 2055 353 2124 difficulter
375 2063 522 2124 senatur:

475 2162 650 2239 νωλεμέως·
675 2162 767 2234 αὐτὸς
793 2147 849 2224 ΔΕ
872 2161 1040 2225 εελίσσετο.

228 2265 378 2354 Superest
407 2266 497 2333 locus
527 2267 612 2332 male
642 2267 770 2332 habitus
798 2265 890 2340 llied.
921 2275 966 2331 M.
1000 2263 1052 2331 49.
1084 2268 1123 2338 ὣς
1152 2267 1178 2332 δ’
1202 2262 1249 2331 ὅτ’
1274 2263 1313 2330 διν
1336 2266 1367 2330 ἓν

184 2399 218 2439 τε
249 2373 369 2438 κύνεσσι
400 2373 453 2438 καί
481 2372 607 2452 σίνδροίσι
638 2410 681 2421 -
713 2372 789 2437 λέων
813 2371 961 2455 τρέφεται
987 2410 1028 2420 -
1052 2371 1176 2455 ταρφέα
1200 2397 1235 2437 τε
1259 2372 1369 2455 τρέφε-

184 2501 237 2544 ται
262 2515 314 2546 -.

365 2579 403 2655 ὦς
422 2584 542 2664 Ἕκτωρ
566 2584 612 2649 ἄν’
634 2583 739 2662 ὅμιλον
763 2584 813 2650 ίὼν
835 2585 989 2651 ἐλλίσσεθ’
1014 2585 1149 2664 ἑταίρους

365 2687 484 2771 τάφρον
506 2689 671 2769 ἐποτρύνων
694 2688 906 2768 διαβαινέμεν.

230 2793 354 2880 Nempe
385 2795 525 2859 ἐλίσσετο
549 2797 731 2879 precabatur
756 2811 884 2882 prorsus
908 2818 926 2862 s
947 2796 1011 2862 looi
1033 2799 1189 2863 sententis
1212 2796 1369 2862 obhorret.

187 2899 303 2966 Sensus
333 2899 501 2965 manifesto
534 2905 582 2967 est
611 2903 649 2972 θος
682 2899 757 2965 λέων
788 2902 913 2983 ταρφέα
943 2900 1093 2982 τρέφεται
1122 2941 1164 2952 -
1189 2898 1227 2975 ὦς
1252 2899 1370 2987 (οὕτως)

184 3009 303 3085 Ἔιιτωρ
325 3005 481 3085 ἐτρέφετο.
515 3005 601 3093 Engo
619 3011 712 3091 po'ete
732 3006 821 3072 verbi
840 3007 1015 3083 εελισσέμεν
1038 3007 1223 3092 imperfecto
1245 3010 1371 3091 passivo

185 3133 261 3177 usus
283 3117 346 3184 est,
370 3111 424 3176 sed
447 3130 509 3195 que
531 3109 651 3176 formal
685 3111 743 3176 Est
765 3114 799 3175 in
821 3110 913 3177 libris
935 3113 1097 3177 nonnullis
1120 3113 1264 3176 εἱλίσσεθ
1289 3111 1372 3175 ἑταί-

185 3241 265 3299 ρους,
299 3237 378 3302 quse
407 3218 587 3280 Atticorum
620 3217 722 3281 formo
752 3222 799 3281 est
829 3215 970 3282 Homero
998 3220 1173 3305 incognite.
1223 3216 1370 3280 Priscum

185 3327 361 3398 εελίσσομαι
394 3321 490 3387 habet
519 3322 743 3406 imperfectum
776 3322 962 3398 ἐεελίσσετο,
995 3323 1091 3408 idque
1121 3325 1229 3408 ipsum
1257 3341 1371 3387 verum

185 3435 233 3494 est
263 3435 296 3494 et
318 3449 357 3494 ex
379 3426 475 3515 longo
495 3425 590 3492 exilio
613 3427 743 3493 tandem
766 3429 799 3490 in
823 3429 991 3512 pristinam
1013 3428 1121 3493 sedem
1144 3426 1368 3492 reducendum.

185 3532 359 3618 Postquam
392 3533 426 3597 τὸ
458 3532 608 3610 δίγαμμα
640 3532 782 3598 deletum
812 3541 859 3598 est
889 3534 1043 3598 ἔελίσσετο
1076 3538 1132 3598 sut
1160 3535 1193 3597 in
1217 3534 1370 3598 εἱλίσσετο

186 3638 267 3702 abiit
287 3643 343 3702 eut
365 3639 399 3701 in
424 3638 603 3711 ἐλλίσσετο,
628 3643 802 3723 utrumque
825 3645 931 3724 operte
954 3639 1151 3704 mendosum.

230 3741 293 3807 His
322 3745 424 3830 igitur
453 3745 636 3827 praemissis
660 3746 785 3808 munito
806 3747 860 3810 vie
883 3749 931 3809 est
954 3744 994 3809 sd
1016 3744 1260 3828 opprimendum
1283 3761 1373 3807 mon·

186 3855 306 3925 strum,
338 3847 423 3933 quoi
454 3848 557 3912 ndhue
588 3847 708 3913 multos
738 3855 848 3932 poetae
883 3848 968 3914 locos
1001 3852 1155 3935 inquinat.
1211 3845 1373 3932 Compone

186 3953 268 4018 mihi
297 3953 404 4018 locum
437 3963 482 4018 M.
515 3951 568 4019 74.
602 3952 797 4033 εελιχθέντων
831 3955 882 4018 ὑπ’
910 3956 1049 4034 ’Λχαιῶν
1073 3975 1147 4019 oum
1170 3961 1208 4018 E.
1233 3949 1308 4018 ltu.
1335 3960 1372 4015 Σ.

190 4057 264 4124 106.
290 4069 330 4124 Λ.
355 4057 432 4124 214.

368 4167 393 4229 οἱ
418 4163 445 4229 δ’
471 4163 677 4244 ἐλελίχθησαν
701 4163 752 4227 καί
779 4161 905 4226 ἐναντίοι
930 4161 1004 4230 έςαν
1028 4163 1178 4241 Ἀχαιῶν.

188 4277 220 4336 et
242 4270 404 4357 intelliges
428 4270 504 4333 ιἰθοσι
526 4269 662 4334 verbum
686 4269 797 4333 eodem
818 4289 911 4333 sensu
929 4267 1097 4352 utrobique
1116 4268 1256 4352 positum
1277 4267 1375 4332 luisse

187 4375 382 4457 οελιχθέντων
417 4381 449 4440 et
483 4373 695 4453 έεελίχθησαν,
732 4374 766 4438 id
797 4380 845 4438 est
876 4372 1075 4454 ἐτράφησαν,
1108 4371 1373 4453 μετετράφησαν,

191 4486 417 4560 „cenomani
446 4503 508 4546 sese
537 4481 593 4566 qui
624 4485 716 4568 tergo
746 4480 896 4546 dederunt
922 4485 950 4543 et
972 4479 1085 4543 οθοσνσί
1106 4485 1140 4544 io
1161 4479 1269 4544 θοοθονι
1289 4483 1374 4542 stete·
