3372 5192
736 382 803 454 675

174 591 248 639 rum
278 537 527 662 grammaticum
557 579 613 640 aut
642 576 802 641 rhetorem
833 577 889 660 qui
912 593 1007 640 suum
1030 575 1057 640 sl
1080 574 1202 651 γνήσιος
1227 589 1364 660 appones

178 681 231 746 bat
265 683 289 766 ι)
320 682 427 768 magis
457 681 533 764 quia
563 679 601 746 de
632 677 825 747 Oriticorum
857 680 975 746 iudicio
1009 680 1211 746 inaudiverat
1243 679 1365 764 ahquid

175 807 272 871 quam
295 789 370 871 quia
391 789 459 872 ipse
481 788 528 850 ita
550 787 714 852 sentiebat.

220 891 352 956 Renatis
382 891 499 956 litteris
531 890 674 977 plerique
704 913 814 958 omnes
838 894 1004 978 'principes
1032 895 1066 956 in
1099 891 1278 957 damnanda
1306 891 1366 957 hac

176 999 316 1063 oratione
340 1003 579 1074 consenserunt,
604 998 659 1063 sed
682 998 867 1064 excedentes
889 998 1022 1063 modum
1046 999 1122 1082 quia
1142 997 1366 1066 Demosthenis

176 1124 238 1168 non
268 1123 335 1168 esse
368 1103 463 1187 probe
493 1104 671 1168 sentiebant
701 1106 806 1170 nescio
830 1125 926 1190 quem
950 1102 1134 1188 Sophistam
1158 1104 1367 1169 haecomnia

176 1209 381 1274 declamitare
419 1209 637 1294 opinabantur.
700 1211 843 1276 Fuerunt
877 1210 954 1276 adeo
988 1211 1044 1294 qui
1079 1209 1118 1274 ab
1153 1209 1366 1275 Alexandrino
1493 1239 1496 1246 ·

176 1314 314 1380 Rhetore
343 1315 421 1380 haee
450 1317 568 1400 scripte
597 1336 663 1381 esee
693 1319 775 1383 serio
807 1316 978 1382 crederent.
1024 1314 1093 1380 Alii
1121 1337 1239 1400 ‚meque
1262 1315 1366 1380 Deme

175 1421 304 1484 etherea
334 1443 397 1484 eoos
426 1420 599 1504 sarpeia&
626 1423 770 1488 iudicant
803 1445 866 1500 „ao
895 1445 932 1484 oe
963 1422 996 1484 ιἰι
1016 1420 1091 1507 sori
1113 1421 1230 1506 quidem
1253 1421 1367 1485 ciceri

176 1525 286 1589 iudicii
319 1549 403 1590 ιιιιιιιι
424 1527 607 1610 compositam
630 1528 732 1592 esse..'’
778 1527 1059 1602 Hemsterhusius,
1084 1525 1311 1591 Valckenarius
1334 1531 1367 1591 et

175 1630 388 1696 Ruhnkenius
410 1652 474 1697 non
497 1632 687 1700 dubitabant
709 1636 786 1719 quin
810 1639 892 1700 esset
914 1633 1149 1699 Demosthenis.
1185 1631 1294 1698 Movit
1314 1652 1367 1697 eos

175 1737 313 1824 Longini
343 1740 529 1815 auctoritas,
562 1760 582 1804 a
611 1760 673 1824 qno
705 1748 763 1818 „ct
792 1739 997 1805 Demosthenis
1026 1740 1122 1803 οταινν
1154 1738 1264 1801 diserte
1296 1739 1364 1800 too·

176 1843 286 1938 dotari
307 1843 449 1927 (Ruhnlr.
475 1844 514 1908 ad
537 1844 671 1932 Longin.
698 1845 751 1910 23.
778 1845 834 1930 4.).
869 1845 1037 1911 Praeterea
1060 1844 1231 1909 manifesto
1255 1845 1364 1908 imite-

175 1953 228 2013 tus
251 1954 299 2014 est
319 1948 461 2034 lepidum
486 1969 524 2014 ex
548 1971 586 2015 ea
608 1953 748 2018 oratione
770 1951 878 2018 locum
901 1951 1067 2038 Longinus
1092 1969 1193 2034 quum
1212 1950 1364 2014 scriberet

175 2053 234 2118 l.l.
258 2055 293 2118 τὸ
315 2057 484 2135 πανταχοῦ
515 2056 694 2128 κώδωνας
726 2055 906 2137 ἒξῆφθαι
939 2055 1011 2120 λίαν
1032 2055 1199 2135 σαΦιςικδν.
1248 2053 1366 2119 Obver-

176 2165 265 2225 satur
299 2162 329 2225 ei
362 2159 450 2225 locus
484 2181 557 2247 pag.
596 2159 670 2229 797.
711 2161 763 2227 14.
796 2165 885 2227 ταῦθ’
920 2159 1006 2234 οὗτος
1043 2161 1130 2238 μόνον
1163 2161 1196 2225 αὐ
1227 2159 1366 2233 κώδωνας

176 2264 374 2344 ἑξαψιὶμενιι
399 2266 645 2345 διιιτριὶττεται,
671 2274 709 2333 ut
731 2267 943 2334 Ruhnkenius
968 2268 1201 2333 animadvertit.

222 2359 306 2437 Cum
337 2373 388 2438 his
419 2375 567 2440 omnibus
597 2376 783 2460 opinionum
807 2376 996 2440 commentis
1020 2377 1052 2438 et
1074 2372 1232 2438 erroribus
1255 2373 1370 2437 acriter

176 2478 375 2564 depugnavit
415 2479 585 2555 Reislrins‚
630 2500 691 2565 quo
723 2480 829 2545 iudice
864 2499 959 2544 verus
993 2479 1145 2544 orationis
1179 2481 1288 2542 auctor
1322 2484 1371 2543 est

175 2600 354 2650 aeramnae
383 2586 564 2664 habendus,
597 2588 649 2652 cui
680 2585 827 2671 equidem
859 2590 892 2650 et
923 2585 1002 2651 olim
1033 2589 1065 2650 et
1096 2603 1180 2648 nunc
1208 2603 1246 2647 ex
1270 2583 1370 2647 animi

175 2692 331 2756 sententia
354 2694 515 2758 assentior.
551 2691 637 2758 Satis
660 2695 745 2758 enim
768 2696 898 2778 apparet
921 2691 998 2758 haec
1023 2691 1062 2755 ab
1086 2710 1123 2755 eo
1145 2690 1264 2773 scripta
1286 2707 1370 2786 esse,

175 2799 209 2862 in
232 2815 294 2880 quo
322 2802 411 2863 tenta
433 2804 515 2865 esest
536 2799 705 2866 hominum
731 2804 763 2864 et
786 2819 891 2864 rerum
915 2797 1005 2862 illius
1029 2797 1183 2881 temporis
1202 2797 1319 2860 notitia
1339 2801 1372 2862 et

175 2902 392 2991 intelligentia
414 2909 447 2970 et
469 2925 565 2982 usus,
589 2910 707 2990 quanta
731 2906 766 2968 in
788 2902 864 2969 solis
887 2901 1112 2968 Demosthenis
1133 2900 1318 2985 aequalibus
1338 2910 1370 2966 et

176 3009 383 3094 popularibus
413 3030 480 3076 esse
507 3017 621 3096 posset.
670 3010 755 3076 Satis
785 3014 916 3095 apparet
946 3015 1096 3093 concepta
1127 3007 1204 3071 haec
1237 3027 1304 3071 esse
1335 3025 1372 3072 ea

179 3115 317 3181 dictione
348 3121 380 3180 et
411 3117 501 3192 stilo,
535 3115 622 3202 quali
654 3136 750 3182 nemo
778 3133 935 3199 umquam
967 3116 1017 3178 uti
1044 3114 1150 3197 potuit
1173 3117 1297 3196 praeter
1320 3131 1372 3176 eos

177 3222 233 3305 qui
264 3222 298 3284 in
330 3221 439 3288 Attica
462 3225 532 3287 nati
555 3223 590 3286 τὸ
614 3222 751 3300 καθαρῶς
776 3218 945 3299 ἀττικίζειν
967 3220 1002 3282 in
1026 3220 1096 3303 ipsa
1117 3219 1222 3302 patria
1244 3216 1372 3282 didicis·

179 3331 257 3392 sent.
320 3325 543 3412 Sophistarum
582 3331 614 3392 et
648 3327 826 3392 Rhetorum
862 3323 1139 3390 declamitantium
1174 3324 1250 3388 satis
1284 3322 1373 3386 domi

177 3432 350 3517 habemus,
382 3433 437 3498 sed
467 3453 561 3498 nemo
593 3454 676 3498 unus
706 3453 816 3498 eorum
847 3433 994 3498 Atticum
1030 3429 1155 3495 dicendi
1191 3448 1291 3514 genus
1326 3429 1373 3492 ita

177 3539 285 3624 potuit
306 3538 464 3605 imitando
487 3541 663 3624 exprimere
686 3543 724 3602 ut
747 3556 810 3602 non
833 3535 1022 3623 longissimo
1045 3532 1215 3600 intervallo
1236 3533 1276 3597 ab
1295 3534 1373 3617 ipsis

179 3644 427 3711 Atheniensibus
458 3643 599 3710 distaret.
646 3642 842 3730 Hyperides,
874 3647 913 3705 ut
938 3640 1100 3718 vidimus,
1124 3637 1320 3724 populariter
1342 3643 1375 3703 et

179 3748 382 3815 familiariter
405 3749 588 3834 quotidiano
609 3751 695 3815 vitae
719 3767 861 3814 sermone
884 3753 977 3812 utens
1000 3743 1229 3814 'Arrrxdrardc
1255 3745 1326 3812 ἕςιν.

226 3855 394 3920 Praeterea
423 3854 506 3919 nihil
538 3857 572 3920 in
602 3874 639 3919 ea
669 3857 809 3920 oratione
842 3855 926 3918 inest
961 3852 1044 3937 qnod
1080 3873 1155 3916 cum
1190 3848 1374 3934 aequalium

183 3963 377 4027 testimoniis
399 3969 538 4048 pugnet,
563 3960 617 4026 sed
638 3967 746 4027 contra
766 3962 874 4025 omnia
892 3956 980 4023 fideli
1000 3957 1164 4022 concordia
1183 3957 1372 4039 conspirant.

229 4065 348 4132 Omnes
372 4069 556 4132 criticorum
580 4067 794 4133 dubitationes
816 4070 849 4131 et
869 4065 1106 4128 criminationes
1126 4083 1164 4128 ex
1183 4059 1375 4126 Callimachi

221 4401 245 4466 l)
263 4399 438 4465 Harpocration
461 4397 548 4460 viginti
570 4397 618 4446 iera
639 4397 705 4446 locos
725 4411 753 4444 ox
777 4393 959 4460 Aristogitona
981 4393 1080 4442 aderens
1096 4391 1133 4442 bis
1149 4393 1243 4442 ancum
1260 4392 1374 4444 adscribit

182 4492 203 4542 sl
220 4489 320 4553 γνιίτιις
338 4505 360 4540 r.
378 4487 465 4550 Θιιιρίς
482 4489 507 4535 ot
523 4483 617 4544 νιαλιξ.
