3404 5192
896 377 963 454 292

348 571 365 649 sl
397 571 614 656 Ἀριςοφάνους
646 581 771 640 ΒΟΤΝ.
801 575 879 647 σινές
910 574 941 640 δέ
966 571 1022 650 ἔξω
1045 579 1099 641 τοῦ
1124 583 1153 641 Ν
1178 583 1240 640 ΒΩ
1264 573 1316 639 καὶ
1340 573 1461 653 μιὶσοσε
1485 599 1539 640 σι’

346 680 439 749 θοινιῦς
464 679 532 744 ἀντὶ
556 683 610 745 σοῦ
630 690 726 746 BOA.
758 679 795 745 ln
815 679 942 747 Scholio
960 681 1142 748 Victoriano
1162 687 1228 747 est:
1249 681 1279 745 έν
1300 688 1363 753 τοῖς
1386 689 1536 754 παλαιοῖς

347 785 525 864 ἐγέγραπτο
560 795 662 862 BON,
694 781 766 867 ὅπερ
786 789 838 851 οὐκ
863 786 988 860 ένδησαν
1011 789 1037 852 οἱ
1062 787 1219 867 διοοθασαί
1230 837 1237 861 ,
1262 785 1296 851 id
1319 791 1368 850 est
1390 790 1446 872 qui
1468 786 1537 852 Ho·

347 893 482 957 merioas
514 891 676 973 διορθώσεις
706 893 873 960 ediderunt
906 893 1100 968 Zenodotus,
1131 891 1374 977 Aristophanes,
1399 892 1537 956 Aristar·

348 996 435 1062 chus.
484 997 574 1078 Quod
604 1002 706 1088 igitur
737 1004 805 1064 arat
834 1001 868 1063 in
899 997 990 1064 libris
1020 1001 1249 1064 vetustissimis
1284 1006 1369 1062 BON
1404 1002 1452 1062 est
1478 1001 1537 1062 aut

346 1102 442 1178 βοῦν,
474 1110 512 1169 ut
538 1105 765 1190 Aristophanes
787 1104 928 1191 legebat,
953 1111 1009 1169 ant
1031 1107 1112 1182 βῶν,
1136 1111 1173 1169 ut
1195 1104 1407 1169 Aristarchus.
1454 1103 1536 1168 Utra

346 1211 503 1294 scriptura
521 1215 569 1277 est
587 1208 711 1297 potiori
735 1208 810 1275 Sine
829 1212 1041 1275 controversia
1059 1210 1288 1295 Aristophanen
1298 1210 1385 1286 βοῦν.
1409 1206 1535 1290 Quare?
1656 1270 1657 1290 ,

345 1319 420 1400 quia
443 1316 516 1394 βοῦς
542 1323 573 1382 ct
596 1316 680 1401 apud
703 1315 882 1382 Homerum
906 1318 1025 1401 passim
1044 1321 1076 1380 et
1095 1316 1180 1400 apud
1198 1335 1307 1381 omnes
1325 1316 1534 1381 Athenienses
1656 1387 1657 1414 ἲ

344 1421 443 1486 habet
464 1442 589 1508 semper
610 1427 643 1487 et
665 1422 784 1507 ubique
807 1424 1026 1487 accusativum
1044 1421 1131 1498 βοῦν.
1156 1421 1217 1487 Sed
1237 1421 1312 1487 audi
1331 1421 1531 1486 Beklserum:

349 1527 432 1606 ,βῶν
456 1528 651 1592 Aristarchus
676 1524 724 1612 (id
745 1534 787 1591 est
809 1525 900 1603 βοέην
924 1526 1024 1615 βοῦν),
1049 1528 1124 1605 βοῦν
1149 1527 1376 1611 Aristophanes,
1400 1528 1448 1606 βῶ
1472 1527 1534 1591 Ηο-
1657 1602 1658 1626 ¹

346 1633 517 1696 radiosus.”
552 1633 638 1720 Ergo
667 1631 731 1710 βῦν
759 1654 798 1699 ex
828 1634 922 1716 βοῦν,
950 1634 1045 1718 idque
1068 1655 1108 1698 en
1131 1633 1221 1710 βοέην
1246 1637 1444 1698 contractum
1467 1653 1533 1698 esse
1657 1629 1658 1642 ¹

345 1738 487 1823 putabat.
525 1737 587 1804 Sed
617 1741 759 1825 primum
790 1737 951 1804 Homerus
982 1759 1044 1804 non
1066 1739 1161 1804 aliter
1183 1740 1286 1804 dicere
1309 1741 1415 1824 potuit
1437 1759 1533 1823 quarn

345 1843 439 1923 βοέην
459 1849 492 1910 et
509 1845 622 1932 βοείην.
648 1854 705 1921 Boii
725 1847 907 1912 Atticorum
927 1850 975 1911 cst
993 1850 1031 1910 ut
1049 1851 1175 1920 λεοντῆ,
1190 1845 1334 1925 raptast
1346 1895 1352 1915 .
1366 1845 1511 1920 οὶλωσεκῆ
1521 1891 1530 1921 ,

345 1955 434 2028 κυνῆ,
470 1972 550 2036 quae
583 1951 703 2019 formae
737 1952 866 2018 Ionibus
897 1972 958 2018 non
986 1956 1061 2016 sunt
1091 1953 1125 2015 in
1155 1973 1235 2035 usu,
1267 1950 1322 2016 sed
1353 1949 1531 2030 σαρδοιέη,

344 2056 518 2136 sulpuris,
552 2056 641 2133 κυνέη
667 2057 858 2144 similiaque.
883 2057 1005 2123 Deinde
1028 2055 1128 2122 semel
1151 2063 1349 2122 contractum
1372 2057 1449 2135 βοῆν
1471 2077 1533 2122 non

344 2163 461 2228 iterum
494 2164 638 2229 contrahi
668 2167 772 2249 potest
801 2166 836 2229 in
859 2164 938 2241 βῶν,
964 2161 1067 2247 qualis
1089 2167 1138 2228 est
1161 2182 1246 2228 error
1268 2162 1395 2237 1111111,
1416 2165 1472 2246 qui
1494 2183 1533 2227 ex

345 2267 491 2347 νοούμενα
523 2268 600 2335 fecit
625 2293 765 2348 ιιιοιαοιιιι,
793 2269 876 2354 quod
899 2269 1069 2334 barbarum
1093 2273 1150 2334 est.
1197 2268 1364 2334 Praeterea
1386 2267 1533 2335 Homeri-

344 2395 418 2440 cum
450 2373 524 2452 βοέη
556 2377 803 2441 contractionem
834 2376 976 2440 Atticam
1008 2377 1041 2439 in
1073 2373 1131 2452 βοῆ
1155 2394 1218 2439 111
1241 2374 1385 2438 admittit
1407 2380 1533 2460 propter

343 2481 563 2566 interpositam
595 2486 826 2546 consonantem.
860 2480 905 2544 Ut
933 2481 1020 2544 enim
1043 2480 1215 2546 Homerica
1238 2485 1313 2545 sunt
1335 2480 1432 2546 πλέειν
1457 2477 1532 2544 πηδ-

343 2610 386 2658 roc
420 2584 578 2661 εὐσλσεέη,
608 2590 641 2650 et
670 2585 736 2666 ρ’έειο
760 2583 853 2670 ῥάνας,
879 2589 912 2650 et
934 2585 1012 2666 χέειν
1036 2583 1123 2666 χδιος
1147 2585 1304 2666 εοινοχδιος
1328 2585 1530 2668 χρυσοχόιος,

343 2696 376 2758 et
398 2689 465 2757 δέεαι
490 2691 583 2768 θινός,
608 2689 699 2756 astro
724 2689 825 2762 σνάεος
849 2690 1003 2766 stercorat,
1024 2693 1069 2756 sic
1087 2691 1191 2769 βοιές,
1211 2692 1292 2770 βιιί.
1312 2691 1397 2771 βόεες
1409 2739 1418 2770 ,
1438 2689 1530 2764 βάεας

344 2797 440 2873 boeio,
461 2797 542 2868 bovi.
566 2797 666 2868 boves.
691 2796 1045 2876 11111611τὸδέγαμμα.
1066 2797 1281 2883 Ι11ιηιιθβσεέη
1301 2802 1333 2864 et
1353 2797 1452 2876 βοεείη
1471 2819 1531 2864 101

343 2906 449 2991 magis
480 2903 623 2968 contrahi
652 2907 783 2988 possunt
813 2923 910 2988 quam
938 2903 1079 2978 εῦιιιιοιίη
1105 2909 1161 2969 aut
1184 2905 1367 2985 χροσοχὸεος
1392 2909 1449 2969 aut
1471 2902 1532 2969 alia

344 3009 576 3076 eiusdemmodi
599 3014 754 3075 sexcenta.
779 3009 900 3075 Eadem
923 3030 1017 3096 opera
1034 3009 1217 3075 confutatur
1236 3009 1340 3075 futilis
1360 3009 1531 3076 Herodiani

343 3117 522 3180 coniectura
549 3115 595 3194 βῦ
628 3136 684 3201 pro
714 3114 795 3194 βέατ
829 3118 904 3200 quia
934 3137 1035 3201 neque
1066 3115 1128 3194 βόα
1161 3113 1321 3181 Graecum
1353 3122 1402 3182 est
1429 3121 1481 3192 et,
1506 3115 1532 3179 si

343 3223 583 3305 quammaxime
607 3227 705 3299 esset,
730 3221 806 3297 βόιοι
831 3222 870 3287 ob
893 3221 1034 3287 mediam
1056 3227 1280 3287 consonantem
1298 3225 1332 3288 in
1351 3243 1449 3288 unam
1469 3219 1530 3308 syl·

343 3325 451 3391 labam
480 3327 652 3394 coalescere
682 3329 801 3412 nequit.
830 3327 941 3412 Itaque
964 3327 1202 3393 Aristarchenm
1226 3327 1532 3406 βῦν111111111111-

342 3437 452 3498 mento
482 3435 593 3498 ninum
627 3435 766 3511 corruit,
790 3438 823 3498 et
845 3436 937 3498 unice
960 3453 1073 3498 verum
1096 3439 1144 3498 est
1167 3434 1436 3519 Aristophaneum
1459 3434 1532 3511 βοῦν

343 3537 494 3620 ἀζαλέην,
527 3539 612 3634 quod
641 3539 781 3623 undique
808 3543 918 3603 tutum
942 3543 998 3604 est.
1036 3541 1109 3611 Βοῦς
1134 3541 1221 3604 enim
1245 3543 1415 3618 Ὁμηρικῶς
1440 3539 1532 3625 plane

343 3646 428 3710 idem
451 3645 610 3734 significat
634 3644 717 3731 qnod
740 3644 855 3728 οὶσιιίς,
880 3633 1002 3718 σοὶκος,
1020 3643 1093 3722 βοέη
1118 3646 1273 3724 ο1βοε1η.
1322 3644 1531 3726 Quemadmo

342 3749 420 3816 dum
444 3753 565 3838 optime
588 3753 706 3817 dicitur
728 3750 819 3816 lliad.
845 3761 891 3817 M.
918 3748 994 3818 137.

503 3849 529 3922 ο1
552 3858 578 3923 δ’
602 3855 665 3930 ἰθὺς
689 3855 760 3936 πρὸς
785 3863 890 3936 τεῖχος
916 3856 1064 3934 έῦδμησον
1088 3866 1198 3924 BOAC
1224 3866 1337 3924 ATAC

507 3961 597 4042 ὑψδσ’
621 3961 829 4041 ιένοισχόμενοι
854 3959 931 4026 ἔκιον
955 3961 1089 4043 μεμοὶλῳ
1114 3964 1276 4044 αλαλητῷ.

342 4069 452 4134 eodem
476 4068 629 4134 modain
652 4067 808 4156 singulari
831 4071 952 4154 optime
975 4069 1073 4134 habet
1090 4077 1228 4147 νωμῆσαι
1250 4078 1363 4136 ΒΟΤΝ
1382 4067 1530 4150 οῦζοιιέην,

344 4180 376 4239 et
405 4175 469 4252 βοῦν
500 4174 584 4238 nihil
615 4174 703 4239 aliud
726 4179 773 4240 ert
797 4195 894 4258 quam
918 4175 1060 4256 σφάλμα
1084 4181 1142 4240 τῶν
1165 4178 1220 4252 σὺν
1244 4176 1382 4257 οὶοχαέαν
1405 4177 1531 4257 γραφὴν

344 4287 429 4345 BON
453 4281 555 4352 κακῶς
578 4278 971 4362 μεσαχαροικτηοισοὶνσιον.

388 4487 437 4554 nx
460 4487 569 4552 eodem
594 4491 696 4576 igitur
720 4489 804 4554 fonte
827 4495 998 4554 manarunt
1021 4495 1053 4555 et
1076 4490 1133 4557 alii
1157 4511 1293 4576 errores,
1317 4513 1395 4578 quos
1414 4493 1532 4579 partim
