3208 5158
879 357 945 429 212

317 547 523 618 tralevenrurr
552 555 659 617 ortum
686 557 734 618 est
757 549 870 617 deinde
894 551 1102 633 εὐφημότερον
1124 557 1351 620 aramentum.
1394 553 1494 638 ltaque

318 657 414 723 nihili
445 664 492 723 est
522 657 675 744 Stephani
705 655 904 734 Μολοεοτδς,
930 663 962 724 et
988 661 1192 744 perspicuum
1215 667 1265 726 est
1291 659 1367 725 olim
1391 660 1494 746 oppido
1586 696 1587 748 3

319 762 491 828 Maniam
530 784 646 829 nomen
685 763 791 829 fuisso.
851 761 933 829 (lent
919 769 1020 828 traete
1054 765 1156 831 forma
1187 771 1317 838 Μαλοῦς
1353 769 1495 850 reperitur

318 870 404 955 apud
434 869 621 935 Strabonem
653 889 728 958 pag.
751 867 828 934 60³.
875 871 1017 954 Antiqua
1039 871 1123 1006 apud
1146 871 1370 958 Thucydidem
1391 870 1444 937 Ill.
1468 870 1494 936 3.

319 975 349 1045 ἐς
373 975 425 1040 τὸν
448 975 621 1040 Μολόεντα
645 975 777 1052 ἐξῆλθον.

365 1401 473 1466 Eltiam
491 1402 525 1466 in
547 1398 639 1464 libris
661 1401 817 1471 vetustis,
835 1400 893 1465 nbi
911 1400 946 1466 το
971 1400 1046 1465 Ξῶτοο
1070 1404 1177 1467 vetere
1199 1421 1289 1467 more
1312 1401 1496 1488 adseriptnm

322 1511 501 1592 comparet,
531 1504 696 1590 complura
717 1505 872 1571 voeabula
894 1507 971 1570 ἷῶτοο
994 1505 1196 1595 negligenter
1217 1510 1336 1574 omisso
1359 1506 1497 1574 mendosa

321 1621 403 1676 sunt.
451 1611 565 1697 Itaque
587 1609 735 1678 Straboni
757 1613 877 1697 passim
900 1611 1075 1679 reddendae
1098 1619 1173 1678 sunt
1194 1613 1272 1680 haee
1293 1614 1428 1680 formae:

354 1717 521 1798 Ἁχελῷος.
600 1735 602 1738 ·

369 1822 452 1904 ζῷον.

366 1929 465 2011 Κῷος,
496 1928 672 2100 Μυρτῷοοῖ
691 1931 827 2007 Γελῷος,
858 1930 1010 2009 Νειλῷον,
1044 1930 1209 2011 ’Λκροοθῷοο
1246 1931 1335 2017 (libri
1371 1927 1496 2010 οἱνιρὸθοοοο

410 2056 484 2122 pag.
518 2033 672 2119 331.)et
701 2036 830 2100 omnino
852 2034 980 2100 nullum
1004 2041 1053 2101 est
1039 2035 1270 2104 tadieetirum
1293 2033 1477 2104 Graaenm'
1469 2055 1497 2098 m

322 2149 449 2207 -ooc
472 2143 596 2225 exiens,
620 2141 699 2205 in-
680 2149 823 2208 -ssloc
848 2146 965 2208 exeunt
987 2143 1106 2208 omnia.

365 2247 475 2332 arripe.

366 2357 516 2438 Μητρῷον.

364 2462 483 2546 Μινῴα.

365 2567 473 2652 urina
1215 2619 1216 2624 ο

366 2678 470 2758 πρῷροο
498 2697 574 2743 eum
605 2676 790 2762 compositis
825 2673 1042 2756 ἅνδρόπρορροο,
1078 2671 1270 2756 βούπρῳρος,
1306 2671 1498 2756 ὶκρέπρῳρον,

321 2782 512 2864 ὑψόπρςορος,
537 2787 612 2849 cett.

366 2893 481 2973 Πτῷον.

365 2997 511 3082 Τρῳάδα.

367 3109 502 3190 ὑπερῷον.

366 3215 414 3297 ςὀοὶν
435 3219 468 3280 et
491 3213 640 3296 ᾠοτοκεῖν.
1586 3203 1587 3290 l

1586 3347 1587 3386 l

1586 259 1587 292 l

1586 377 1587 426 l

1586 621 1587 692 l

542 1217 769 1285 Revoeandnm
793 1215 829 1282 τὸ
854 1217 1163 1330 προγεγραμμένον
1186 1221 1273 1285 lbra.

1586 1324 1587 1395 l

1586 1655 1587 1694 l

1586 1975 1587 2024 l

365 3319 530 3388 contrario
555 3337 658 3384 errore
681 3318 813 3401 peoeant
835 3313 955 3379 scribae
977 3313 1036 3378 ubi
1058 3313 1213 3390 οὶθιὶοοροοο,
1239 3313 1362 3391 laesor
1387 3316 1419 3380 ot
1438 3314 1500 3378 sim·
1586 3299 1587 3330 l

225 3409 231 3416 ’
322 3426 493 3502 dederunt,
519 3435 551 3490 et
574 3425 608 3488 in
632 3423 757 3488 aoristie
781 3413 865 3500 ἦοροο,
890 3417 1021 3503 iescae,
1045 3419 1230 3505 reliquaque
1248 3419 1283 3484 id
1303 3439 1415 3508 genus.

364 3531 523 3617 Perpetuo
554 3529 674 3594 scribae
702 3527 873 3598 librorum,
907 3545 985 3610 quos
1015 3526 1169 3591 hebemus
1200 3527 1337 3610 optimos
1369 3531 1402 3591 et
1431 3524 1502 3591 anti·

321 3640 506 3723 quissimus,
528 3635 688 3704 Platonis,
710 3631 953 3706 Demosthenis,
976 3629 1147 3714 Herodoti,
1168 3630 1327 3695 adverbiis
1346 3633 1380 3695 in
1404 3653 1501 3706 -τερο

320 3751 353 3810 et
385 3743 502 3806 -τοέτω
533 3744 678 3825 ineptum
710 3741 787 3803 Ξῶτο
818 3737 932 3802 addere
964 3735 1082 3812 solent,
1111 3735 1258 3814 ἀνωτέρωο
1284 3737 1454 3803 scribentes
1475 3739 1503 3799 et

320 3848 480 3916 ἀνωτάτωο
504 3846 716 3930 similiterque
737 3847 773 3909 in
795 3845 926 3909 caeteris
951 3843 1109 3908 omnibus.
1154 3841 1244 3906 Idem
1265 3843 1421 3908 mendum
1443 3863 1502 3905 οονο

319 3963 433 4022 taeter
456 3959 586 4040 apparet
611 3955 646 4016 ia
669 3950 832 4016 Strabonis
856 3951 977 4033 optimo
1000 3949 1046 4014 A:
1071 3946 1110 4013 ad
1133 3967 1206 4034 pag.
1233 3945 1253 4011 9
1279 3953 1409 4014 annotat
1430 3947 1503 4013 Kra-

319 4079 445 4128 marus:
478 4059 669 4138 „terrester
698 4057 727 4122 Α
750 4055 844 4120 etsie
866 4051 1051 4118 eonium
1074 4058 1106 4118 et
1129 4055 1248 4118 iterum
1271 4053 1311 4117 ed
1333 4073 1407 4141 pag.
1431 4049 1501 4118 289.

321 4167 522 4247 „reserares
545 4165 574 4230 Α
597 4186 632 4227 ae
652 4163 697 4226 εἱο
714 4159 916 4246 plerrcmqae.’'
951 4159 1036 4239 Quid
1059 4163 1163 4243 potest
1186 4179 1252 4224 osae
1275 4158 1335 4224 hao
1353 4162 1502 4244 scriptura

318 4267 476 4357 ineptius?
512 4267 574 4335 Sed
604 4268 728 4333 librarii
757 4267 952 4332 imbiberant
982 4263 1081 4331 semel
1103 4265 1185 4329 hano
1207 4265 1354 4350 apionem
1376 4281 1502 4350 eamque

318 4380 352 4444 in
376 4376 539 4443 scribendo
563 4374 784 4460 sequebantur.

288 4556 289 4559 ,
364 4481 414 4550 Ad
436 4481 523 4550 idom
546 4500 648 4566 genus
671 4481 825 4546 vitiorum
849 4478 1048 4546 referendum
1072 4472 1190 4561 estid,
1210 4476 1293 4562 qnod
1312 4476 1346 4542 in
1359 4485 1502 4542 Afflzo·
