3410 5180
765 337 830 408 455

200 530 320 610 βιόντος
352 536 425 600 cett.
458 551 535 597 nam
564 533 635 618 quie
665 529 847 597 admonitus
877 550 941 596 non
970 531 1068 596 sentit
1097 551 1137 596 ex
1160 540 1283 597 Blosc
1307 529 1389 598 nibil

200 636 288 703 aliud
319 659 416 724 quam
446 635 567 716 βιόντος
591 637 723 704 formari
745 639 905 722 potuisse,
930 641 969 702 ut
991 634 1139 712 διδόντος,
1161 636 1280 723 δόντος,
1301 637 1389 716 yetu-

199 766 268 820 τος,
304 740 453 817 αλόντοςό
498 742 638 810 Memini
670 763 771 828 quum
804 763 858 808 me
891 763 929 809 ea
958 741 1116 808 scribendi
1148 746 1324 811 constantia
1354 746 1389 808 in

200 869 337 916 errorem
367 850 540 916 induceret.
571 850 606 912 in
636 849 714 913 Noe.
745 847 839 912 Deru.
872 869 945 936 pag.
979 845 1056 914 576.
1088 852 1120 915 et
1143 849 1178 914 iu
1200 850 1390 933 Mnemepne

57 1011 65 1022 .
200 955 254 1021 Xl
283 954 381 1022 1862.
404 977 478 1045 pag.
505 952 581 1020 143.
606 956 742 1020 soecos
764 974 817 1020 eos
840 975 907 1020 esse
930 953 1171 1042 intelligebam,
1196 954 1251 1022 sed
1269 957 1389 1024 formae

108 1101 112 1108 ,
199 1063 233 1128 in
265 1065 398 1136 -οῦντος
428 1064 579 1128 exeuntes
601 1060 685 1126 mihi
706 1065 859 1148 perpetuo
883 1063 1030 1127 omnium
1052 1082 1113 1126 usu
1132 1063 1210 1128 eatis
1228 1062 1390 1131 stabilitae

200 1189 267 1235 esee
295 1166 496 1235 ridebantur.
541 1165 636 1232 Nunc
661 1171 831 1252 postquam
853 1168 1028 1234 sexcenties
1051 1165 1213 1233 Iulianum
1239 1171 1272 1234 et
1293 1167 1389 1236 Liba·

199 1277 291 1340 nium
312 1279 345 1340 et
368 1272 448 1340 elios
468 1273 608 1353 βιοῦντες
630 1292 687 1360 pro
707 1273 815 1354 ζῶντες
839 1273 948 1340 audivi
967 1273 1121 1358 dicentes,
1142 1275 1288 1360 perspexi
1305 1275 1390 1342 unde

200 1381 330 1446 tandem
358 1377 435 1446 libri
463 1383 610 1446 veterum
640 1378 700 1446 hec
726 1384 812 1445 certa
835 1383 868 1445 et
890 1384 1043 1466 perpetua
1064 1377 1136 1444 labe
1162 1379 1227 1444 sint
1249 1399 1388 1447 comma-

200 1485 308 1552 culati.
344 1485 456 1572 Itaque
478 1489 517 1551 ut
539 1485 624 1572 apud
646 1483 817 1552 Platonem
837 1487 872 1550 in
894 1485 1012 1576 Hippio
1034 1484 1145 1550 maiore
1166 1505 1239 1574 pag.
1262 1483 1339 1552 281.
1355 1503 1386 1552 u.

200 1593 226 1658 si
250 1595 301 1658 νῦν
323 1595 398 1670 ἡμῖν
419 1591 433 1656 ό
456 1592 530 1666 Βόας
555 1590 695 1674 οὶναβιῴη
720 1591 953 1658 emendandum
978 1595 1026 1656 est
1047 1591 1210 1676 όναβιοόη,
1234 1593 1280 1658 sic
1303 1592 1388 1679 apud

199 1697 447 1765 Demosthenem
478 1718 554 1787 pag.
583 1694 681 1764 1033.
708 1696 760 1763 16.
797 1696 1061 1776 ἐτιβιοῦντος
1096 1697 1181 1776 μετόν
1203 1703 1311 1764 ταῦτα
1333 1703 1386 1766 τοῦ

199 1803 393 1870 Πολυεύκτου
428 1811 519 1870 πλεῖν
554 1802 571 1879 ἢ
608 1802 691 1900 τένό
727 1803 854 1883 ἡμέρας.
889 1807 922 1868 et
952 1823 1026 1891 pag.
1054 1800 1152 1869 1034.
1178 1803 1209 1870 3.
1238 1806 1313 1886 τοός
1335 1806 1387 1873 τόν

199 1910 390 1977 Πολύευκτον
413 1908 661 1987 secessum
684 1907 843 1983 τοσαύτας
868 1908 983 1990 ἡμέρας
1005 1929 1194 1995 reponemus
1214 1909 1385 1990 ἐπιβιόντος

200 2022 232 2083 et
262 2017 443 2096 ἐπιβιόντα,
475 2020 508 2083 et
539 2016 731 2102 patefactam
758 2013 858 2081 semel
883 2014 964 2080 hanc
989 2011 1219 2082 Graeculorum
1241 2016 1387 2084 fraudem

200 2122 309 2190 sedulo
330 2123 473 2209 undique
496 2141 535 2188 ex
557 2120 710 2188 Veterum
733 2122 859 2206 scriptis
882 2119 1089 2208 expellemus.

139 2383 143 2390 .
243 2331 324 2421 Peg.
356 2329 411 2397 24.
443 2329 499 2396 24.
531 2335 626 2396 πονῶν
658 2329 767 2403 ἐκεῖνος
799 2329 893 2402 αὐτός
924 2329 977 2396 καὶ
1006 2329 1109 2410 ταριῖιν
1131 2329 1185 2411 ἐφ’
1207 2327 1309 2397 ἅπασι
1333 2333 1386 2398 καὶ

198 2436 317 2518 μηδένα
340 2435 441 2517 καιρόν
463 2435 536 2515 μηδ’
559 2433 637 2517 cipue
657 2434 869 2518 ταραλεότων.
911 2433 1060 2522 Suspicor
1077 2436 1285 2524 participium
1304 2440 1387 2504 cxci·
1493 2523 1496 2530 Ι

199 2545 282 2610 disse
304 2545 404 2610 etsie
427 2563 494 2611 esse
516 2541 736 2610 scribendum:
760 2540 877 2621 μηδένα
902 2541 1003 2622 καιρόν
1024 2549 1192 2608 ΠΑΡΙΕΙΟ
1215 2542 1288 2622 μηδ’
1310 2541 1386 2624 ὥραν

198 2649 411 2732 repressisse.
464 2645 591 2739 (lolligo
620 2650 656 2716 id
686 2670 725 2716 ex
754 2649 795 2714 iis
824 2669 904 2734 quae
933 2649 1089 2734 impostor
1115 2668 1189 2736 pag.
1223 2648 1299 2715 156.
1331 2650 1386 2718 26.

198 2760 306 2844 aperte
327 2777 365 2822 ex
388 2755 540 2824 hocloco
564 2758 697 2822 sumsit:
721 2754 792 2821 οὕτε
811 2754 912 2835 καιρόν
935 2754 1086 2836 ταριεὶς
1111 2753 1181 2820 οὔτε
1203 2751 1280 2836 ὥραν
1300 2754 1385 2830 ἔτονς

198 2861 399 2944 ταραλεότςον
430 2860 585 2940 οὐδεμίαν,
630 2860 762 2948 Proprie
785 2860 904 2926 dicitur
925 2859 1066 2941 παριέναι
1091 2857 1213 2940 καιρόν,
1237 2881 1300 2927 non
1324 2886 1385 2928 τα-

197 2967 372 3049 pessime.
398 2971 437 3032 ut
457 2988 531 3055 pag.
557 2964 611 3032 98.
637 2962 829 3033 16.ο1νννν1
854 2964 977 3045 ταοεό
984 2990 1085 3031 κατε
1109 2971 1231 3045 καιρῶν.
1257 2973 1290 3033 et
1309 2988 1384 3056 pag.

199 3073 276 3142 326.
301 3073 355 3140 24.
378 3071 431 3139 τόν
453 3070 566 3141 ἑνός-ον
589 3070 691 3153 καιρόν
713 3072 746 3138 οὐ
770 3069 1000 3152 ταρεόέντα
1025 3106 1045 3121 -
1059 3071 1111 3137 ὑπ’
1135 3071 1228 3148 ἐμοῦ,
1252 3076 1285 3137 et
1307 3073 1386 3140 alibi

198 3183 335 3270 saepius.

242 3391 321 3479 Peg.
357 3385 412 3455 25.
450 3385 482 3454 3.
516 3385 769 3466 Λακεδαιμονίοις
804 3385 863 3463 μέν
896 3409 970 3451 τοτε
1008 3385 1081 3466 ὑπὲρ
1112 3391 1171 3452 τῶν
1202 3388 1387 3465 Ἑλληνικῶν

197 3495 320 3563 δικαόονν
350 3493 517 3574 ἀντήρατε.
565 3491 665 3560 Pleno
695 3494 849 3559 assentior
877 3492 1021 3558 Dobroeo
1048 3491 1087 3558 ad
1110 3491 1179 3558 h.1.
1204 3499 1386 3562 metenti:

199 3602 300 3685 ,ὑπὲρ
331 3606 390 3666 τῶν
425 3602 610 3675 Ἑλληνικῶν
642 3598 764 3666 δικαόοιν
785 3599 945 3685 manifesto
967 3605 1040 3664 eata
1062 3621 1098 3663 cc
1120 3599 1204 3664 Phil.
1227 3599 1253 3666 Ι.
1269 3625 1306 3685 p.
1331 3600 1384 3669 40.

189 3711 250 3794 fin.
298 3708 382 3775 Misi
403 3707 523 3772 videtur
543 3706 594 3771 tte
616 3705 770 3789 lcyeudm
795 3705 868 3786 ὑπὲρ
893 3710 952 3771 τῶν
974 3704 1149 3784 Ἑλλήνων,
1172 3705 1217 3770 iti
1236 3706 1308 3790 ὑπὲρ
1329 3715 1388 3774 τῶν

195 3811 352 3881 trustes?

242 4023 322 4112 Peg.
347 4019 401 4090 37.
427 4020 480 4088 19.
505 4020 559 4086 όιὶν
581 4017 631 4088 οὖν
654 4019 744 4086 αλλὰ
768 4024 818 4086 νῦν
837 4023 872 4099 γ’
893 4018 937 4086 ἔτι
959 4056 979 4070 -
992 4019 1156 4096 ἐθελήσητε
1174 4021 1386 4104 crassentur.

195 4129 326 4200 Veteres
346 4127 492 4197 dicebant
508 4126 597 4194 tesi
619 4131 670 4193 νῦν
688 4129 806 4193 omisso
825 4127 859 4206 y·
880 4126 925 4192 ότι
945 4125 1173 4212 Aristophanes
1185 4129 1271 4194 Aee.
1286 4129 1385 4198 1598.

420 4235 474 4301 see
496 4232 531 4300 τό
554 4232 672 4300 όόααιον
696 4233 786 4299 όλλόο
810 4237 862 4300 νῦν
885 4231 1009 4305 όόόλητε
1031 4234 1114 4314 opole.

240 4345 291 4412 An
313 4341 544 4411 Demosthenes
569 4361 694 4428 quoque
717 4342 762 4406 sic
785 4339 903 4406 dixerit
926 4339 1141 4426 quaerendum
1165 4345 1223 4407 est.

243 4449 338 4539 Apud
365 4448 498 4539 Lysiam
529 4453 614 4516 recte
644 4445 766 4536 legitur
795 4467 869 4536 peg.
904 4444 980 4516 117.
1017 4446 1073 4514 28.
1107 4443 1146 4513 όν
1181 4472 1245 4522 τοις
1274 4449 1386 4519 οὶλλόι
