3358 5200
762 355 803 422 17

174 551 230 616 les
254 571 294 616 ex
316 549 478 616 similibus
501 548 694 635 interpolari.
740 549 820 637 Peg.
845 549 898 614 22.
923 552 957 614 in
977 550 1048 615 ahie
1067 550 1158 616 libris
1175 556 1223 616 est
1246 551 1374 639 [νοσοῦσι

175 655 252 742 καί]
277 654 457 735 ςασιοίζυνσι
482 656 533 719 καί
558 653 812 734 τεταραγμένοις.
861 655 940 744 Peg.
964 655 1038 720 113.
1061 657 1204 743 Philippi
1223 659 1374 742 perfaceti

174 762 323 826 hominis
344 763 464 826 honum
488 761 611 826 dietum
634 763 739 846 periit.
775 763 982 842 Aeprotantem
1000 762 1125 826 συνίσασι
1145 763 1240 828 viam
1259 762 1373 831 Graeci

176 867 294 932 dicunt
325 866 557 932 ε’τισκοπείσθαί
587 889 666 930 τινα.
713 865 800 930 Hine
829 866 973 953 Philippi
1003 870 1091 933 iocus
1115 869 1373 950 ἐπισκεψομένους

176 973 245 1053 ἔφη
279 974 348 1046 τοὺς
384 974 556 1055 ςρατιύτας
592 970 810 1050 πεπομφέναι·
847 974 1049 1038 τυνθιίνετθαι
1086 975 1148 1054 γὰρ
1185 977 1296 1047 αὐτοὺς
1332 979 1371 1048 ὡς

175 1085 317 1144 νοσοῦσι·
347 1081 529 1159 συμμάχων
562 1077 588 1141 θ’
616 1074 692 1142 εἶναι
717 1077 769 1142 καί
794 1078 893 1158 Φίλων
917 1081 1063 1151 οίλκθινῶν
1088 1081 1118 1144 ἐν
1142 1088 1204 1150 τοῖς
1227 1083 1371 1154 τοιούτοις

175 1193 294 1265 καιροῖς
315 1194 468 1263 παρεῖναι.
516 1181 666 1269 Corrupit
685 1204 814 1250 omnem
833 1183 911 1248 dieti
930 1183 1071 1270 leporem
1092 1189 1147 1272 qui
1167 1190 1238 1251 κατ’
1255 1185 1372 1252 εύνυιαν

175 1293 222 1358 de
256 1313 312 1356 sno
346 1291 486 1356 addidit:
518 1291 595 1355 hsee
626 1292 713 1354 enim
742 1293 812 1374 ipsa
843 1289 941 1354 εύνοια
974 1295 1022 1355 est
1052 1292 1086 1356 τὸ
1118 1292 1187 1364 τοὺς
1211 1297 1371 1364 νοσοῦντος

175 1398 432 1473 ἐπισκοπεῖσθαι,
468 1396 524 1462 sed
557 1395 650 1481 plane
686 1416 814 1461 omnem
848 1398 956 1462 iocum
989 1398 1207 1482 pessumdedit
1241 1401 1296 1484 qui
1331 1397 1371 1463 ad

174 1509 299 1569 νοσοῦσι
330 1503 369 1568 de
398 1523 455 1567 sno
486 1502 653 1586 adscripsit
683 1501 735 1565 καί
767 1501 965 1581 τασιύζουσιν
996 1502 1026 1566 ἐν
1050 1504 1166 1572 αὐτοῖς.
1214 1504 1372 1569 Feruntur

174 1615 290 1674 tamen
319 1607 396 1673 haee
425 1611 460 1672 in
493 1608 639 1672 omnibns
669 1606 774 1682 libris,
806 1609 869 1672 nisi
892 1607 975 1693 qnod
999 1605 1021 1672 S
1045 1609 1074 1674 ἐν
1100 1609 1202 1680 αὐτοῖς
1228 1611 1368 1674 omittit:

173 1716 236 1782 sed
266 1715 348 1780 unde
370 1712 657 1801 propulluleverint
680 1714 742 1777 ista
765 1716 873 1778 omnia
899 1713 1058 1778 similium
1079 1714 1222 1780 looorum
1246 1735 1370 1801 compa·

173 1821 262 1886 ratio
286 1823 434 1886 eontinuo
458 1819 603 1884 ostendit.

226 1925 305 2006 Quis
335 1928 437 2014 igitur
466 1923 637 1989 mirabitur
665 1945 739 2010 pag.
771 1921 844 1987 123.
880 1944 936 2007 pro
968 1930 1129 1996 νοσοῦντας
1154 1927 1183 1989 ἐν
1207 1928 1311 1997 αὐτοῖς
1335 1928 1368 1990 in

172 2031 341 2098 nonnullis
362 2031 429 2119 legi
449 2034 606 2100 νοσοῦντας
632 2029 662 2092 ἕν
687 2031 791 2099 αὐτοῖς
815 2029 867 2093 καί
892 2028 1162 2108 τεταραγμένουςί
1209 2030 1287 2111 Quis
1306 2051 1369 2097 non

172 2140 290 2204 statim
321 2137 409 2202 videt
441 2136 617 2201 adhaesisse
648 2135 725 2200 haee
747 2155 784 2200 ex
808 2153 882 2222 pag.
908 2134 961 2200 22.
988 2132 1038 2199 st
1062 2135 1104 2199 lit
1127 2134 1205 2200 olim
1230 2141 1262 2200 et
1285 2158 1369 2202 nune

171 2241 401 2309 Demosthenis
431 2240 563 2307 lectores
595 2245 627 2304 et
659 2239 865 2305 admiratores
895 2240 1181 2325 praeelsrissimam
1211 2262 1370 2326 quamque

170 2354 261 2431 ῥῆσιν
284 2349 434 2413 tenebant
457 2347 642 2412 memoriter
665 2353 697 2410 et
719 2347 794 2411 hine
817 2356 924 2411 erebro
947 2346 1022 2411 illae
1045 2345 1242 2412 confusiones
1260 2365 1365 2411 nesce-

175 2456 307 2520 bantur.

224 2559 312 2626 Dabo
335 2558 474 2625 slterum
499 2555 692 2642 exemplum.
737 2557 872 2645 Legitur
894 2579 966 2645 pag.
992 2555 1046 2622 23.
1071 2554 1125 2622 27.
1150 2563 1200 2622 νῦν
1223 2557 1280 2634 μὲν
1303 2559 1368 2622 ἐπι-

171 2672 283 2730 σκοπεῖ
309 2664 427 2734 τούτοις
458 2663 493 2725 ri
525 2663 701 2740 κατορθοῦν·
733 2665 766 2727 αἱ
799 2662 862 2740 γὰρ
886 2661 1049 2740 εὐπραξίαι
1071 2663 1164 2727 δειναί
1189 2663 1367 2742 συγκρύψαι

171 2771 220 2834 τὰ
251 2773 382 2833 τοιαῦτα
412 2768 518 2840 Aaron.
561 2765 615 2832 Sic
647 2766 670 2832 S
701 2772 733 2833 et
762 2769 923 2834 meliores:
954 2772 989 2832 in
1022 2768 1094 2833 aliis
1117 2774 1164 2834 est
1188 2768 1367 2847 συγκρύψαι

172 2875 230 2940 καί
263 2876 430 2939 συσκιύσαι
462 2879 518 2938 sut
545 2874 723 2951 συγκρύψαι
746 2897 797 2952 γρ.
821 2875 988 2940 συσκιάσαι
1013 2880 1069 2940 out
1093 2875 1271 2954 συγκρύψαι
1297 2876 1365 2938 ιίντί

171 2986 230 3045 τοῦ
262 2983 437 3046 συσκιιίσαι.
485 2978 575 3044 Unde
606 2978 684 3042 haee
714 2977 842 3045 omnia?
871 2981 995 3066 Nempe
1026 3002 1064 3046 ex
1096 2983 1236 3046 oratione
1260 2985 1368 3066 spuria

170 3108 250 3173 pag.
285 3086 357 3150 155.
388 3085 443 3150 22.
475 3091 524 3148 νῦν
556 3086 613 3161 μὲν
646 3083 681 3148 τὸ
715 3087 875 3163 κατορθοῦν
899 3087 992 3152 αύτθν
1017 3087 1176 3150 ἐπισκοτεῖ
1198 3091 1276 3151 πᾶσι
1300 3095 1391 3176 τοῖςΙ

170 3191 337 3261 τοιούτοις·
369 3193 401 3256 αί
435 3194 496 3271 γὰρ
527 3189 690 3269 εὐπραξίαι
715 3190 808 3253 δειναί
833 3189 1012 3272 συγκρύψαι
1037 3192 1090 3255 καί
1114 3194 1282 3260 συσκιυίσαι
1306 3195 1366 3262 τοὶς

171 3297 333 3377 ἁμαρτίας
354 3304 412 3361 τῶν
432 3297 590 3375 ἀνθρώπων
610 3295 699 3378 είσίν,
720 3296 776 3360 uhi
799 3317 856 3381 pro
878 3299 937 3368 τας
962 3296 1121 3376 ιίααρτίας
1144 3301 1178 3362 in
1201 3297 1363 3363 nonnullis

170 3405 297 3490 legitur
315 3403 357 3467 τὰ
369 3408 500 3466 τοιαῦτα
512 3401 616 3475 ὀνείδη.
651 3399 894 3486 interpolatores
905 3422 1144 3488 nonnumquam
1156 3403 1194 3467 de
1206 3403 1363 3468 industris

171 3511 365 3575 sententium
395 3507 602 3574 Demostheni
634 3506 810 3572 subiectam
843 3507 950 3592 aliqua
983 3508 1167 3573 diversitate
1195 3508 1364 3574 verborum

171 3617 324 3702 obtegere
355 3620 386 3679 et
413 3617 458 3696 sio
481 3634 539 3678 sue
561 3613 647 3678 furta
671 3611 871 3678 dissimulare
895 3612 1012 3690 solent,
1038 3613 1093 3679 sed
1114 3611 1167 3679 vel
1188 3616 1233 3679 sio
1256 3619 1364 3680 tamen

170 3722 262 3786 fraus
283 3719 435 3807 perpluit.

221 3931 426 3998 Ostendimus
457 3931 535 3996 alibi
564 3931 736 4010 παρεῶσθαι
762 3934 793 3994 et
817 3932 1029 4008 παρευρᾶσθαι
1052 3934 1136 3998 inter
1159 3953 1191 3998 se
1214 3931 1363 3997 eonfundi

173 4037 284 4102 solere.
332 4035 414 4102 Vera
443 4039 599 4123 scriptura
630 4037 732 4101 evasit
762 4054 835 4121 pag.
869 4034 923 4101 23.
959 4035 1011 4100 14.
1044 4039 1216 4115 παρεῶσθαι
1247 4038 1298 4101 καί
1332 4039 1362 4101 ἐν

173 4142 291 4215 οὐδενὸς
323 4139 399 4207 είναι
432 4142 515 4220 μέρει
547 4141 598 4206 τὸν
630 4144 779 4215 τοιοῦτον,
810 4140 863 4206 sed
886 4141 1037 4207 mendosa
1057 4142 1153 4208 lertio
1177 4142 1280 4207 adhue
1304 4144 1362 4207 eir-

173 4248 351 4314 cumfertur
381 4269 454 4336 pag.
488 4246 563 4312 655.
599 4247 650 4312 15.
681 4243 756 4318 θίιωο
790 4246 852 4323 γὰρ
878 4247 1044 4324 ἡγήσονται
1069 4250 1281 4327 παρεωροῖσθαι
1306 4250 1363 4326 μὲν

174 4353 287 4430 αὐτοί,
317 4352 387 4432 πρὸς
422 4352 658 4433 Κερσοβλέπτην
688 4351 715 4417 δ’
746 4353 912 4417 σίποκλῑναι
936 4353 1036 4429 ὑμᾶς.
1063 4353 1117 4418 uhi
1141 4356 1174 4417 in
1198 4351 1220 4418 S
1243 4374 1363 4419 memo·

175 4465 268 4524 ratur
278 4457 376 4524 alters
388 4461 544 4544 scriptura
555 4483 603 4538 γρ.
619 4459 802 4538 παρεῶσθαι.
827 4457 926 4522 Nullo
938 4457 1032 4523 datur
1042 4461 1138 4542 optio:
1151 4461 1363 4538 παρεωρᾶσθαι

1206 4566 1220 4610 s
