3208 5158
661 389 727 464 233

214 586 325 675 (αὐτὰρ
348 584 414 652 ἐπεὶ
438 583 541 658 πθσιος
565 585 617 650 καὶ
643 579 781 667 ἐδητύος)
802 577 878 647 ‘All’
903 581 1166 651 'essACANTO.

111 691 153 760 θνα
182 694 225 771 μη
254 696 297 765 εἰς
328 690 411 772 κθρον
440 691 547 756 έσθθειν
577 691 630 764 καὶ
659 691 754 756 πθνειν
776 687 941 766 λέγωνται.
989 687 1139 778 Oogitare
1161 688 1291 756 videtur

4 833 6 864 ι
111 801 144 866 dc
170 799 346 866 Ptolemaei
369 800 527 875 convivis,
551 800 608 883 qui
632 817 733 883 quum
756 815 794 860 ex
818 794 921 880 epulis
944 800 1043 884 regiis
1066 798 1167 862 saturi
1190 815 1293 862 rever·

4 871 6 958 l
109 910 228 990 iissent,
259 927 322 972 non
353 904 447 970 facile
470 906 580 969 statim
601 907 693 970 novis
721 901 856 986 dapibus
879 906 964 969 vesci
986 905 1172 990 potuissent.
1219 899 1294 968 Alia

109 1019 191 1079 erant
212 1019 273 1077 τῶν
296 1011 394 1091 ἡρώων
414 1008 432 1086 sl
453 1034 489 1075 τε
513 1011 596 1091 ῥθιμη
621 1008 674 1074 καὶ
701 1011 717 1085 ἡ
742 1007 858 1074 δίαιτα.
893 1008 1010 1075 Mirari
1029 1010 1113 1077 soleo
1134 1008 1218 1095 quod
1236 1007 1294 1073 Di·

108 1120 220 1206 dymus
243 1117 384 1184 eddidit:
409 1117 483 1181 ἀλλ’
507 1111 587 1193 θμιοο
612 1117 669 1181 ὑπὸ
695 1120 837 1196 περιττῆς
861 1115 1035 1194 εὐλαβεθαε
1056 1115 1139 1182 οὐδὲν
1159 1123 1294 1181 ΜΘΤΕ-

110 1232 247 1289 ΘΗΚΕΝ
272 1225 303 1288 έν
326 1230 462 1294 πολλαῖς
487 1219 580 1292 οὕτως
602 1221 691 1302 εὑρὼν
716 1220 883 1302 Φερομένην
907 1223 963 1298 τὴν
982 1223 1120 1306 γραφήν.
1151 1221 1296 1288 Utuntur

109 1351 211 1396 omnes
238 1328 297 1396 illo
327 1328 397 1394 loco
429 1328 469 1394 ad
497 1328 781 1394 demonstrandum
805 1335 921 1413 quanta
945 1328 1101 1417 religione
1124 1332 1158 1394 in
1182 1331 1296 1395 consti·

109 1437 220 1503 tuendo
253 1435 426 1501 Homerico
460 1439 553 1500 textu
586 1433 790 1500 Aristarchus
823 1434 920 1500 fuerit
955 1457 1040 1502 usus.
1088 1434 1150 1501 sed
1188 1437 1296 1502 omnia

111 1543 235 1609 suadent
257 1547 296 1608 ut
319 1539 485 1606 credamus
508 1540 558 1621 θιψ
584 1538 740 1605 ἐπάσαντο
765 1560 832 1604 esse
854 1543 955 1625 ipsius
978 1541 1156 1608 Aristarchi
1175 1544 1295 1607 coniec-

111 1652 210 1714 turum
239 1670 301 1715 non
329 1646 502 1713 admodum
535 1645 663 1713 felicem
693 1666 794 1731 neque
829 1645 1025 1734 elegantem,
1046 1653 1094 1713 ⁴et
1126 1646 1296 1736 vulgatam

112 1758 292 1842 scripturam
322 1775 386 1820 non
418 1755 449 1818 ἐν
473 1760 620 1825 πολλοῖς
634 1752 689 1819 sed
712 1754 742 1816 έν
770 1749 889 1824 πθσαις
912 1752 1029 1819 lectam
1052 1753 1160 1820 fuisse.
1208 1752 1295 1834 Quae

114 1865 157 1926 cst
177 1864 293 1951 igitur,
318 1880 452 1946 quaeso,
476 1858 535 1924 illa
558 1860 685 1940 περιττὴ
709 1855 887 1936 ceaddae?

153 1967 243 2034 Iliad.
268 1977 292 2033 Ι.
317 1965 394 2032 452.
420 1966 593 2031 παλλακίδι
616 1973 820 2046 προμιγῆναιτ
845 1964 1048 2030 'Ansensc
1071 1970 1203 2032 τοιαῦτα
1228 1965 1295 2047 περὶ

113 2075 200 2140 αὑτοῦ
220 2071 362 2149 διεξιέναι
384 2074 456 2154 πρὸς
476 2072 772 2150 audiveramus.
798 2071 847 2136 Ex
867 2091 941 2136 suae
961 2073 1076 2137 aetatis
1095 2093 1189 2138 sensu
1199 2072 1296 2139 homo

113 2181 235 2248 iudicat.
283 2178 337 2244 llli
367 2183 490 2245 veteres
513 2179 540 2244 si
563 2177 641 2263 quid
664 2176 872 2263 deliquissent
894 2176 979 2243 ultro
1003 2178 1134 2244 candide
1157 2178 1296 2245 fateban-

114 2291 171 2351 tur.
214 2285 257 2352 st
288 2285 365 2371 quid
395 2290 443 2350 est
465 2287 571 2372 magis
594 2286 768 2361 αναγκαῖον
790 2304 887 2369 quam
910 2281 1104 2349 Phoenicem
1128 2304 1297 2372 agnoscere

115 2388 252 2479 culpam?
289 2389 353 2471 Qui
376 2393 551 2456 commenti
574 2395 648 2455 sunt
671 2389 709 2455 de
732 2409 789 2454 auo
811 2388 982 2455 lectionem
1007 2392 1223 2476 perineptam:

469 2507 508 2579 τῇ
533 2497 566 2561 οὐ
591 2495 722 2572 πιθθμην
745 2495 804 2561 οὐδ’
828 2493 922 2576 ἔρξα,

114 2607 234 2689 postam
264 2623 374 2669 secum
403 2604 512 2689 ipsum
539 2623 681 2690 pugnare
704 2601 752 2666 nil
774 2602 989 2667 morabantur.
1036 2601 1188 2690 Pugnant
1211 2605 1298 2670 onim
1330 2653 1342 2678 .

116 2715 215 2796 aperte
247 2711 332 2776 inter
365 2726 415 2775 sc:
451 2719 489 2793 τῇ
520 2711 552 2774 οὐ
584 2706 714 2787 πιθόμην
747 2707 807 2773 οὐδ’
836 2705 925 2794 έρξα,
959 2713 1008 2774 ci:
1041 2712 1145 2792 πατὴρ
1174 2709 1199 2775 θ’
1225 2711 1297 2790 ἐμὸς

116 2815 250 2882 ΑΤΤΙΚ’
272 2814 381 2887 θισθεὶς
404 2815 512 2880 πολλοὶ
535 2818 702 2895 κατηρᾶτο.

159 2922 245 2989 iliad.
275 2933 299 2988 Ι.
334 2919 526 2992 sss-693.
554 2923 735 2987 θθετοῦνται
764 2920 848 3002 εθχοι
878 2921 970 2986 πέντε
995 2959 1049 2987 -.
1073 2922 1125 2986 καὶ
1150 2923 1213 3006 γὰρ
1237 2919 1299 2990 θλοι

116 3027 329 3095 ’ΔΠΡΘΠΕΙΕ
352 3031 377 3095 ci
401 3029 495 3109 ςθχοι.
541 3027 627 3109 Quid
647 3033 696 3093 est
717 3027 848 3118 tandem
871 3030 905 3093 in
928 3027 979 3092 his
1002 3025 1157 3109 θπρεπέςθ
1176 3029 1300 3116 Nempe

117 3134 212 3201 dixit:
243 3135 300 3201 sici
333 3136 384 3200 καὶ
418 3132 481 3200 οἵδε
513 3135 555 3200 rai
587 3134 731 3211 εθπέμεν,
764 3139 796 3199 st
826 3134 994 3199 indecorum
1025 3133 1153 3200 videtur·
1183 3130 1229 3200 ὅτι
1261 3139 1300 3209 ὡς

117 3240 337 3320 ιθτιςησθμενος
360 3241 519 3323 μάρτυρας
543 3241 726 3306 ἐπισπᾶται.
774 3237 893 3306 Omnes
916 3240 976 3306 hoo
1000 3239 1121 3306 faciunt
1140 3249 1172 3307 et
1190 3239 1301 3307 luben·

117 3351 165 3412 ter
184 3347 304 3414 fuciunt
327 3350 382 3433 qui
405 3368 483 3416 vera
503 3347 686 3433 loquuntur.

160 3451 248 3520 Iliad.
273 3464 306 3523 Ξ.
333 3453 363 3519 l.

269 3557 392 3640 Νέςορα
416 3560 441 3625 θ’
465 3561 517 3626 οὐκ
542 3556 651 3624 έλαθεν
674 3559 754 3639 laxis
778 3556 905 3623 πένοντοθ
930 3583 986 3639 περ
1011 3555 1123 3638 ἔμπης.

161 3663 361 3733 ’ΛΠΡΕΠΕΟ
393 3691 473 3741 τινες
504 3665 651 3741 οἰηθέντες
683 3659 760 3730 εἶναι
793 3663 845 3729 καὶ
876 3674 932 3730 OT
956 3666 1043 3731 nasci
1067 3665 1245 3748 πρεσβύτην
1267 3664 1303 3732 πθ

117 3771 209 3839 πένειν
231 3809 272 3823 -
297 3771 459 3845 οὶκολοθςοιο
483 3773 563 3855 Φασὶ
589 3772 642 3838 καὶ
665 3773 705 3844 ὥς
727 3769 856 3850 μέθυσος
880 3773 969 3837 πθνει.
994 3773 1078 3859 quod
1097 3794 1199 3858 quum
1214 3772 1304 3840 nullo

116 3883 205 3964 pacto
223 3879 390 3946 serendum
410 3900 476 3946 esse
494 3879 596 3965 inepti
614 3879 831 3965 opinarentur.
853 3881 1075 3966 excogitarunt
1087 3878 1207 3965 aliquid
1219 3878 1305 3966 quod

117 3983 197 4050 inira
226 3985 395 4072 proferam.
443 3984 545 4066 Quam
577 3985 620 4050 sit
649 4005 763 4050 senum
792 3989 924 4051 naturae
954 4005 1131 4073 congruens
1162 3986 1197 4051 id
1219 3986 1304 4073 quod

117 4091 200 4177 apud
220 4097 348 4179 poetam
370 4095 418 4158 est
442 4088 654 4158 Grammatici
676 4093 710 4156 in
734 4089 809 4156 aula
830 4094 921 4180 regia
942 4111 1006 4158 non
1029 4091 1216 4159 sentiebant.

162 4197 251 4266 Iliad.
275 4209 315 4266 11.
339 4196 394 4266 85.
721 4267 723 4270 ,
913 4237 918 4244 ·

546 4303 627 4386 θτθιρ
651 4299 677 4370 oi
701 4303 892 4385 περικαλλέα
916 4303 1022 4386 κούρην

252 4409 302 4490 ἂψ
325 4408 543 4486 θποδοθσσωσι,
568 4410 654 4493 προτὶ
679 4411 706 4476 θ’
730 4411 844 4489 sosas
869 4410 947 4492 δῶρα
971 4409 1108 4491 πθροισιν.

119 4537 191 4584 eccs
217 4518 336 4585 iterum
368 4513 547 4603 Crispinus:
577 4517 780 4584 ’Ansenec
804 4517 835 4583 δέ
858 4518 892 4583 τὸ
917 4518 1111 4592 παλλακθθοο
1133 4515 1187 4583 καὶ
1211 4519 1306 4602 διθροιν
