3372 5192
870 273 935 342 544

302 468 384 534 cdliv
406 469 552 534 οίντεῖπον
576 471 609 531 et
630 464 724 544 λόγον
749 461 941 542 ἐποιησάμην
965 461 1083 532 votiva.
1130 459 1203 529 Hoc
1225 465 1313 529 enim
1335 465 1400 552 ipsi
1419 465 1497 532 obii·

303 577 387 639 citur
419 595 502 654 „our
534 573 652 637 ίωιιόσα
681 593 771 658 quom
801 571 871 634 iaec
898 577 1056 652 οροιενιίιισ
1079 567 1265 636 riooffir1?''
1289 574 1322 635 et
1344 572 1391 637 sic
1413 577 1496 658 posi·

302 699 401 765 quam
434 677 554 744 silentii
584 680 636 742 eui
665 679 802 743 rationes
832 673 971 742 reddidit
1000 678 1048 742 ito
1077 675 1161 742 dixit
1189 695 1263 763 pag.
1288 674 1363 742 684.
1389 675 1422 742 8.
1446 676 1497 744 διὰ

302 787 395 851 ταῦτ’
421 783 470 850 ἐπ’
496 781 617 854 εἰιείνοις
642 782 725 847 οὐδὲν
748 782 838 848 είπίον
862 783 913 846 νῦν
936 781 1032 860 λέγω.

347 890 430 978 Peg.
465 887 541 954 684.
577 889 630 954 10.
664 886 709 957 ἐτι
740 887 838 954 τοίνυν
870 910 917 962 τις
941 890 1046 963 αὐτοῖς
1070 893 1201 963 τοιοῦτος
1225 886 1319 967 λόγος
1337 925 1379 935 -
1397 890 1435 963 ὥς
1454 927 1494 938 -

301 995 373 1068 ίσως
405 995 531 1062 ἐναντίω
565 991 715 1076 ἔπραττον
746 1004 787 1076 τῇ
816 991 906 1059 πόλει
936 992 997 1060 τόθ’
1021 991 1065 1060 ότ’
1088 991 1166 1069 ἦσαν
1190 994 1309 1079 ἐχθροί,
1333 998 1384 1060 νῦν
1408 993 1439 1058 δέ
1462 997 1494 1073 γ’

302 1103 358 1168 είσί
393 1100 492 1183 Φίλοι.
513 1138 556 1150 -
574 1103 607 1166 οὐ
638 1100 674 1174 δίη
700 1109 770 1166 del
794 1108 1004 1178 μνησικακεῖν.
1053 1101 1129 1166 Fert
1152 1097 1345 1167 Graecorum
1369 1120 1495 1167 consue·

303 1208 381 1274 tudo
411 1212 449 1273 ut
480 1209 515 1272 in
544 1205 732 1272 huiusmodi
760 1207 987 1292 compositione
1016 1203 1195 1274 infinitivus
1224 1210 1378 1292 ponetur:
1402 1207 1435 1272 οὐ
1459 1209 1493 1282 δη

304 1321 409 1380 ΔΕῙΝ
433 1322 643 1392 μνησικακεῖν.

350 1418 510 1485 Similiter
531 1440 604 1508 pag.
634 1417 708 1484 108.
733 1416 766 1484 2.
791 1417 845 1495 ἤδη
869 1417 967 1483 τοίνυν
991 1419 1069 1489 τινός
1093 1421 1209 1495 ἥκουσα
1231 1417 1284 1482 καὶ
1307 1417 1442 1483 τοιοῦτόν
1464 1443 1495 1483 τι

304 1523 448 1605 λέμοντος
468 1527 507 1597 οῖς
532 1522 592 1603 ἄρα
617 1525 676 1603 ἐγὼ
701 1521 784 1602 λέγω
808 1523 865 1601 μέν
889 1525 937 1588 ciel
963 1524 1007 1589 τοὶ
1029 1524 1166 1603 βέλτιςα
1178 1571 1187 1601 ,
1206 1521 1250 1592 ἐτι
1271 1522 1297 1587 δ’
1318 1523 1401 1588 οόδέν
1421 1525 1495 1590 ἀλλ’

306 1633 323 1706 ἢ
356 1631 442 1710 λόγοι
474 1631 518 1697 τόν
550 1633 623 1712 παρ’
655 1631 745 1708 ἐμοῦ,
780 1639 851 1695 dei
883 1631 911 1696 δ’
943 1628 1037 1712 ἔργων
1067 1639 1106 1714 τῇ
1134 1629 1237 1707 πόλει,
1261 1629 1496 1696 emendandum

309 1745 425 1804 AelN.

350 1948 431 2038 Peg.
468 1947 543 2014 684.
582 1947 634 2014 15.
667 1947 734 2014 οὐδὲ
768 1947 830 2030 γὰρ
861 1946 1122 2025 Λακεδαιμονίους
1154 1943 1200 2012 ότ’
1232 1945 1382 2028 ἐσιόζομεν
1417 1949 1497 2037 [οὖν]

307 2055 599 2134 οίνεμιμνησιοόμεόα
629 2053 658 2119 εί
687 2079 717 2120 τι
750 2060 852 2126 κακῶς
884 2055 1028 2128 ἐποίησαν
1064 2053 1159 2130 ἡμᾶς.
1205 2052 1295 2118 'Pelle
1327 2053 1497 2121 molestum

310 2164 531 2250 negationem,
558 2181 638 2246 quse
660 2160 722 2227 loci
746 2163 1007 2247 compositionem
1030 2165 1137 2244 aperte
1156 2160 1262 2226 vitiet.
1308 2159 1498 2226 Rectissime

308 2271 394 2334 enim
424 2268 542 2333 dicitur
563 2274 602 2331 ut
622 2288 697 2354 pag.
723 2265 801 2333 661.
827 2266 858 2332 2.
882 2269 916 2332 οὐ
938 2267 1034 2330 τοίνυν
1058 2263 1160 2343 ἐγωγε
1186 2264 1283 2329 OTA’
1307 2266 1400 2332 ἐκεῖνο
1425 2267 1497 2333 ίδεῖν

307 2374 458 2452 δύναμαι,
493 2373 548 2438 scd
580 2374 639 2437 ubi
669 2371 735 2438 οὐδὲ
766 2372 926 2457 praecedit
958 2371 1057 2438 altero
1086 2373 1215 2458 negotio
1247 2373 1280 2436 οὐ
1307 2371 1413 2437 locum
1436 2393 1497 2438 non

307 2481 403 2546 habet
426 2478 658 2564 dicendumque
681 2484 746 2543 eet:
772 2478 832 2543 οὐδ’
857 2478 950 2542 ε’κεῖνο
973 2479 1070 2542 τοίνυν
1094 2475 1198 2556 ἐγωγε
1222 2476 1294 2542 ίδεῖν
1316 2475 1463 2554 δύναμαι.

352 2686 433 2773 Peg.
467 2681 545 2752 685.
579 2684 633 2750 14.
665 2687 690 2750 εί
721 2685 792 2766 μετ’
815 2686 961 2761 ιέληόείας
985 2687 1094 2759 οὶπλιός
1119 2680 1151 2760 ἦν
1176 2690 1248 2765 ἡμῖν
1270 2685 1363 2770 Φίλος
1387 2687 1440 2752 καί
1465 2687 1499 2762 νη

309 2791 372 2856 Δία
405 2789 530 2857 ποίνΤΑ
562 2791 704 2871 Tetrade
728 2792 864 2870 ἤμελλεν
891 2797 973 2873 ἡμᾶς
999 2793 1145 2870 ποιήσειν.
1195 2794 1381 2882 [regendum
1406 2793 1500 2858 πάντ’

307 2896 437 2983 circini,
461 2904 499 2963 ut
524 2901 605 2965 ratio
630 2898 780 2984 postulet.
816 2901 889 2967 Non
912 2901 1173 2986 infrequenshoc
1191 2901 1301 2967 mendi
1318 2920 1421 2988 genus
1443 2905 1501 2965 est.

353 3002 441 3069 Idem
465 3001 623 3089 placuisse
642 3005 735 3072 video
754 3005 916 3085 Dobroeo,
939 3009 994 3092 qui
1012 3005 1125 3074 multis
1144 3007 1306 3073 similibus
1321 3005 1400 3072 locis
1418 3006 1500 3072 hanc

310 3111 535 3176 correctionem
560 3109 771 3177 confirmavit.

353 3319 482 3408 Insigne
506 3319 669 3409 flagitium
693 3321 864 3388 sciolorum
886 3343 962 3411 pag.
987 3320 1063 3390 687.
1091 3320 1142 3390 17.
1165 3321 1342 3389 maculavit
1358 3320 1501 3387 luculen-

308 3432 380 3492 tum
410 3426 536 3511 locum,
568 3429 603 3491 in
631 3447 693 3512 quo
716 3427 889 3494 vehemens
908 3433 1012 3494 orator
1035 3428 1179 3513 ἤςραπό,
1203 3426 1335 3509 ἐβρόντα
1359 3429 1393 3492 in
1414 3427 1501 3492 hunc

311 3533 444 3598 modum
477 3532 694 3616 (emendatum
728 3535 814 3598 enim
837 3534 945 3599 locum
969 3534 1175 3620 describemlt
1201 3537 1233 3600 οὐ
1257 3534 1346 3613 μόνον
1369 3533 1394 3598 δ’
1418 3531 1500 3609 αὕτη

307 3647 361 3715 τοῖς
394 3638 512 3712 πόλεως
547 3641 563 3714 ἡ
596 3638 692 3719 deperi
724 3640 996 3720 προπεπηλοίιιιςαι
1029 3641 1080 3707 καί
1103 3643 1216 3722 φαύλη
1240 3641 1387 3721 γέγονεν,
1411 3638 1500 3703 ιίλλόι

308 3747 361 3812 καί
383 3749 484 3810 παῖσαι
511 3743 562 3808 διὰ
584 3746 638 3819 τὴν
661 3751 718 3810 τῶν
741 3745 924 3826 κατωροίτων
949 3747 1002 3812 καί
1026 3749 1102 3820 όεοῖς
1126 3748 1240 3828 ἐχόρῶν
1263 3745 1389 3828 ῥητόρων
1411 3767 1502 3820 πονη-

309 3853 391 3934 ρίαν,
417 3845 443 3914 οῖ
467 3849 621 3923 τοσαύτην
647 3850 817 3930 ὑπερβολὴν
843 3851 1025 3926 πεποίηνται
1049 3860 1104 3926 τοῖς
1129 3853 1228 3917 αὐτῶν
1252 3849 1500 3932 αίσχροκερδείας

309 3957 364 4028 όίςε
388 3957 448 4030 τὰς
472 3956 568 4035 τιμόις
593 3956 644 4022 καί
671 3956 730 4029 τοῖς
755 3959 827 4038 παρ’
853 3957 935 4036 ὑμῶν
959 3957 1069 4039 δωρεὰς
1096 3955 1195 4038 όίσπερ
1220 3958 1245 4022 οῖ
1270 3958 1313 4022 τόν
1334 3955 1428 4037 μικρόν
1448 3955 1501 4022 ιιαί

309 4063 417 4147 κομιδῇ
449 4066 565 4146 Φαῦλα
595 4061 858 4144 οίποιιηρόττοντες
890 4061 965 4130 οἷίτω
998 4069 1149 4128 πωλοῦσιν
1185 4062 1415 4146 ἐπευωνίζοντες
1447 4062 1500 4128 καί

310 4177 436 4242 πολλοῖς
460 4169 523 4234 cirri
547 4173 605 4232 τῶν
630 4171 730 4234 αὐτῶν
754 4167 931 4250 λημμοίτων
955 4169 1129 4252 γρόφοντες
1156 4165 1174 4234 ό
1194 4193 1225 4236 τι
1249 4168 1288 4235 do
1317 4170 1502 4249 βούλωνται.

311 4275 393 4340 Scin'
417 4275 494 4360 quid
518 4276 553 4338 in
575 4274 667 4340 libris
690 4275 838 4364 legetur?
884 4276 1007 4362 Nempe
1030 4277 1107 4343 hoe:
1132 4278 1182 4343 διὰ
1207 4279 1263 4352 την
1286 4283 1345 4342 τῶν
1365 4274 1504 4356 καταροί-

311 4407 369 4446 των
394 4379 447 4444 καί
471 4380 546 4452 όεοῖς
571 4381 683 4461 ἐχθρῶν
702 4381 829 4464 ῥητόρων
849 4387 921 4467 [τῶν
941 4383 983 4449 τόι
1003 4387 1134 4449 τοιαῦτα
1155 4381 1339 4467 γραφόντων
1359 4381 1500 4470 ἑτοίμως]
