3232 5176
893 397 935 468 78

320 584 410 650 benii
440 591 488 650 est
517 587 585 651 sive
614 589 845 674 oninsournqne
876 609 990 672 repone
1019 609 1095 653 eum
1118 587 1280 654 Dindorfio
1304 590 1349 664 μη
1374 595 1514 672 περιορῖιν

323 693 566 770 ’streperem
591 693 748 771 Μεγάλην
773 695 871 758 πόλιν.

366 904 446 992 Peg.
480 902 556 968 204.
588 905 639 969 14.
665 911 714 969 νῦν
737 907 793 982 μὲν
820 903 988 980 -δύξετε-
1012 909 1066 980 την
1092 907 1204 984 είρνίνην
1228 907 1409 988 σπουδάζειν
1433 905 1511 974 εἶναι

321 1011 461 1088 βεβαίαν
493 1011 565 1088 ὑπὲρ
594 1007 626 1085 ἧς
663 1011 918 1098 [ἐκινδυνεύσατε]
950 1012 1002 1074 καί
1027 1011 1254 1089 παρετάξασθε.
1303 1015 1405 1080 Aoute
1427 1017 1512 1082 vidit

320 1116 483 1182 Debreeus
518 1117 635 1181 dixisse
666 1116 929 1182 Demosthenem:
962 1118 1034 1196 ὑπὲρ
1066 1115 1098 1192 ἧς
1124 1127 1193 1182 ΚΑΙ
1219 1119 1455 1198 παρετάξασθε,
1481 1126 1513 1187 et

321 1223 499 1307 peridoneis
522 1222 678 1307 exemplis
701 1222 760 1286 hoe
783 1222 908 1286 dicendi
927 1243 1029 1310 genus
1048 1222 1234 1288 illustravit.
1269 1224 1360 1290 Nihil
1380 1229 1511 1294 interest

321 1330 404 1392 inter
435 1326 709 1404 σωρατάτπεσίαι,
745 1327 921 1392 κινδυνεύειν
950 1333 982 1392 et
1009 1327 1189 1407 μάχεσθαιτ
1221 1331 1330 1414 itaque
1353 1331 1510 1419 frigidum

321 1437 369 1497 est
400 1436 432 1496 et
462 1431 676 1497 Demosthene
708 1433 879 1518 indignum
910 1433 986 1497 hoeo
1017 1454 1203 1518 componere
1234 1437 1268 1498 in
1298 1456 1334 1500 eo
1362 1437 1431 1504 loeo
1455 1441 1510 1503 ubi

320 1537 403 1602 nihi]
425 1544 473 1603 est
497 1557 553 1602 our
577 1541 648 1622 quis
671 1539 876 1603 excandescet
902 1544 933 1602 et
957 1544 1046 1603 aestu
1071 1538 1197 1604 dicendi
1220 1543 1372 1625 rapietur.

365 1749 421 1812 Bis
444 1747 558 1814 vocula
579 1753 629 1812 νῦν
651 1752 833 1834 importune
856 1753 975 1815 inserte
994 1757 1043 1816 est
1067 1771 1138 1838 pag.
1161 1751 1236 1816 204.
1259 1751 1302 1816 23
1337 1756 1363 1818 εί
1385 1754 1415 1819 δὲ
1440 1759 1509 1826 σοὺς

320 1855 535 1933 βοηθήσαντας
559 1853 596 1918 ἂν
623 1856 693 1930 ἡμῖν
722 1855 798 1942 [νῦν]
828 1858 877 1920 ἐπ’
902 1857 995 1920 αὐτὸν
1022 1858 1143 1936 ἐχθρούς
1169 1858 1357 1937 κτησόμεθα.
1382 1868 1414 1925 et
1437 1883 1510 1948 peg.

321 1959 397 2024 204.
429 1959 482 2024 26.
514 1962 548 2024 τὸ
581 1961 607 2024 δ’
640 1961 763 2041 ε’χίροὺς
797 1965 869 2037 ἡμῖν
904 1963 1164 2038 Λακεδαιμονίους
1196 1962 1317 2029 ἔσεσθαι
1352 1965 1428 2053 [νῦν]
1458 1968 1509 2030 ε’άν

320 2065 474 2143 ποιώμεθα
500 2065 689 2148 συμμάχους
714 2069 783 2137 τοὺς
808 2068 964 2144 Ἀρκάδας
990 2069 1053 2132 xri.
1100 2068 1235 2134 Ponitur
1258 2074 1308 2134 νῦν
1332 2074 1366 2135 in
1389 2077 1510 2158 opposi-

319 2176 404 2240 tione
430 2175 548 2256 (νῦν-
562 2174 646 2256 τότε)
670 2176 738 2238 sive
762 2194 798 2238 ea
824 2173 942 2238 diserte
966 2194 1111 2258 expresse
1131 2189 1195 2252 est,
1220 2178 1287 2241 sive
1307 2198 1345 2241 ex
1365 2183 1511 2242 contexto

319 2281 460 2343 oratione
490 2285 599 2362 sponte
631 2277 837 2365 intelligitur.
885 2277 1033 2343 Alterum
1066 2284 1116 2343 νῦν
1148 2279 1311 2346 Dobrnens
1341 2285 1508 2367 expunxit,

317 2386 407 2468 prius
430 2385 550 2448 incerte
573 2384 645 2448 sede
668 2404 724 2468 per
748 2383 846 2448 libros
869 2383 1007 2449 volitans
1029 2384 1160 2469 perinde
1184 2385 1365 2452 delendum.

364 2593 444 2681 Peg.
477 2571 552 2658 204.
588 2593 641 2659 27.
674 2631 717 2641 -
751 2595 850 2668 μόνοις
879 2594 940 2658 οὐδ’
966 2596 1062 2659 εἰπεῖν
1087 2583 1198 2671 ἐξεῖναι
1224 2596 1332 2676 νομίζω
1357 2608 1419 2670 τοῖς
1444 2603 1508 2663 πεί·

318 2724 408 2764 σαοιν
438 2701 518 2775 ὑμᾶς
548 2697 594 2765 ὅτ’
629 2700 808 2764 ἐκινδύνευον
833 2701 1070 2776 Λακεδαιμόνιοι
1093 2703 1213 2779 βοηθεῖν
1238 2705 1382 2788 [sireis]
1428 2704 1510 2769 Lan·

318 2806 455 2893 gnidum
487 2811 519 2870 et
547 2826 675 2891 prorsus
707 2805 823 2870 inutile
854 2808 958 2877 αύτοῖς
992 2810 1025 2870 in
1049 2810 1194 2894 margine
1219 2807 1344 2874 Uodiois
1368 2810 1392 2875 S
1414 2831 1510 2896 eppo-

318 2915 419 2976 situm
452 2910 523 2975 tolli
548 2917 680 2996 oportet.
728 2911 895 2977 Praetereo
918 2933 990 2976 eom
1014 2913 1118 2978 sedem
1144 2923 1276 2998 ooeupet
1299 2937 1397 3000 qoem
1420 2917 1509 2981 nullo

316 3017 411 3082 modo
441 3017 663 3082 huiuscemodi
694 3021 881 3102 pronomine
911 3020 999 3083 omni
1031 3021 1064 3084 vi
1094 3019 1247 3085 destitute
1276 3023 1361 3106 apud
1390 3025 1507 3087 bonnm

317 3126 501 3207 scriptorem
524 3123 666 3188 obtinere
691 3129 831 3208 possunt.

363 3333 441 3420 Peg.
475 3330 551 3397 205.
577 3332 608 3397 2.
635 3331 760 3397 ἔπεισαν
780 3333 862 3409 ὑμᾶς
888 3333 1010 3397 πάντων
1034 3339 1279 3409 Πελοποννησίων
1302 3336 1444 3402 ἐλθόντων
1467 3339 1506 3408 ὡς

318 3441 401 3516 ὑμᾶς
437 3439 488 3502 καί
525 3441 593 3512 μεθ’
627 3440 708 3513 ὑμῶν
740 3439 903 3515 άξιούντων
936 3439 984 3501 ἐπὶ
1016 3440 1084 3512 σούς
1117 3442 1380 3517 Λακεδαιμονίους
1410 3441 1505 3518 itum,

316 3545 440 3616 τούτους
468 3544 565 3626 [mele
590 3565 627 3608 ex
652 3543 674 3606 S
697 3553 859 3628 receptum
881 3545 965 3623 τοὺς)
986 3545 1042 3621 μὲν
1063 3547 1106 3622 μη
1128 3546 1349 3622 προσδέξασθαι
1370 3547 1433 3631 (καί
1453 3547 1506 3612 διά

316 3650 399 3716 τοῦθ’
424 3647 495 3728 ὅπερ
520 3647 552 3722 ἦν
587 3649 749 3713 ὑπόλοιπον
774 3653 879 3721 αὐτοῖς
903 3656 984 3716 'elil
1011 3651 1168 3727 Θηβαίους
1195 3646 1281 3724 ἦλύον
1306 3653 1370 3717 κτὲ.
1415 3651 1507 3718 Men·

317 3758 431 3823 dosnm
463 3761 510 3820 est
537 3755 586 3818 ἐπὶ
614 3754 771 3830 Θηβαίους
798 3749 895 3826 ἦλθον.
947 3753 1127 3820 sexcenties
1151 3757 1228 3820 ίέναι
1255 3758 1307 3820 ίπί
1330 3782 1398 3822 τινα
1421 3759 1507 3840 epud

317 3883 426 3930 omnes
456 3860 578 3948 legitor
600 3858 782 3946 significans
805 3881 929 3944 semper
951 3861 1036 3926 idem
1060 3863 1198 3942 αρρνοιίί,
1223 3863 1340 3926 adoriri
1360 3863 1504 3946 οίίρυσνα,

316 3971 350 4032 διν
373 3968 501 4052 aliquem
525 3967 660 4048 impetum
682 3967 801 4044 faeere.
826 3969 918 4030 utin
941 3967 1000 4030 han
1023 3969 1092 4052 ipse
1116 3972 1255 4034 oratione
1277 3989 1348 4056 pag.
1376 3967 1449 4032 204.
1473 3969 1506 4033 3.

317 4076 433 4145 ταύτην
464 4071 501 4135 άν
532 4068 637 4134 ἕλωσιν
672 4071 752 4134 ἴασιν
786 4071 835 4133 ἐπὶ
866 4073 1045 4144 Μεσσήνην.
1076 4079 1107 4136 et
1140 4075 1174 4136 in
1197 4073 1256 4138 hoe
1279 4077 1348 4158 ipso
1371 4074 1505 4139 loooe'n‘i

315 4179 385 4246 τοὺς
423 4177 683 4250 Λακεδαιμονίους
718 4177 805 4242 ἱέναι.
854 4176 927 4242 Diei
962 4185 1066 4262 potest
1102 4180 1172 4252 πρὸς
1211 4179 1386 4256 Θηβαίους,
1418 4181 1504 4258 παροδ

318 4283 496 4360 Θηβαίους,
530 4285 567 4350 ὡς
602 4281 777 4359 Θηβαίους,
810 4284 864 4348 sed
896 4283 944 4346 ἐπὶ
979 4283 1136 4360 Θηβαίους
1169 4305 1205 4348 eo
1235 4305 1328 4349 sensu
1358 4286 1419 4350 dini
1440 4305 1504 4350 non

316 4394 430 4476 potest.
