3208 5158
851 323 917 397 216

294 503 462 585 Plutarchi
484 521 615 587 Αιιίοιιίο
637 521 765 590 affamur
786 507 870 608 ρας]
886 515 963 583 920.
987 535 1019 583 u.
1039 513 1096 586 ίίτε
1117 511 1321 595 Κλεοπάτραν
1339 505 1483 578 leterici·
1596 517 1597 546 ί

296 639 352 690 λια
376 627 516 710 Φουλβίᾳ
540 631 595 701 τῆς
616 626 779 693 Ἀντωνίου
798 623 1063 703 γυναικοκραέίας
1083 624 1218 702 ίφείλειν
1239 619 1322 685 ποίου
1345 621 1482 700 χειροήθη

296 729 349 795 καί
370 732 695 811 πεπαιδαγωγημένον
710 732 768 797 οίτ’
784 733 886 812 οίρχῆι
909 730 1135 806 οίκροῶτίαι
1160 731 1362 805 γυναικῶν
1386 749 1483 804 ταρα·

296 836 443 916 λαβοῦσα
473 837 577 903 αὐτόν.
625 837 789 904 Sententia
818 842 865 902 cst
887 835 959 901 luce
982 833 1112 900 clarior:
1137 831 1253 898 Fulvia
1276 832 1401 897 dudum
1423 833 1483 896 An·

295 942 421 1007 touium
466 942 615 1009 docuerat
655 942 983 1023 γυναικοκρατείοίαι,
1027 940 1061 1005 id
1101 943 1149 1004 est
1185 938 1325 1002 muliebri
1365 937 1484 1021 ιἰκροιίο

290 1069 399 1131 parere
428 1053 460 1114 et
482 1049 571 1113 ναονί
593 1071 654 1114 ecre
675 1048 839 1113 obnoaium.
874 1045 987 1131 Itaque
1011 1044 1089 1110 haec
1112 1065 1237 1130 quoquc
1258 1048 1327 1110 crat
1346 1065 1484 1123 γυναικο·

297 1152 410 1233 κρατία
440 1153 572 1237 Φανεροί.
620 1152 674 1220 sic
705 1153 791 1239 apud
822 1150 1027 1218 Aristotelem
1054 1153 1088 1215 in
1110 1150 1204 1216 Polit.
1228 1147 1270 1214 H.
1294 1147 1326 1214 9.
1352 1148 1483 1214 dicitur:

297 1254 337 1323 ῶν
359 1258 543 1341 τυγχάνωσι
564 1259 891 1341 γυναικοκρατούμενοι
912 1260 1053 1338 καίοίτερ
1072 1256 1115 1322 ri
1134 1255 1240 1322 πολλοὶ
1260 1261 1320 1320 τῶν
1331 1278 1484 1336 τρατιοοτι·

297 1371 355 1430 κῶν
387 1365 439 1430 καί
472 1373 644 1456 πολεμικῶν
674 1373 769 1446 γενῶν
802 1363 858 1440 ἔξω
883 1371 1019 1429 Κελτῶν.
1065 1361 1119 1429 Sic
1142 1362 1303 1428 herenae
1326 1361 1484 1446 imprimis
1599 1451 1600 1454 Ἴ

297 1470 440 1537 solebant
459 1477 492 1537 et
512 1471 700 1538 dicebantur
717 1477 775 1537 τῶν
794 1473 904 1549 ἀνδρῶν
924 1469 1047 1550 ἄρχειν,
1068 1474 1100 1535 et
1118 1473 1233 1534 notum
1250 1473 1299 1534 est
1313 1466 1484 1533 Lacaenam

296 1575 338 1642 ad
368 1575 529 1663 hospitam
560 1597 640 1664 quae
666 1577 806 1644 diremi:
831 1574 924 1656 μίνοιι
947 1576 1034 1653 ὑμεῖς
1057 1577 1091 1640 αί
1116 1575 1273 1641 Λοίκαιυαι
1294 1581 1354 1640 τῶν
1379 1574 1483 1650 ἀνδρῶν

297 1678 435 1763 ἄρχετε,
468 1683 680 1768 respondisse:
714 1683 804 1761 μίναι
836 1683 899 1763 γίιρ
927 1682 1072 1761 τίκτομεν
1098 1680 1219 1760 ἄνδρας.
1267 1680 1383 1766 ltaque
1405 1677 1484 1764 apud

296 1783 485 1854 Strabonem
507 1809 581 1876 pag.
607 1787 685 1855 251.
709 1808 738 1856 r.
764 1787 831 1871 ἔχει
855 1789 918 1869 γοίρ
941 1812 1010 1854 τινα
1034 1787 1315 1868 γυναικοκραςίαυ·
1346 1790 1437 1851 τοῦτο
1458 1783 1483 1848 l’
1600 1767 1601 1808 ί

298 1891 331 1957 οὐ
362 1891 444 1958 τοίου
477 1893 651 1980 τολιτικίν,
683 1898 759 1982 quia
787 1915 850 1962 non
880 1895 919 1962 de
948 1898 1091 1963 virorum
1122 1891 1356 1959 mulierositate
1387 1909 1484 1958 sermo

298 2003 364 2083 eat,
395 1999 450 2066 sed
481 2000 519 2066 de
548 2002 719 2087 impotenti
749 2008 969 2068 matronarum
998 2002 1134 2087 imperio
1168 1998 1261 2066 facilc
1294 1997 1485 2086 intelligitur

298 2107 570 2188 γυναικοκρατίαν
599 2109 693 2173 unice
717 2127 783 2173 ease
808 2128 932 2174 verum.
979 2105 1148 2173 Senserant
1168 2105 1228 2170 boc
1250 2103 1393 2169 Romani
1416 2123 1484 2188 quo·
1601 2135 1602 2142 ι

237 2291 244 2306 ⁸
298 2231 377 2297 qua,
402 2211 486 2298 apud
508 2232 587 2298 quos
611 2209 689 2279 Gaio
712 2216 814 2280 maior
834 2210 954 2280 Consul
978 2211 1125 2297 (suadens
1147 2231 1187 2276 ne
1206 2210 1258 2276 lex
1278 2209 1384 2296 Oppia
1404 2210 1485 2274 abrc

298 2323 429 2407 geretur
452 2317 523 2386 Liv.
547 2317 698 2384 XXXIV.
722 2317 758 2400 2)
782 2317 916 2399 λοιδορῶν
939 2323 995 2393 rio
1019 2313 1268 2396 ἐπιπολάζουσαν
1287 2338 1484 2395 γυναικοκρα·

298 2424 382 2490 Τίαν
411 2427 458 2490 ita
488 2424 587 2491 dixit:
626 2427 715 2501 ἡμεῖς
751 2425 875 2490 πάντων
909 2425 1067 2504 οίνίρῶτιον
1098 2422 1253 2504 ἄρχομεν,
1286 2424 1374 2500 ἡμῶν
1402 2423 1433 2489 δὲ
1455 2419 1484 2486 αί

298 2538 463 2610 γυναῖκες·
488 2531 572 2617 apud
594 2529 805 2598 Plutarchum
828 2533 862 2596 in
885 2533 954 2597 vita
980 2531 1103 2597 θοίοιιίε
1125 2551 1191 2616 cap.
1216 2527 1249 2595 8.

343 2637 454 2722 Itaque
480 2637 722 2718 γυναικοκρατία
746 2658 785 2703 ex
808 2637 969 2716 κεραννυμι
993 2637 1167 2704 formatum
1191 2641 1224 2701 et
1245 2655 1302 2721 per
1325 2655 1361 2701 se
1384 2638 1486 2721 ipsum

299 2741 474 2808 absurdum
496 2749 544 2808 ast
567 2749 598 2808 et
620 2741 727 2810 locum
748 2747 782 2809 in
802 2763 864 2832 quo
884 2747 1035 2810 consistat
1054 2743 1215 2828 reliquum
1233 2740 1366 2807 nullum
1385 2741 1486 2807 habet.

298 2845 413 2915 Solum
436 2850 679 2931 γυναικοκρατία
701 2852 736 2915 in
759 2871 820 2915 usu
843 2856 926 2930 erat,
952 2855 989 2917 ut
1012 2847 1252 2931 ίεατροκρατία,
1278 2847 1485 2928 ίχλοκρατία,

299 2953 519 3038 δουλοκρατία,
555 2956 783 3038 τλουτοκρατία
818 2955 997 3044 appellatur
1030 2951 1104 3022 ίτου
1135 2953 1174 3020 ῶν
1205 2952 1342 3037 ίίατρον,
1375 2953 1484 3036 ὄχλος,

298 3059 418 3143 δοῦλοι,
447 3063 585 3130 τλοίοιοι
612 3067 772 3147 κρατῶσιν.

523 3308 614 3372 ·1er
629 3339 648 3356 -
672 3302 707 3372 in
731 3341 751 3355 ·
766 3307 840 3372 ΕΙ·
862 3297 917 3374 vel
941 3309 1022 3372 -1-
1045 3299 1266 3396 leprarum.

343 3479 407 3552 Ubi
430 3493 621 3553 concurrunt
644 3486 725 3554 duaa
748 3485 890 3575 syllabae
910 3497 967 3553 tel
987 3489 1168 3574 aequiorum
1187 3492 1373 3573 temporum
1395 3483 1488 3553 orac

297 3589 363 3661 culi
385 3590 519 3660 alteram
543 3592 703 3681 syllabam
725 3593 908 3661 resecabant
931 3595 1022 3674 ὑγεία
1047 3594 1185 3660 dicentes
1207 3613 1264 3679 pro
1287 3592 1411 3670 ὑγίεια,
1434 3617 1488 3656 τα·

295 3705 381 3778 μεῖον
423 3719 480 3786 pro
518 3700 677 3780 ταμίειον,
712 3702 829 3767 Ἀλεια
865 3701 974 3788 (leriae
1008 3699 1092 3767 Solis
1126 3700 1210 3786 apud
1243 3697 1401 3781 Rhodios)
1434 3717 1487 3785 pro

294 3805 434 3884 Ἀλίεια,
461 3805 636 3885 Ὀλίμτιον
659 3827 716 3894 pro
740 3806 964 3886 Ὀλυμπίειον,
986 3807 1167 3887 Ἀτκλκτίιρ
1187 3825 1243 3892 pro
1263 3803 1489 3885 ’Λοκλντιείφρ

294 3910 472 4086 fflwffld
489 3931 592 4000 genus
610 3911 720 3999 plura,
741 3934 821 3999 quaa
840 3913 1003 3980 Strabonis
1022 3931 1146 3998 quoquc
1167 3907 1298 3978 (lodices
1315 3916 1349 3980 et
1366 3917 1489 3978 textum

294 4037 367 4084 mac
460 4067 468 4084 .

652 4253 896 4341 Ἐμτίμτλνμκ
922 4257 1137 4343 ίμιτίμτροιμι.

338 4431 520 4528 scripturae
549 4437 706 4508 Codicum
739 4443 879 4532 pandent
906 4465 944 4511 sx
968 4441 1145 4510 scribarum
1167 4435 1386 4528 opinionibus,
1412 4451 1488 4528 quar
