3372 5192
716 352 780 422 561

155 551 256 612 κοινῶν
286 542 566 624 συναχύεσομένους
597 542 637 608 άν
667 542 738 616 τοὺς
768 542 918 616 τοιούτους
952 541 1142 624 προώμεύα.”
1187 541 1345 632 Compara

153 651 357 739 Hyperidem
386 672 460 738 pag.
491 649 568 717 782.
602 649 632 714 6.
665 649 698 714 τέ
728 643 776 713 οὖν
800 645 885 721 οώτύς
907 637 968 724 Ιἐςι;
993 650 1070 716 κύσον
1092 651 1127 726 νέρ
1152 651 1234 728 Διά,
1259 652 1344 734 φασί

155 783 234 829 τινες
266 761 319 822 τοῦ
350 756 456 834 δύμον.
481 753 638 832 ποδαπύςς
663 751 720 828 οἶος
744 751 791 828 οὓς
817 755 873 832 μέν
897 757 1039 820 αέτιῖοται
1063 753 1173 830 λύκους
1197 753 1274 825 εἶναι
1298 758 1343 836 μέι

157 864 292 941 δάκνειν,
318 860 340 929 ά
366 862 398 928 δέ
420 868 497 946 Φησι
520 861 693 946 φυλάττειν
719 861 867 944 πρόβατα
891 863 984 937 αὐτὸς
1008 864 1188 929 κατεσύέειν.

200 1074 376 1140 Dissentire
397 1072 481 1138 mihi
504 1074 538 1138 in
562 1094 600 1138 sa
621 1093 655 1138 re
677 1092 803 1138 necesse
826 1077 873 1137 est
897 1073 936 1137 ab
960 1093 996 1138 eo
1019 1075 1104 1151 viro,
1127 1093 1222 1159 quem
1241 1095 1343 1140 unum

155 1182 302 1247 omnium
333 1178 557 1244 Demosthenis
586 1180 797 1264 interpretum
819 1180 962 1244 maxime
984 1179 1116 1264 probare
1138 1185 1171 1245 et
1193 1179 1347 1246 mmuari

156 1286 252 1352 soleo.
300 1284 444 1350 Dobraeo
469 1287 555 1350 enim
580 1285 797 1362 „certissimam
819 1285 938 1349 ον’ώοέιιτ
954 1285 1102 1368 οορώέιέοο
1119 1285 1347 1351 declamationes

157 1415 217 1456 cccc
241 1391 340 1484 υιούοο
363 1390 625 1471 Ατέοέορέέοννοοο.”
649 1427 692 1438 -
718 1389 843 1468 „omnic
865 1391 983 1456 ώέοονιο
1004 1398 1074 1455 cuni
1097 1415 1117 1454 c
1139 1392 1344 1470 Dcncoctleac,

157 1505 186 1562 ct
208 1496 339 1584 Jsycurpc'
359 1497 482 1580 capiunt
503 1499 648 1583 ineptum
671 1495 865 1560 anitctoreffl
890 1497 925 1581 ¹).
984 1496 1147 1577 Quantum
1170 1498 1275 1563 astri
1298 1499 1343 1575 μη

156 1603 442 1684 προκατεγνωκέναι
473 1599 581 1679 μηδένέ
629 1602 751 1688 Inspice
785 1603 868 1666 mihi
903 1603 987 1688 apud
1022 1605 1129 1688 ipsum
1162 1602 1344 1670 Dobraeum

156 1709 371 1787 ratiunculas,
403 1709 519 1794 quibus
545 1712 614 1772 tam
637 1707 717 1772 dura
738 1711 895 1773 sententia
916 1710 1048 1773 nitatur.
1095 1708 1188 1774 Nihil
1210 1712 1346 1795 reperies

157 1816 241 1903 quod
270 1835 432 1892 assensum
464 1818 663 1898 extorqueat,
693 1813 777 1878 nihil
807 1814 891 1900 qnod
914 1817 957 1879 sit
978 1835 1097 1902 magno
1120 1835 1212 1899 opere
1235 1817 1346 1901 proba-

157 1923 239 1998 bile,
274 1926 306 1986 et
338 1925 479 2006 repertae
512 1921 657 1985 veritatis
691 1920 726 1984 vi
760 1921 905 1984 animum
939 1919 1033 1985 feriat
1063 1921 1115 1984 aci
1152 1920 1187 1984 τέ
1227 1919 1346 2001 κέντρον

158 2025 351 2106 ἐγκατέλιπε
385 2034 448 2099 τοῖς
483 2017 698 2108 ἀκροωμένοις,
734 2024 811 2090 adeo
843 2023 992 2110 pleraque
1023 2031 1079 2090 aui
1107 2046 1170 2091 non
1201 2025 1345 2092 multum

157 2134 277 2199 habent
309 2133 455 2219 ponderis
483 2137 539 2197 aut
571 2129 661 2195 nihil.
710 2129 802 2210 Quod
831 2129 914 2194 dixit
944 2129 1057 2196 Orator
1090 2152 1165 2218 pag.
1201 2130 1277 2197 784.
1312 2132 1344 2198 9.

159 2239 301 2314 κάπηλές
345 2240 389 2307 ἐτι
425 2238 565 2319 πονηρίας
602 2236 654 2300 καὶ
691 2234 937 2312 παλιγκάπηλος
972 2237 1024 2300 καὶ
1060 2236 1258 2314 μεταβολεὺς
1294 2237 1347 2303 καὶ

160 2343 248 2424 μένον
272 2346 304 2410 ού
330 2343 412 2425 ζυγά
437 2344 490 2409 καὶ
514 2341 623 2419 ςαύμά
643 2340 723 2422 ἔχων
743 2340 833 2408 πάνθ’
855 2337 913 2407 ὅσα
933 2341 1050 2407 πώποτ’
1070 2339 1200 2422 ἔπραξεν
1219 2343 1346 2421 ἐπώλει,

159 2452 199 2518 ad
229 2451 306 2516 haec
333 2450 495 2516 Dobraens
519 2448 655 2528 „cimice
678 2447 741 2512 ect'’
765 2451 880 2534 inquit.
927 2447 1051 2533 Nempe
1071 2449 1148 2516 haec
1170 2449 1210 2514 ad
1232 2469 1346 2516 sanum
1451 2537 1454 2544 Ι

160 2563 193 2623 et
222 2557 362 2622 sobrium
394 2561 426 2620 ct
457 2553 701 2632 interpausatio
723 2553 947 2620 Demosthenis
971 2555 1095 2620 dicendi
1116 2577 1218 2642 genus
1241 2558 1348 2643 exige·

160 2663 232 2740 bat,
263 2681 400 2748 quocum
430 2661 513 2726 nihil
544 2681 712 2726 commune
739 2660 876 2726 habebat
899 2661 1000 2726 faceta
1022 2666 1054 2726 et
1077 2661 1170 2730 dicax
1193 2667 1225 2727 et
1248 2682 1347 2748 popu·

159 2766 236 2833 laris
257 2766 434 2854 Hyperidis
456 2765 613 2832 facundia.

206 2873 336 2939 Similia
364 2873 415 2938 his
445 2873 564 2959 passim
599 2870 683 2956 apud
717 2869 917 2957 Hyperidem
950 2869 1104 2958 leguntur
1137 2870 1240 2937 veluti
1272 2893 1347 2960 pag.

162 2977 237 3047 793.
274 2977 305 3044 4.
338 2978 433 3059 τούτῳ
466 2978 498 3042 δέ
529 2975 634 3041 ούδένα
665 2976 718 3054 tce
750 2981 809 3040 τών
838 2975 938 3041 τύπων
968 2976 1082 3041 τούτων
1112 2975 1250 3054 βάσιμον
1273 2975 1348 3042 έντα

161 3085 252 3152 άλλά
284 3085 390 3150 πάντα
422 3080 607 3164 ἀπόκρημνα
638 3081 817 3164 Φάραγγας
849 3081 1002 3162 βάραθρα.
1025 3103 1100 3169 pag.
1125 3080 1201 3147 795.
1227 3081 1280 3147 14.
1303 3085 1348 3162 μέρ

161 3191 196 3266 tt
228 3190 300 3272 πρὸς
330 3186 378 3262 οὓς
403 3189 496 3260 αὐτὸς
520 3190 644 3269 ἔχωσας
669 3185 798 3264 λιμένας
823 3185 874 3252 καὶ
900 3183 1058 3267 προβύλων
1082 3186 1254 3262 ἐνέπλησας
1278 3189 1350 3272 πρὸς

35 3289 45 3306 '
161 3297 285 3368 τούτους
308 3293 513 3376 προσορμίζου.
533 3299 565 3360 et
587 3315 662 3382 pag.
687 3289 763 3360 797.
790 3292 841 3358 12.
867 3288 889 3357 ά
912 3299 971 3358 τῶν
995 3291 1099 3358 άλλων
1118 3299 1177 3358 τών
1197 3295 1351 3377 ἠτυχηκέ-

161 3427 220 3470 των
251 3399 360 3472 ἐκαςος
392 3400 535 3484 ἀψοφητὶ
568 3407 651 3464 ποιεῖ
678 3401 766 3464 ταῦθ’
790 3395 874 3473 οὗτος
898 3397 987 3476 μόνον
1009 3399 1042 3463 οὐ
1066 3396 1203 3473 κώδωνας
1227 3401 1347 3482 ἐξαψά-

161 3533 251 3590 μενος
275 3506 511 3587 διαπράττεται.

206 3613 265 3681 ast
295 3634 407 3699 operae
437 3613 578 3697 pretium
610 3631 685 3674 cum
716 3609 853 3676 Dobraei
882 3610 1001 3676 iudicio
1032 3631 1218 3697 componere
1249 3611 1352 3680 Plinii

161 3723 295 3788 minoris
323 3719 361 3784 de
383 3719 443 3784 hac
465 3719 536 3803 ipsa
558 3717 698 3782 oratione
722 3720 754 3781 et
780 3715 819 3781 de
840 3716 900 3782 hoc
923 3718 992 3802 ipso
1014 3715 1083 3782 loco
1106 3719 1297 3784 sententiam
1318 3721 1353 3785 in
1450 3725 1453 3731 '

162 3829 328 3894 notissima
352 3823 486 3910 epistola
508 3821 547 3888 ad
571 3822 750 3907 Lupercum
774 3821 831 3886 IX.
857 3820 910 3886 26.
938 3823 1044 3900 „nicus
1067 3846 1097 3887 cc
1115 3824 1188 3888 miti
1207 3824 1240 3888 οόι
1259 3825 1352 3907 scrip-

162 3934 203 4000 cie
232 3935 303 3996 mee
332 3939 490 3996 αοιννοέοοοο
518 3929 659 4014 qrcccdcm
681 3934 715 3992 at
737 3927 867 4011 έαοοέώο,
893 3951 969 4012 quac
991 3951 1040 4010 eqo
1063 3929 1218 4014 noemia,
1241 3936 1276 3993 ιώ
1296 3931 1350 3994 οἰοι-

155 4039 270 4126 probc,
302 4058 377 4122 qnae
408 4058 458 4117 σρο
488 4034 648 4110 cadentia,
679 4040 713 4098 cc
737 4051 847 4112 amc,
871 4055 947 4118 quae
969 4057 1019 4116 ορο
1039 4035 1132 4117 μέσον
1154 4035 1353 4100 arbitrabar.”

164 4144 287 4212 Deinde
317 4162 374 4208 sua
406 4140 590 4207 detondens:
625 4140 704 4218 „scd
728 4141 781 4204 έοο
803 4139 935 4222 έκέοέέίρι·
955 4141 1020 4204 uolo
1045 4141 1190 4205 έοοοανιώοο
1212 4163 1272 4205 αισα
1294 4142 1353 4206 elo·-

203 4390 226 4450 1)
243 4387 354 4437 Samium
373 4388 419 4436 hoc
435 4403 461 4436 cx
479 4387 575 4436 Libanii
592 4391 744 4454 argumento:
764 4384 831 4436 οέδέ
849 4393 922 4450 φασιν
941 4382 1053 4445 ἐπίτηδες
1072 4386 1115 4436 τὸν
1140 4386 1227 4451 ῥύτορα
1251 4387 1354 4456 τοιούτω

170 4480 309 4542 χαρακτῆρι
327 4475 460 4540 κεχρῆσθαι
480 4471 627 4538 ζηλώσαντα
646 4479 786 4540 Λυκοῦργον
805 4474 979 4539 ιύδσκιμούντα
997 4477 1064 4541 παρέι
1081 4479 1133 4534 τοῖς
1153 4471 1292 4537 Ἀθηναίοις.

1180 4565 1212 4612 86
