3410 5180
921 347 988 416 498

359 537 441 615 μείιι
465 537 520 612 τίον
542 533 669 617 δωρεύνς
694 535 765 618 Quo
786 537 895 604 minue
917 535 1045 602 dubites
1069 534 1232 602 eonaidera
1253 531 1378 600 τούτων.
1419 536 1457 604 ln
1481 533 1557 600 loeo

359 645 499 731 genuino
529 647 634 708 τοῦτο
665 649 740 708 sunt
771 643 944 730 benefacta.
969 647 1097 729 propter
1120 662 1201 728 quae
1223 640 1297 707 data
1319 648 1368 707 est
1389 664 1408 708 a
1431 639 1557 728 populo

361 751 378 825 οἱ
402 748 543 814 artasia.
590 748 628 813 ln
650 747 720 814 loeo
743 751 851 835 spurio
874 753 980 814 τοῦτον
1002 747 1137 816 refertur
1160 747 1200 814 ad
1219 753 1362 813 τοσούτω
1380 745 1455 813 ὅτων
1475 748 1556 821 etm-

361 854 455 920 κίοιτε
478 858 603 940 praeter
625 851 767 921 Oratorie
789 856 988 920 sententiam.

406 1063 485 1150 Pag.
519 1060 593 1131 478.
627 1060 682 1127 27.
714 1061 845 1142 λέγεται
869 1063 966 1128 τοίνυν
990 1061 1099 1134 ἐκεῖνος
1126 1059 1380 1148 (Themistoclea)
1402 1063 1553 1146 τειχίζειν

360 1170 452 1234 cerev
481 1177 544 1239 τοῖο
575 1168 721 1243 τολίτοιιο
744 1167 802 1234 κίον
824 1169 998 1250 ύφιιινῆτιοί
1020 1190 1067 1240 τις
1091 1165 1125 1231 ἐν
1148 1165 1380 1245 Λιιιιεδοιίμονοο
1402 1171 1554 1250 ιιιοτίχειν

363 1275 559 1358 [κελεύοιεο],
592 1273 732 1356 οίχετύιιι
763 1273 940 1356 πρεσβεύων
970 1273 1065 1345 οιύτὸο
1095 1275 1133 1342 ὥς
1169 1272 1240 1346 τοὺς
1277 1273 1552 1352 Λακεδαιμονίους.

362 1379 401 1444 In
423 1381 475 1446 hia
497 1379 644 1462 τειχίζειν
664 1381 755 1445 είτύν
774 1385 822 1446 eat
840 1379 987 1461 τειχίζειν
1006 1379 1176 1458 κελεύσας,
1197 1379 1282 1445 unde
1300 1375 1338 1444 fle
1357 1385 1395 1446 ut
1412 1380 1553 1447 altarum

362 1485 513 1558 κελεύοιτο
537 1489 605 1552 aine
628 1506 719 1552 mora
740 1487 782 1574 eit
803 1485 1028 1551 inducendum.

407 1590 530 1658 Iterum
560 1613 623 1658 non
653 1590 880 1658 intellexerunt
911 1589 1058 1673 τειχίζειν
1089 1591 1180 1656 είτὲον
1213 1591 1266 1654 uui
1301 1591 1448 1673 κατέχειν
1485 1614 1553 1662 eene

363 1699 547 1777 eoniuneta,
590 1703 624 1764 et
664 1695 844 1764 luculenter
887 1701 1018 1782 apparet
1051 1715 1147 1782 quam
1180 1696 1296 1762 leviter
1331 1697 1461 1764 κελεύων
1495 1706 1553 1766 eut

362 1803 513 1876 κειεύτιις
538 1808 594 1869 ant
617 1803 722 1870 simile
746 1803 824 1890 quid
848 1803 999 1869 ediieient
1021 1801 1112 1869 eeioli
1136 1801 1175 1868 de
1198 1822 1266 1868 suo.

408 2009 486 2099 Peg.
511 2010 587 2078 480.
610 2011 663 2078 12.
685 2013 888 2098 perineptum
907 2016 939 2076 et
959 2010 1133 2077 absurdum
1153 2009 1313 2076 emblema
1329 2009 1432 2077 adhue
1443 2011 1551 2078 latuit.

363 2113 513 2182 Primum
544 2117 651 2186 loeum
684 2117 889 2184 emendatum
920 2136 1114 2202 proponam,
1149 2116 1262 2181 deinde
1296 2115 1552 2184 additamentum

365 2221 539 2288 ostendum.
585 2223 760 2310 Postquam
783 2243 834 2288 res
856 2242 876 2287 a
899 2219 1037 2288 Chabria
1058 2219 1217 2307 praeclare
1235 2226 1342 2308 gestae
1360 2243 1553 2292 commemo-

363 2328 448 2392 ravit
478 2331 585 2416 pergit
615 2331 661 2394 ita
687 2330 806 2394 dicare:
832 2326 1023 2393 καὶτούτων
1047 2327 1171 2392 τοίντων
1195 2327 1277 2404 ὑμῶν
1300 2328 1376 2401 τινες
1398 2329 1552 2412 μάρτυρές

364 2432 424 2496 είτί
453 2457 515 2511 μοι.
562 2432 689 2522 Viginti
720 2439 752 2499 et
782 2433 923 2520 amplius
954 2435 1028 2500 anni
1051 2435 1276 2519 praeterierant
1298 2433 1383 2510 μετὰ
1405 2437 1461 2510 τὴν
1483 2438 1552 2518 τερί

363 2536 468 2613 Νύξον
500 2539 683 2620 ναυμαχίαν
710 2560 811 2625 quum
833 2539 911 2605 haee
934 2541 968 2604 in
991 2539 1110 2604 iudicio
1135 2538 1322 2604 dicerentur.
1369 2537 1453 2608 Sein’
1476 2541 1585 2628 quid¹

363 2643 398 2706 in
428 2642 519 2709 libris
549 2641 613 2709 ait?
643 2665 758 2730 nempe
790 2645 871 2723 ὑμῶν
901 2645 979 2718 τινὲς
1005 2647 1044 2728 [el
1068 2643 1293 2730 τρεσβύτοιτοι]
1318 2644 1470 2729 μάρτυρές
1493 2649 1555 2714 είσί

364 2769 427 2822 μοι.
473 2745 712 2835 comparandus
743 2755 790 2816 eet
820 2749 910 2816 loeua
940 2772 1013 2840 pag.
1049 2748 1125 2818 540.
1158 2749 1210 2816 13.
1235 2751 1287 2816 κοί
1312 2752 1404 2818 ταῦτ’
1427 2753 1472 2822 iel
1496 2755 1554 2832 μὲν

366 2853 507 2940 τοιλιιιοί,
531 2851 612 2933 ὅμως
635 2854 667 2921 δὲ
691 2878 777 2930 τινιις
802 2857 885 2934 ὑμῶν
907 2856 1104 2937 μνημονεύειν
1127 2853 1224 2935 οίμοιι.

408 3061 488 3152 Peg.
514 3063 591 3132 481.
616 3065 670 3132 28.
694 3066 748 3132 ιοοοί
771 3069 832 3144 μὶιν
856 3065 908 3131 nal
932 3066 1006 3132 ιιοιτ’
1030 3067 1124 3132 ἐκεῖνο
1148 3063 1250 3142 ἀνάξι’
1272 3063 1312 3130 ἂν
1336 3065 1381 3142 ein
1400 3071 1553 3142 τετονίὼο

365 3167 379 3231 i
408 3177 484 3242 ταῖς
513 3169 551 3258 [εί
573 3179 628 3246 τῆς
653 3171 764 3253 δωρεᾶς
789 3172 1001 3258 οὶφοιιρείείη]
1027 3172 1093 3236 ιιιιί’
1117 3163 1192 3236 ύ-
1212 3170 1327 3244 ούδενύς
1352 3173 1466 3239 πώποθ’
1490 3177 1553 3248 υίὸς

364 3275 494 3356 ὀρφανὸς
526 3276 564 3342 δι’
590 3277 700 3342 ἐκεῖνον
721 3275 921 3363 (Chabriam)
945 3277 1077 3356 ἐγένετο.
1123 3276 1256 3364 ΕιιριιΠθ
1278 3275 1442 3346 inficetum
1466 3279 1555 3346 addi·

364 3383 556 3447 tamentnm.
602 3380 667 3448 Suo
698 3403 731 3448 ee
754 3382 872 3448 indieio
895 3381 1012 3448 sciolus
1033 3382 1190 3468 prodidit,
1215 3385 1271 3469 qui
1292 3386 1474 3470 genitivum
1497 3394 1553 3462 τῆς

365 3484 476 3566 δωρεᾶς
507 3486 690 3574 aequalium
719 3507 807 3554 more
840 3488 956 3554 dixerit
988 3508 1088 3574 quum
1118 3493 1240 3555 veteres
1264 3494 1442 3556 eenatanter
1464 3512 1555 3558 aecu-

368 3593 471 3659 sativo
493 3595 528 3658 in
550 3613 587 3658 ea
611 3613 645 3658 re
669 3599 814 3660 utantur.

412 3801 493 3889 Pag.
525 3799 601 3867 482.
634 3800 666 3867 3.
699 3798 774 3868 ούτω
806 3801 870 3881 γὰρ
900 3805 939 3875 ὥς
969 3802 1088 3876 οίλνύῶο
1110 3801 1218 3882 ἔμοιγε
1240 3805 1388 3885 Φοιίνετοιι
1412 3805 1553 3884 βεβαίως

367 3916 461 3972 linc
492 3909 601 3982 ἐκεῖνος
629 3906 796 3990 Φιλίτολις
827 3908 892 3974 uri.
939 3909 1159 3996 Expungenda
1190 3915 1238 3976 eat
1271 3910 1407 3978 molesta
1439 3912 1553 3978 vocula

367 4037 432 4084 τωο
462 4012 496 4078 id
526 4020 574 4080 est
599 4013 706 4094 τρίτον
728 4013 813 4088 τινιί,
837 4034 917 4100 quae
940 4019 988 4080 est
1011 4018 1211 4082 extenuantia
1235 4021 1267 4082 et
1289 4018 1359 4081 vim
1382 4016 1552 4094 elevantia,

366 4139 429 4204 quo
449 4119 532 4184 nihil
555 4124 603 4185 eet
625 4139 644 4184 a
666 4118 889 4186 Demosthenis
911 4123 1019 4185 mente
1042 4125 1074 4186 et
1097 4123 1253 4188 sententia
1274 4121 1421 4189 alieuius.

411 4324 492 4412 Peg.
524 4325 600 4391 485.
632 4325 659 4391 2.
695 4329 911 4409 ψηφισμάτων
942 4327 966 4394 δ’
997 4328 1058 4395 οὐδ’
1085 4330 1181 4396 ύτιοῡν
1205 4330 1396 4414 διαφέρουσιν
1419 4331 1445 4397 οἱ
1469 4331 1551 4409 νίμοι

360 4430 450 4496 ἀλλὰ
478 4431 660 4513 νεώτεροι
685 4433 710 4497 οί
736 4432 818 4511 νίμοι
845 4434 915 4500 καθ’
939 4431 988 4507 ούς
1011 4435 1056 4501 vei
1076 4436 1278 4520 ψυφίομιιτιι
1302 4435 1552 4520 astypalaeam
