3410 5180
332 532 397 599 νῦν
420 529 471 598 ἐπὶ
494 533 547 596 τοῦ
571 529 716 611 βήματος
740 535 907 619 παιδευθῇ,
931 536 988 602 ubi
1009 536 1127 604 Reieke
1149 537 1238 602 ώλλθι
1261 540 1311 603 νῦν
1334 561 1374 616 γε
1391 555 1519 624 repone-

327 638 400 716 bat,
432 641 470 702 ut
502 637 585 724 apud
612 639 810 707 Andocidem
833 646 882 706 est
904 663 978 730 pag.
1003 641 1059 708 23.
1085 639 1117 709 7.
1141 642 1226 724 εἰπερ
1248 667 1278 708 τι
1308 644 1419 709 ιίλλιί
1451 648 1517 708 νῦν

326 769 374 824 γε
405 749 518 828 φρονῶν
548 745 714 828 τυγχιίνω.
761 746 918 833 Exempla
952 769 970 814 e
999 751 1102 835 politis
1131 747 1304 816 Elmeleiue
1334 749 1446 816 attulit
1476 748 1517 814 ad

325 851 464 915 Medeam
485 871 534 919 vs.
558 848 633 917 882.

576 955 670 1037 ἔγνως
695 956 727 1023 δὲ
750 958 806 1034 τήν
830 960 1134 1042 exscrescentis&
1157 957 1265 1043 χρθνιρ.

368 1059 469 1150 Saepe
491 1063 525 1128 in
547 1063 598 1129 his
621 1070 752 1150 peccant
773 1065 910 1145 scribae,
933 1067 989 1152 qui
1012 1068 1048 1131 in
1069 1066 1282 1153 Aristophane
1301 1070 1333 1132 ct
1352 1066 1514 1133 Andocide

321 1165 417 1234 ἄλλο
441 1173 492 1234 νῦν
514 1169 760 1237 substituerunt.
796 1167 1008 1238 Correxerunt
1031 1172 1144 1240 lllmsl.
1169 1172 1194 1239 1.
1208 1171 1230 1237 l.
1252 1177 1285 1240 et
1303 1171 1514 1239 Schneider-ue

322 1275 363 1340 ed
386 1275 546 1362 θρσυρωεώ.
570 1274 654 1342 Vm.
680 1273 712 1343 8.
739 1275 793 1344 19.

364 1483 444 1572 Pag.
476 1481 531 1551 40.
563 1482 596 1551 4.
630 1487 655 1551 εἰ
687 1487 745 1565 μὲν
776 1486 882 1569 ήρεσκὲ
914 1487 947 1554 τί
978 1512 1029 1568 ρωι
1058 1493 1117 1554 τῶν
1147 1489 1206 1555 ὑπὸ
1231 1486 1348 1555 τούτων
1369 1488 1513 1571 ῥηθέντων

321 1589 458 1671 ήσυχθαν
480 1588 519 1656 ἰιν
543 1588 637 1669 ήγσν,
663 1593 688 1657 εἰ
712 1592 744 1657 δί
767 1594 830 1673 μή,
855 1590 921 1659 τότ’
946 1592 985 1660 ἂν
1009 1594 1103 1666 αὐτὸς
1121 1595 1290 1675 ἐπειρώμην
1309 1586 1331 1660 t
1349 1594 1512 1674 γιγνώσκω

254 1777 258 1782 ¹
318 1695 433 1774 λέγειν.
480 1694 562 1762 Vere
593 1697 690 1764 lectio
724 1704 757 1764 et
789 1700 824 1766 in
859 1697 958 1766 Oodd.
990 1699 1153 1766 nonnullis
1184 1705 1309 1768 servata
1339 1705 1387 1766 eet
1415 1706 1448 1767 et
1477 1704 1513 1766 iu

317 1800 496 1868 Prooemiie
515 1823 591 1891 pag.
619 1801 717 1870 1418.
741 1803 807 1871 τότ’
830 1803 869 1870 ἂν
893 1815 965 1872 ΚΑΙ
990 1806 1085 1880 αὐτὸς
1111 1807 1288 1888 ἐπειρώμην.
1342 1805 1401 1872 Fet
1423 1809 1513 1872 euim

318 1905 412 1981 αὐτός
443 1913 522 1992 ipsc,
555 1908 591 1974 id
622 1914 670 1976 eet
694 1912 729 1977 σύ
751 1910 791 1977 δι’
815 1911 916 1992 ἐτέρου
939 1932 1003 1979 non
1025 1933 1082 2000 per
1105 1913 1262 1988 alterum,
1287 1911 1339 1978 καί
1364 1911 1457 1986 αώτθς
1483 1921 1514 1977 et

315 2013 396 2098 ipse,
427 2012 462 2080 id
489 2019 537 2080 eet
557 2014 647 2096 ιαίγώ
668 2015 755 2096 μετὰ
777 2016 849 2093 τοὺς
873 2014 1007 2097 ἄλλους,
1030 2039 1090 2107 ego
1114 2039 1238 2105 quoque
1260 2023 1333 2104 post
1355 2019 1506 2105 reliquos.

360 2221 442 2313 Peg.
470 2221 526 2292 42.
560 2222 592 2291 6.
627 2223 666 2291 ἰιν
697 2223 809 2299 ἔνατος
842 2226 989 2305 ὑμῶν-
1010 2230 1118 2293 πᾶσαν
1149 2226 1245 2308 ιίφείς
1275 2230 1330 2304 τήν
1361 2227 1513 2311 εἰρωνείαν

317 2325 437 2410 ἕτοιμος
462 2329 640 2416 [πράττειν]
664 2329 783 2413 ώπιίρξη
806 2332 820 2398 θ
845 2331 904 2410 μὲν
926 2333 1068 2414 χρήματ’
1092 2331 1173 2414 ἔχων
1196 2334 1365 2416 εἰσφέρειν,
1390 2335 1404 2400 θ
1429 2334 1456 2400 δ’
1479 2337 1511 2400 ἐν

317 2435 423 2521 ήλιιιίμ
446 2437 657 2514 τρατεώεσθαι.
704 2436 741 2502 ln
763 2458 828 2504 uno
850 2438 933 2504 libro
958 2437 1104 2518 πρώτσειν
1129 2461 1147 2506 c
1169 2441 1275 2526 prima
1292 2461 1391 2506 mauu
1414 2441 1511 2506 omis·

316 2561 390 2606 sum
413 2546 472 2609 est.
518 2542 641 2621 Sensit,
674 2543 783 2622 credo,
818 2547 973 2610 corrector
997 2543 1113 2630 aliquis
1138 2547 1260 2611 acutior
1281 2545 1455 2612 molestum
1476 2553 1511 2612 et

314 2647 536 2733 importunum
566 2645 714 2730 πρήσσειν
743 2647 913 2716 delendum
945 2670 1012 2715 esse
1043 2654 1076 2715 et
1100 2652 1300 2717 coniunxisse
1321 2651 1510 2718 Demosthe-

314 2773 389 2818 nem
413 2748 532 2833 ἕτοιμος
553 2791 596 2803 -
615 2755 765 2835 εἰσφέρειν
787 2792 830 2803 -
850 2755 1067 2837 ςρατεώεσθαι,
1094 2777 1174 2841 quas
1199 2757 1282 2822 mihi
1301 2756 1432 2842 quidem
1453 2779 1510 2825 ve·

314 2860 442 2925 riseirna
459 2859 587 2927 videtur
606 2860 855 2928 animadversio:
874 2861 1022 2942 πράττειν
1035 2864 1122 2927 enim
1134 2884 1234 2950 neque
1251 2863 1315 2930 loci
1333 2867 1510 2932 sententiae

314 2969 427 3052 aptum
450 2970 499 3032 est
520 2987 622 3053 neque
644 2969 679 3032 in
702 2967 853 3051 εἰσφέρειν
875 2971 908 3034 st
930 2967 1133 3050 ςρατεύεσθιιι
1159 2969 1263 3036 dividi
1284 2975 1399 3056 potest.

359 3174 471 3242 Mouet
494 3175 576 3242 mihi
598 3178 811 3263 suspicionem
836 3176 920 3263 quod
942 3175 1010 3244 illia
1032 3179 1260 3264 interpositum
1284 3183 1333 3245 est
1355 3200 1429 3268 pag.
1450 3177 1507 3254 42,

315 3280 369 3346 10.
393 3280 547 3348 συνελόντι
579 3279 607 3346 δ’
637 3281 773 3371 [ιίπλῶι]
805 3282 839 3358 ήν
865 3283 947 3362 ὑμῶν
971 3285 1072 3350 αὐτῶν
1096 3285 1260 3361 ἐθελήσητε
1284 3284 1426 3365 γενέσθαι
1451 3281 1505 3351 καί

314 3385 474 3463 παύσησθε
497 3389 589 3462 αὐτὸς
613 3387 671 3468 μὲν
693 3387 776 3454 οὐδὲν
798 3386 908 3464 ἔκαε-σι
930 3393 1064 3468 ποιήσειν
1083 3388 1227 3471 ἐλπίζων,
1251 3390 1303 3456 τὸν
1324 3391 1355 3456 δὲ
1377 3391 1507 3466 πλησίυν

312 3601 421 3666 omnia
447 3605 523 3666 eunt
551 3603 586 3665 in
616 3601 772 3667 συνελθντι
804 3600 845 3666 cl.
894 3601 1050 3668 Dicebant
1072 3603 1203 3669 συνελών
1230 3600 1334 3688 λέγω,
1354 3603 1393 3676 otc
1418 3627 1505 3669 συνε·

310 3702 397 3772 λθντι
421 3706 447 3772 δ’
470 3707 584 3786 εἰπεῖν,
609 3705 763 3774 συνελόντι
787 3707 834 3787 δέ,
859 3707 916 3773 ubi
939 3710 1010 3792 quie
1031 3711 1139 3775 omnic
1155 3709 1264 3793 paucio
1283 3710 1503 3792 complectitur,

310 3810 405 3878 etde
436 3817 503 3880 tota
532 3833 566 3878 re
589 3813 700 3896 paccio
729 3813 873 3898 υἰεοθνίι,
897 3814 932 3877 in
956 3834 1019 3899 quo
1043 3815 1194 3880 θνινίθσθίν
1216 3817 1323 3894 notio,
1347 3835 1411 3881 non
1433 3816 1505 3882 εἰσι-

306 3915 471 4000 puritatis,
506 3919 694 3984 continetur.
739 3917 867 4005 Duplex
898 3923 947 3984 est
969 3921 1003 3984 in
1025 3919 1118 3986 libris
1142 3920 1299 3987 formulae
1320 3920 1431 4008 paullo
1455 3943 1504 3988 ra·

308 4024 401 4090 riorie
419 4023 640 4111 interpolatio:
661 4023 718 4090 alii
737 4022 892 4091 συνελθντι
908 4024 936 4090 δ’
953 4025 1061 4098 ώπλώς
1080 4027 1250 4107 exhibent,
1270 4027 1327 4093 alii
1345 4026 1502 4095 συνελόντι

309 4127 337 4194 θ’
361 4129 470 4203 ιίπλῶι
501 4131 607 4195 εἰπεῖν.
653 4129 871 4218 Repudistnm
902 4136 950 4198 est
980 4133 1051 4199 iure
1072 4133 1169 4198 εἰπεῖν
1191 4134 1247 4200 sed
1270 4133 1377 4206 θπλώι
1401 4134 1503 4202 simul

307 4240 375 4302 erat
403 4236 646 4323 repudiandum.
692 4235 861 4304 Praeterea
887 4239 1003 4323 quibus
1034 4237 1073 4306 de
1097 4241 1200 4306 causis
1223 4261 1318 4327 supra
1340 4261 1398 4327 pro
1421 4240 1500 4323 χρή-

307 4342 399 4417 σησθε
421 4342 591 4409 uidsbatur
612 4344 745 4422 χρῆσθαι
765 4365 833 4410 sese
850 4344 1085 4431 reponendum,
1105 4344 1222 4412 iisdem
1239 4347 1271 4412 h.
1284 4345 1307 4412 l.
1326 4348 1502 4432 requiritur

305 4447 359 4514 καί
388 4447 608 4515 ostracon!
638 4469 696 4535 pro
726 4449 778 4516 καί
811 4450 981 4528 παύσησθε.
1027 4451 1116 4520 Haec
1141 4454 1244 4540 igitur
1268 4452 1499 4521 Demosthenes
