3410 5180
676 349 683 368 '
729 371 792 445 rat

167 567 310 634 Dobraeo
335 569 495 634 videntur.
544 567 701 654 Equidem
723 588 789 633 una
809 567 908 634 litura
930 567 1112 635 deleverim.
1161 567 1266 649 Quam
1291 569 1351 637 fer·

166 673 243 739 vida
272 679 346 740 sunt
368 677 473 760 priora
496 695 595 760 usque
622 675 662 741 sd
685 675 735 739 ἐπὶ
761 677 816 750 την
843 673 989 749 ’λττικην
1012 673 1159 755 ἐπορεύεθ’
1184 671 1350 755 άνθρωπος,

41 825 51 836 .
167 785 234 844 tam
273 781 393 868 frigent
426 780 558 869 reliqua.
628 780 663 848 Si
696 781 866 868 Philippus
900 781 1014 847 infesto
1049 783 1190 878 exercitu
1222 781 1350 867 petebat

165 886 323 964 Athenas,
356 875 453 971 quam
484 887 612 953 fatuum
635 893 683 953 est
706 888 819 954 addere
844 910 931 966 „noa
953 895 1020 952 crat
1040 881 1237 972 amplicem
1260 887 1350 952 ambi·

161 1016 240 1079 ρνο,
262 995 316 1058 aed
337 993 469 1058 νἰωόιιόοό
493 992 630 1058 όιόόαιν.”
677 993 745 1073 Quo
767 998 876 1081 pacto,
901 1014 1033 1080 quaeso,
1057 994 1187 1058 ν’νιεόοόοό
1210 993 1348 1073 bellum,

165 1101 249 1188 qnod
271 1099 442 1186 Philippus
465 1121 593 1166 summa
614 1101 648 1166 vi
671 1121 781 1188 gerere
804 1097 942 1168 dicitnri

212 1310 291 1396 Peg.
319 1306 395 1374 277.
419 1307 451 1373 2.
477 1307 658 1388 προβληθεὶς
682 1307 866 1390 πυλαγόρας
886 1304 970 1381 οὗτος
993 1308 1076 1394 [καὶ]
1095 1314 1180 1389 τριῶν
1201 1309 1218 1384 ἢ
1239 1305 1352 1374 τεττά-

167 1438 221 1494 ρων
252 1413 526 1495 χειροτονησάντων
556 1414 650 1479 αὐτὸν
675 1413 826 1493 άνερρηθη.
882 1412 918 1480 Si
940 1414 1000 1480 hoc
1023 1435 1099 1502 eges
1121 1413 1214 1480 facile
1235 1415 1352 1481 senties

165 1519 335 1588 molestam
359 1518 507 1606 copulam
530 1521 671 1608 expungi
694 1526 844 1605 oportere.

210 1731 289 1820 Pag.
315 1727 393 1796 277.
419 1727 449 1792 3.
473 1731 512 1802 ὥς
535 1729 566 1795 δέ
580 1767 622 1778 -
636 1728 769 1810 άφῖκετο
789 1731 831 1800 εἷς
852 1728 922 1803 τοὺς
943 1728 1176 1810 Ἀμφικτύονας
1191 1769 1232 1780 -
1245 1729 1352 1812 άνθρά·

166 1861 239 1908 πους
272 1836 414 1916 άπεόρους
446 1833 548 1914 λόγων
580 1834 631 1900 καὶ
663 1839 699 1900 τό
728 1834 844 1912 μέλλον
871 1837 905 1900 οὐ
929 1836 1145 1917 προορωμένους
1171 1838 1257 1924 [τοὺς
1281 1838 1352 1916 ispo·

165 1944 338 2029 μνήμονας]
374 1943 470 2008 πεόθει
504 1940 707 2022 ψηφόσασθαι
742 1941 908 2021 περιελθεῖν
939 1941 994 2016 την
1024 1943 1140 2023 χώραν.
1193 1943 1265 2009 Non
1287 1962 1351 2008 uno

165 2055 355 2139 argumento
378 2050 521 2133 ineptum
543 2046 702 2111 emblema
721 2048 877 2134 arguitur.
916 2047 1066 2114 Primum
1085 2047 1221 2114 alienam
1242 2049 1349 2114 sedem

166 2161 314 2242 occupat:
350 2154 463 2238 deinde
491 2174 553 2219 non
578 2152 660 2218 soloe
683 2153 898 2231 ἱερομνήμονας
923 2152 976 2219 sed
1000 2153 1218 2236 άμφιντόονας
1241 2173 1351 2220 omnes

166 2262 214 2346 (id
245 2267 292 2326 est
324 2265 356 2326 et
387 2260 604 2339 ἱερομνήμονος
636 2263 667 2324 et
697 2258 895 2340 πυλαγόρας)
933 2279 1181 2326 commemorare
1206 2259 1350 2324 debebat.

166 2366 228 2434 Sed
258 2366 342 2432 nihil
375 2371 443 2433 crat
474 2385 568 2451 opus,
596 2366 672 2450 quia
693 2364 788 2430 modo
812 2364 935 2431 dixerat
958 2366 1091 2449 άφόκετο
1115 2365 1156 2436 εἷς
1180 2364 1250 2438 τοὺς
1273 2367 1351 2441 Ἀμ-

164 2474 344 2555 Φιατύονας.

209 2683 290 2772 Png.
313 2679 391 2747 285.
415 2678 470 2746 20.
495 2682 521 2746 ri
546 2679 576 2745 δέ
602 2680 776 2767 (παρελθεῖν
800 2678 871 2767 ἔδει)
894 2681 964 2756 τοὺς
988 2681 1041 2746 καὶ
1064 2680 1167 2756 εὔνους
1190 2690 1229 2764 τη
1259 2678 1349 2746 πόλει

166 2788 217 2853 καὶ
250 2787 412 2859 πλουσθους
446 2785 599 2876 (ἐβάδιζον
630 2786 668 2854 άν
699 2787 749 2852 ἐπὶ
783 2788 817 2853 ri
847 2787 954 2876 βῆμα)
987 2789 1012 2853 oi
1045 2787 1131 2866 μετά
1161 2793 1266 2852 ταῦτα
1290 2786 1351 2855 τάς

164 2893 313 2974 μεγάλας
347 2892 495 2965 ἐπιδόσεις
528 2892 680 2966 ἐπιδόντες
714 2893 781 2977 [καὶ
814 2903 892 2958 ΓΑΡ
920 2895 1020 2978 εὐνοόρι
1043 2894 1094 2959 καὶ
1120 2895 1243 2976 πλοότιρ
1267 2893 1350 2958 τοῦτ’

165 2999 337 3088 croiacus}
387 2999 491 3079 Quam
521 3001 664 3064 risissent
693 2999 900 3066 Athenienses
930 3003 956 3066 οό
988 3002 1111 3066 πάντων
1137 3000 1280 3079 ὀξύτατοι
1307 2998 1351 3063 τά

163 3107 291 3191 ρἠθέντα
316 3112 447 3185 γνῶναι,
471 3107 499 3170 si
523 3107 593 3192 quis
615 3104 692 3170 haec
716 3108 796 3171 serio
820 3105 1003 3173 addidisset.

209 3317 289 3406 Pag.
315 3314 391 3382 286.
417 3314 471 3381 20.
493 3314 643 3393 βούλεται
657 3353 698 3366 -
711 3315 782 3387 τοὺς
806 3315 863 3393 μέν
886 3315 995 3380 ἑαυτοῦ
1014 3315 1125 3396 Φθλους
1146 3316 1259 3398 ἐπᾶραι
1281 3315 1349 3402 [καὶ

166 3425 284 3502 θρασεῖς
318 3425 473 3505 acesium,
506 3423 575 3495 τοὺς
609 3421 634 3486 δ’
663 3420 906 3498 ἐναντιουμένους
931 3418 1147 3496 καταπλῆξαι.
1194 3420 1350 3507 Superva-

164 3551 259 3597 cuum
293 3527 545 3594 additamentum
575 3526 637 3594 looi
672 3529 864 3594 concinnitas
898 3529 1030 3612 respuit.
1077 3527 1228 3608 Ἐπιῖραι,
1265 3528 1350 3613 qnod

163 3639 270 3722 ipsum
301 3632 461 3721 significat
485 3634 604 3713 θρασεῖς
629 3641 769 3705 ποιεῖται.
793 3639 861 3699 tam
885 3632 971 3700 mele
993 3633 1070 3699 baec
1092 3634 1190 3700 verba
1211 3634 1274 3699 sibi
1296 3635 1351 3700 ad·

163 3742 230 3807 dita
262 3740 357 3805 hsbst
390 3758 428 3805 ac
449 3741 477 3804 si
499 3741 533 3803 in
556 3760 621 3824 sqq.
648 3740 852 3806 scriberetur:
877 3737 1080 3816 καταπλῆξαι
1106 3738 1157 3804 καὶ
1182 3741 1224 3812 εἷς
1249 3738 1350 3818 Φόβον

164 3853 357 3921 κατατεῖναι.
406 3839 571 3910 Concitata
592 3847 693 3910 oratic
715 3844 796 3910 hanc
819 3845 1045 3912 verbositatem
1068 3866 1129 3911 non
1153 3845 1307 3912 admittit.

208 3951 376 4018 Praeterea
406 3949 458 4013 ιιαδ
490 3948 608 4027 θρασεῖς
640 3957 764 4025 ποιῆσαι
794 3951 828 4014 in
859 3949 950 4016 libris
972 3955 1079 4017 mutat
1102 3950 1227 4030 locum,
1251 3957 1290 4018 ut
1312 3973 1350 4019 se

162 4058 264 4125 solent
286 4077 366 4142 quae
390 4057 423 4120 in
447 4057 592 4142 margine
614 4053 692 4120 olim
717 4055 874 4141 adscripta
897 4055 1034 4121 fuerunt.

208 4269 289 4356 Pag.
322 4265 399 4335 287.
432 4262 488 4331 20.
522 4263 554 4329 τό
584 4258 633 4330 οὖν
663 4262 748 4344 φημὶ
783 4263 862 4340 δεῖνς
895 4269 1010 4342 πρῶτον
1038 4265 1096 4341 μέν
1126 4265 1177 4331 τδν
1211 4268 1349 4349 παρόντα

164 4378 321 4441 ἐπανεῖναι
346 4370 464 4455 φόβον,
480 4409 521 4422 -
535 4369 632 4436 ἔπειτ’
654 4367 833 4445 ἐξελθόντας
848 4367 1001 4444 -δεῖξαι
1020 4373 1115 4435 πάοιν
1136 4373 1218 4448 ὑμᾶς
1238 4376 1349 4451 αὐτοὺς

165 4481 242 4570 (leg.
267 4479 317 4546 καὶ
341 4477 468 4566 αὐτοὺς)
491 4479 603 4550 ἐντοῖς
623 4473 728 4548 ὅπλοις
748 4471 843 4555 εἶναι,
859 4512 898 4526 -
913 4476 998 4556 μετά
1018 4481 1122 4542 ταῦτα
1141 4491 1350 4561 χειροτονεῖται

1180 4589 1208 4634 οι
